{"gold_per_floor":[115,131,150,5,25,25,35,35,62,97,116,116,13,37,37,140,140,153,203,80,97,97,97,130,130,154,154,59,71,20,33,33,130,130,142,152,171,121,140,140,140,170,170,188,200,79,96,111,111,111],"floor_reached":51,"playtime":5959,"items_purged":["Strike_B","Strike_B","Strike_B","Strike_B","Defend_B","Defend_B"],"score":849,"play_id":"6adbef42-003b-4159-b16b-438bc77981dc","local_time":"20190713025635","is_ascension_mode":true,"campfire_choices":[{"data":"Defragment","floor":6,"key":"SMITH"},{"data":"Zap","floor":8,"key":"SMITH"},{"data":"Defragment","floor":15,"key":"SMITH"},{"data":"Redo","floor":25,"key":"SMITH"},{"floor":32,"key":"REST"},{"data":"Seek","floor":40,"key":"SMITH"},{"floor":49,"key":"REST"}],"neow_cost":"NONE","seed_source_timestamp":62119884643500,"circlet_count":0,"master_deck":["Defend_B","Defend_B+1","Zap+1","Dualcast+1","Cold Snap","Ball Lightning","Barrage","Defragment+1","Cold Snap","Compile Driver","Defragment+1","Redo+1","Ball Lightning","Seek+1","Redo","Reinforced Body","Auto Shields","Reinforced Body","Defragment","Turbo","Coolheaded+1","Conserve Battery","Coolheaded+1","Core Surge","Hologram+1","Leap","Conserve Battery+1","Blind","Machine Learning","Turbo","Defragment","Auto Shields","Glacier","Hologram+1","Ball Lightning+1"],"relics":["Inserter","Smiling Mask","Anchor","Vajra","Sozu","Nilry\u0027s Codex","Dream Catcher","Ancient Tea Set","Centennial Puzzle","Meat on the Bone"],"potions_floor_usage":[16],"damage_taken":[{"damage":1,"enemies":"Cultist","floor":1,"turns":3},{"damage":2,"enemies":"2 Louse","floor":2,"turns":3},{"damage":0,"enemies":"Jaw Worm","floor":3,"turns":4},{"damage":24,"enemies":"Exordium Thugs","floor":5,"turns":5},{"damage":4,"enemies":"Red Slaver","floor":7,"turns":4},{"damage":0,"enemies":"Lagavulin","floor":10,"turns":6},{"damage":0,"enemies":"Large Slime","floor":11,"turns":5},{"damage":6,"enemies":"The Guardian","floor":16,"turns":8},{"damage":0,"enemies":"3 Byrds","floor":18,"turns":4},{"damage":3,"enemies":"Shell Parasite","floor":21,"turns":3},{"damage":16,"enemies":"Slavers","floor":24,"turns":6},{"damage":2,"enemies":"Centurion and Healer","floor":29,"turns":8},{"damage":20,"enemies":"3 Cultists","floor":31,"turns":6},{"damage":0,"enemies":"Champ","floor":33,"turns":9},{"damage":3,"enemies":"3 Darklings","floor":35,"turns":5},{"damage":0,"enemies":"Orb Walker","floor":36,"turns":5},{"damage":9,"enemies":"Maw","floor":37,"turns":7},{"damage":0,"enemies":"Writhing Mass","floor":39,"turns":8},{"damage":6,"enemies":"Nemesis","floor":42,"turns":11},{"damage":2,"enemies":"Sphere and 2 Shapes","floor":44,"turns":5},{"damage":1,"enemies":"Jaw Worm Horde","floor":45,"turns":5},{"damage":40,"enemies":"3 Darklings","floor":47,"turns":7},{"damage":0,"enemies":"4 Shapes","floor":48,"turns":7},{"damage":22,"enemies":"Time Eater","floor":50,"turns":13}],"seed_played":"2681980639933721815","potions_obtained":[{"floor":7,"key":"PowerPotion"},{"floor":16,"key":"Energy Potion"}],"is_trial":false,"path_per_floor":["M","M","M","$","M","R","M","R","T","E","M","?","$","T","R","B",null,"M","?","$","M","?","?","E","R","T","?","$","M","$","M","R","B",null,"M","M","M","$","M","R","?","E","T","M","M","$","M","M","R","B",null],"character_chosen":"DEFECT","items_purchased":["Defragment","Ball Lightning","Reinforced Body","Turbo","Conserve Battery","Auto Shields"],"campfire_rested":2,"item_purchase_floors":[4,13,20,28,30,46],"current_hp_per_floor":[74,72,72,72,48,48,44,44,44,44,44,29,29,29,29,23,75,75,75,75,72,56,56,40,40,40,40,40,38,38,18,40,40,75,72,72,63,63,63,63,63,57,57,55,54,54,26,38,60,38],"gold":111,"neow_bonus":"BOSS_RELIC","is_prod":false,"is_daily":false,"chose_seed":false,"campfire_upgraded":5,"win_rate":0,"timestamp":1562954195,"path_taken":["M","?","M","$","M","R","M","R","T","E","M","?","$","?","R","BOSS","M","?","$","?","?","?","E","R","T","?","$","M","$","M","R","BOSS","M","M","M","$","M","R","?","E","T","M","M","$","M","M","R","BOSS"],"build_version":"2019-07-05","purchased_purges":6,"victory":true,"max_hp_per_floor":[75,75,75,75,75,75,75,75,75,75,75,75,75,75,75,75,75,75,75,75,75,75,75,75,75,75,75,75,75,75,75,75,75,75,75,75,75,75,75,75,75,75,75,75,75,75,75,75,75,75],"card_choices":[{"not_picked":["Barrage","White Noise"],"picked":"Cold Snap","floor":1},{"not_picked":["Coolheaded","Skim"],"picked":"Ball Lightning","floor":2},{"not_picked":["Go for the Eyes","Fission"],"picked":"Barrage","floor":3},{"not_picked":["Aggregate","Sweeping Beam"],"picked":"Cold Snap","floor":5},{"not_picked":["Sweeping Beam","Streamline"],"picked":"Compile Driver","floor":7},{"not_picked":["Self Repair","Conserve Battery"],"picked":"Defragment","floor":10},{"not_picked":["Stack","Recycle"],"picked":"Redo","floor":11},{"not_picked":["Multi-Cast","Meteor Strike"],"picked":"Seek","floor":16},{"not_picked":["Static Discharge","Aggregate"],"picked":"Redo","floor":18},{"not_picked":["Go for the Eyes","Genetic Algorithm"],"picked":"Auto Shields","floor":21},{"not_picked":["Steam Power","Coolheaded"],"picked":"Reinforced Body","floor":24},{"not_picked":["Reprogram+1","Blizzard"],"picked":"Coolheaded+1","floor":29},{"not_picked":["Beam Cell","Redo+1","Go for the Eyes"],"picked":"SKIP","floor":31},{"not_picked":["Undo","Sweeping Beam"],"picked":"Coolheaded+1","floor":32},{"not_picked":["Fission","Echo Form"],"picked":"Core Surge","floor":33},{"not_picked":["Turbo","Ball Lightning"],"picked":"Hologram+1","floor":35},{"not_picked":["Beam Cell+1","Steam+1","Ball Lightning"],"picked":"SKIP","floor":36},{"not_picked":["Streamline+1","Gash+1"],"picked":"Leap","floor":37},{"not_picked":["Genetic Algorithm+1","Auto Shields"],"picked":"Conserve Battery+1","floor":39},{"not_picked":["PanicButton","Swift Strike"],"picked":"Blind","floor":41},{"not_picked":["Streamline","Rip and Tear+1"],"picked":"Machine Learning","floor":42},{"not_picked":["Cold Snap","Go for the Eyes"],"picked":"Turbo","floor":44},{"not_picked":["Scrape+1","Rebound"],"picked":"Defragment","floor":45},{"not_picked":["Stack+1","Tempest"],"picked":"Glacier","floor":47},{"not_picked":["Coolheaded","Rainbow"],"picked":"Hologram+1","floor":48},{"not_picked":["Go for the Eyes","FTL+1"],"picked":"Ball Lightning+1","floor":49}],"player_experience":137770,"relics_obtained":[{"floor":9,"key":"Smiling Mask"},{"floor":10,"key":"Anchor"},{"floor":14,"key":"Vajra"},{"floor":22,"key":"Nilry\u0027s Codex"},{"floor":24,"key":"Dream Catcher"},{"floor":26,"key":"Ancient Tea Set"},{"floor":42,"key":"Centennial Puzzle"},{"floor":43,"key":"Meat on the Bone"}],"event_choices":[{"damage_healed":0,"gold_gain":0,"player_choice":"Entered Light","damage_taken":15,"max_hp_gain":0,"max_hp_loss":0,"event_name":"Shining Light","floor":12,"gold_loss":0,"cards_upgraded":["Defend_B","Dualcast"]},{"damage_healed":0,"gold_gain":100,"player_choice":"Bet on Murderer","damage_taken":0,"max_hp_gain":0,"max_hp_loss":0,"event_name":"The Joust","floor":19,"gold_loss":50},{"damage_healed":0,"gold_gain":0,"player_choice":"Obtained Book","damage_taken":16,"max_hp_gain":0,"max_hp_loss":0,"event_name":"Cursed Tome","floor":22,"gold_loss":0},{"damage_healed":0,"gold_gain":0,"player_choice":"Ignored","damage_taken":0,"max_hp_gain":0,"max_hp_loss":0,"event_name":"Vampires","floor":23,"gold_loss":0},{"damage_healed":0,"gold_gain":0,"player_choice":"Read","damage_taken":0,"max_hp_gain":0,"max_hp_loss":0,"event_name":"The Library","floor":27,"gold_loss":0,"cards_obtained":["Defragment"]},{"damage_healed":0,"gold_gain":0,"player_choice":"Memory 1","damage_taken":0,"max_hp_gain":0,"max_hp_loss":0,"event_name":"SensoryStone","floor":41,"gold_loss":0}],"is_beta":false,"boss_relics":[{"not_picked":["Orrery","Lizard Tail"],"picked":"Sozu"},{"not_picked":["Runic Dome","Fusion Hammer","Pandora\u0027s Box"]}],"items_purged_floors":[4,13,20,28,38,46],"is_endless":false,"potions_floor_spawned":[7,16,18,29,31,35,39,47],"ascension_level":2}