{"gold_per_floor":[118,88,101,112,130,156,59,71,94,72,72,101,116,134,134,237,237,177,177,177,177,102,102,102,102,102,102,102,102,102,17,17,17],"floor_reached":33,"playtime":2330,"items_purged":[],"score":274,"play_id":"84398b99-e6eb-41c0-af26-e245a16e20df","local_time":"20190703210034","is_ascension_mode":false,"campfire_choices":[{"floor":11.0,"key":"REST"},{"floor":15.0,"key":"REST"},{"data":"1","floor":23.0,"key":"LIFT"},{"data":"2","floor":27.0,"key":"LIFT"},{"data":"3","floor":32,"key":"LIFT"}],"neow_cost":"TEN_PERCENT_HP_LOSS","seed_source_timestamp":0,"circlet_count":0,"master_deck":["Defend_R","Defend_R","Defend_R","Bash","Cleave","Seeing Red","Twin Strike","Headbutt","Pommel Strike","Heavy Blade","Cleave","Feed","Flex","Combust","Thunderclap","Double Tap","Dual Wield","Bite","Bite","Bite","Bite","Bite","Feed","Flex+1","Armaments","Pain","Bloodletting+1","Sever Soul+1"],"special_seed":0,"relics":["Burning Blood","Ice Cream","Girya","Bronze Scales","Odd Mushroom","Ectoplasm","WarpedTongs","Blood Vial","Strawberry","PreservedInsect"],"potions_floor_usage":[33,33,33],"damage_taken":[{"damage":0.0,"enemies":"Small Slimes","floor":1.0,"turns":4.0},{"damage":6.0,"enemies":"Cultist","floor":3.0,"turns":3.0},{"damage":6.0,"enemies":"2 Louse","floor":4.0,"turns":2.0},{"damage":20.0,"enemies":"Large Slime","floor":5.0,"turns":6.0},{"damage":26.0,"enemies":"Lagavulin","floor":6.0,"turns":5.0},{"damage":7.0,"enemies":"3 Louse","floor":8.0,"turns":3.0},{"damage":32.0,"enemies":"The Mushroom Lair","floor":12.0,"turns":3.0},{"damage":10.0,"enemies":"Lots of Slimes","floor":13.0,"turns":2.0},{"damage":11.0,"enemies":"Looter","floor":14.0,"turns":2.0},{"damage":41.0,"enemies":"Slime Boss","floor":16.0,"turns":8.0},{"damage":43.0,"enemies":"2 Thieves","floor":18.0,"turns":4.0},{"damage":0.0,"enemies":"3 Byrds","floor":21.0,"turns":2.0},{"damage":3.0,"enemies":"Snecko","floor":24.0,"turns":3.0},{"damage":27.0,"enemies":"Centurion and Healer","floor":28.0,"turns":3.0},{"damage":11.0,"enemies":"3 Cultists","floor":29.0,"turns":3.0},{"damage":91,"enemies":"Automaton","floor":33,"turns":6}],"seed_played":"8591144142954099011","potions_obtained":[{"floor":1.0,"key":"Regen Potion"},{"floor":2.0,"key":"SneckoOil"},{"floor":2.0,"key":"Energy Potion"},{"floor":5.0,"key":"Ancient Potion"},{"floor":6.0,"key":"SkillPotion"},{"floor":16.0,"key":"SkillPotion"},{"floor":21.0,"key":"AttackPotion"},{"floor":28.0,"key":"Poison Potion"},{"floor":29.0,"key":"LiquidBronze"}],"is_trial":false,"path_per_floor":["M","?","M","M","M","E","$","M","T","?","R","?","M","M","R","B",null,"M","?","?","M","?","R","M","?","T","R","M","M","T","?","R","B"],"character_chosen":"IRONCLAD","items_purchased":["Heavy Blade","Cleave"],"campfire_rested":2,"item_purchase_floors":[7,7],"current_hp_per_floor":[72,72,72,72,58,38,38,37,37,37,58,35,34,29,52,29,78,41,41,41,49,49,49,54,54,54,54,39,42,49,49,49,0],"gold":17,"neow_bonus":"ONE_RARE_RELIC","is_prod":false,"is_daily":false,"chose_seed":false,"campfire_upgraded":0,"win_rate":0.0,"timestamp":1562202034,"path_taken":["M","?","?","?","M","E","$","?","T","?","R","?","M","M","R","BOSS","M","?","?","?","?","R","M","?","T","R","M","?","?","?","R","BOSS"],"build_version":"2019-07-01","purchased_purges":0,"victory":false,"max_hp_per_floor":[72,72,72,72,72,72,72,72,72,72,72,75,78,78,78,78,78,78,54,54,54,54,54,54,54,54,54,58,61,68,68,68,68],"card_choices":[{"not_picked":["Combust","True Grit"],"picked":"Cleave","floor":1.0},{"not_picked":["Flame Barrier","Clash"],"picked":"Seeing Red","floor":3.0},{"not_picked":["Iron Wave","Sword Boomerang"],"picked":"Twin Strike","floor":4.0},{"not_picked":["Reckless Charge","Shockwave"],"picked":"Headbutt","floor":5.0},{"not_picked":["Flame Barrier","Shrug It Off"],"picked":"Pommel Strike","floor":6.0},{"not_picked":["Headbutt","Perfected Strike"],"picked":"Feed","floor":8.0},{"not_picked":["Shrug It Off","Clothesline"],"picked":"Flex","floor":12.0},{"not_picked":["Power Through","Body Slam"],"picked":"Combust","floor":13.0},{"not_picked":["Ghostly Armor","Twin Strike"],"picked":"Thunderclap","floor":14.0},{"not_picked":["Limit Break","Feed"],"picked":"Double Tap","floor":16.0},{"not_picked":["Rupture","Hemokinesis"],"picked":"Dual Wield","floor":18.0},{"not_picked":["Shockwave","Infernal Blade+1"],"picked":"Flex+1","floor":21.0},{"not_picked":["Entrench","Headbutt"],"picked":"Armaments","floor":24.0},{"not_picked":["Hemokinesis","Clash+1"],"picked":"Bloodletting+1","floor":28.0},{"not_picked":["Anger","Reckless Charge"],"picked":"Sever Soul+1","floor":29.0}],"player_experience":8150,"relics_obtained":[{"floor":6.0,"key":"Girya"},{"floor":9.0,"key":"Bronze Scales"},{"floor":12.0,"key":"Odd Mushroom"},{"floor":26.0,"key":"Blood Vial"},{"floor":30.0,"key":"Strawberry"}],"event_choices":[{"damage_healed":0.0,"max_hp_gain":0.0,"max_hp_loss":0.0,"gold_gain":0.0,"event_name":"The Woman in Blue","player_choice":"Bought 2 Potions","floor":2.0,"gold_loss":0.0,"damage_taken":0.0},{"damage_healed":0.0,"max_hp_gain":0.0,"max_hp_loss":0.0,"gold_gain":0.0,"event_name":"World of Goop","player_choice":"Left Gold","floor":10.0,"gold_loss":22.0,"damage_taken":0.0},{"damage_healed":0.0,"max_hp_gain":0.0,"max_hp_loss":0.0,"gold_gain":0.0,"event_name":"Mushrooms","player_choice":"Fought Mushrooms","floor":12.0,"gold_loss":0.0,"damage_taken":0.0},{"damage_healed":0.0,"max_hp_gain":0.0,"max_hp_loss":24.0,"gold_gain":0.0,"event_name":"Vampires","player_choice":"Became a vampire","floor":19.0,"gold_loss":0.0,"damage_taken":0.0,"cards_obtained":["Bite","Bite","Bite","Bite","Bite"]},{"damage_healed":0.0,"max_hp_gain":0.0,"max_hp_loss":0.0,"gold_gain":0.0,"event_name":"Duplicator","player_choice":"Copied","floor":20.0,"gold_loss":0.0,"damage_taken":0.0,"cards_obtained":["Feed"]},{"cards_removed":["Defend_R"],"damage_healed":0.0,"max_hp_gain":0.0,"max_hp_loss":0.0,"gold_gain":0.0,"event_name":"Beggar","player_choice":"Gave Gold","floor":22.0,"gold_loss":75.0,"damage_taken":0.0},{"damage_healed":0.0,"max_hp_gain":0.0,"max_hp_loss":0.0,"gold_gain":0.0,"event_name":"Accursed Blacksmith","player_choice":"Rummage","floor":25.0,"gold_loss":0.0,"damage_taken":0.0,"relics_obtained":["WarpedTongs"],"cards_obtained":["Pain"]},{"damage_healed":0.0,"max_hp_gain":0.0,"max_hp_loss":0.0,"gold_gain":0.0,"event_name":"Addict","player_choice":"Obtained Relic","floor":31.0,"gold_loss":85.0,"damage_taken":0.0,"relics_obtained":["PreservedInsect"]}],"is_beta":false,"boss_relics":[{"not_picked":["Cursed Key","Lizard Tail"],"picked":"Ectoplasm"}],"items_purged_floors":[],"is_endless":false,"potions_floor_spawned":[1,4,5,6,16,21,28,29],"killed_by":"Automaton","ascension_level":0}