{"gold_per_floor":[18,30,30,43,61,61,92,92,140,140,140,173,192,157,157,248,248,273,273,294,313,313],"floor_reached":22,"playtime":1170,"items_purged":[],"score":392,"play_id":"3fd21f79-801c-4025-be15-af6f0840d2b2","local_time":"20190609224137","is_ascension_mode":true,"campfire_choices":[{"floor":6,"key":"REST"},{"floor":11,"key":"REST"},{"data":"Neutralize","floor":15,"key":"SMITH"}],"neow_cost":"NO_GOLD","seed_source_timestamp":1014602299921004,"circlet_count":0,"master_deck":["AscendersBane","Defend_G","Defend_G","Defend_G","Defend_G+1","Defend_G","Strike_G","Strike_G","Strike_G+1","Strike_G","Strike_G","Survivor","Neutralize+1","PanicButton","Deep Breath","Blur","Infinite Blades","Poisoned Stab","Bouncing Flask","Sucker Punch+1","Deflect","Tactician+1","Dagger Spray+1"],"relics":["Ring of the Snake","Molten Egg 2","Golden Idol","Art of War","Smiling Mask","Snecko Eye","Ice Cream"],"potions_floor_usage":[4,20,21,21],"damage_taken":[{"damage":0,"enemies":"Jaw Worm","floor":1,"turns":5},{"damage":2,"enemies":"2 Louse","floor":2,"turns":3},{"damage":1,"enemies":"Small Slimes","floor":4,"turns":5},{"damage":28,"enemies":"Exordium Wildlife","floor":5,"turns":9},{"damage":19,"enemies":"3 Sentries","floor":7,"turns":13},{"damage":15,"enemies":"Lagavulin","floor":12,"turns":7},{"damage":7,"enemies":"3 Louse","floor":13,"turns":5},{"damage":15,"enemies":"The Guardian","floor":16,"turns":13},{"damage":7,"enemies":"Shell Parasite","floor":18,"turns":5},{"damage":11,"enemies":"3 Byrds","floor":20,"turns":5},{"damage":32,"enemies":"3 Cultists","floor":21,"turns":7},{"damage":6,"enemies":"Centurion and Healer","floor":22,"turns":2}],"seed_played":"7553667272223162239","potions_obtained":[{"floor":1,"key":"Fruit Juice"},{"floor":2,"key":"GamblersBrew"},{"floor":4,"key":"GamblersBrew"},{"floor":7,"key":"Energy Potion"},{"floor":20,"key":"Block Potion"}],"is_trial":false,"path_per_floor":["M","M","?","M","M","R","E","?","T","?","R","E","M","?","R","B",null,"M","?","M","M","M"],"character_chosen":"THE_SILENT","items_purchased":[],"campfire_rested":2,"item_purchase_floors":[],"current_hp_per_floor":[59,57,37,41,13,34,15,15,15,15,34,19,12,28,28,13,51,44,44,33,1,0],"gold":313,"neow_bonus":"RANDOM_COLORLESS_2","is_prod":false,"is_daily":false,"chose_seed":false,"campfire_upgraded":1,"win_rate":0,"timestamp":1560138097,"path_taken":["M","M","?","M","M","R","E","?","T","?","R","E","?","?","R","BOSS","M","?","M","M","M"],"build_version":"2019-01-23","purchased_purges":0,"victory":false,"max_hp_per_floor":[66,66,66,71,71,71,71,64,64,64,64,64,64,64,64,64,64,64,64,64,64,64],"card_choices":[{"not_picked":["Concentrate","Prepared"],"picked":"Blur","floor":1},{"not_picked":["Backflip","Bouncing Flask"],"picked":"Infinite Blades","floor":2},{"not_picked":["Prepared","Sucker Punch"],"picked":"Poisoned Stab","floor":4},{"not_picked":["Backflip","Dodge and Roll"],"picked":"Bouncing Flask","floor":5},{"not_picked":["Bouncing Flask","Storm of Steel"],"picked":"Heel Hook","floor":7},{"not_picked":["Flying Knee+1","Eviscerate+1"],"picked":"Sucker Punch+1","floor":12},{"not_picked":["Setup","Sucker Punch+1"],"picked":"Deflect","floor":13},{"not_picked":["Flechettes+1","Setup"],"picked":"Tactician+1","floor":18},{"not_picked":["Backstab+1","Distraction"],"picked":"Dagger Spray+1","floor":20},{"not_picked":["Flechettes+1","Outmaneuver","Setup"],"picked":"SKIP","floor":21}],"player_experience":1745881,"relics_obtained":[{"floor":7,"key":"Molten Egg 2"},{"floor":9,"key":"Art of War"},{"floor":12,"key":"Smiling Mask"}],"event_choices":[{"damage_healed":0,"gold_gain":0,"player_choice":"Entered Light","damage_taken":20,"max_hp_gain":0,"max_hp_loss":0,"event_name":"Shining Light","floor":3,"gold_loss":0,"cards_upgraded":["Strike_G","Defend_G"]},{"damage_healed":0,"gold_gain":0,"player_choice":"Lose Max HP","damage_taken":0,"relics_obtained":["Golden Idol"],"max_hp_gain":0,"max_hp_loss":7,"event_name":"Golden Idol","floor":8,"gold_loss":0},{"damage_healed":0,"gold_gain":0,"player_choice":"Searched \u00270\u0027 times","damage_taken":0,"max_hp_gain":0,"max_hp_loss":0,"event_name":"Dead Adventurer","floor":10,"gold_loss":0},{"damage_healed":16,"gold_gain":0,"player_choice":"Healed","damage_taken":0,"max_hp_gain":0,"max_hp_loss":0,"event_name":"The Cleric","floor":14,"gold_loss":35},{"cards_removed":["Heel Hook"],"damage_healed":0,"gold_gain":0,"player_choice":"Gave Card","damage_taken":0,"relics_obtained":["Ice Cream"],"max_hp_gain":0,"max_hp_loss":0,"event_name":"WeMeetAgain","floor":19,"gold_loss":0}],"is_beta":false,"boss_relics":[{"not_picked":["HoveringKite","Ring of the Serpent"],"picked":"Snecko Eye"}],"items_purged_floors":[],"is_endless":false,"potions_floor_spawned":[1,2,4,7,20],"killed_by":"Centurion and Healer","ascension_level":20}