{"gold_per_floor":[117,12,12,32,48,48,58,74,149,167,167,182,511,525,525,602,602,612,612,612,625,22,56,56,91,91,91,141,161,187,62,62,133,133,152,152,0,0,16,16,16],"floor_reached":41,"playtime":1870,"items_purged":["Writhe","Strike_B+1","Strike_B+1"],"score":1002,"play_id":"2b8a9780-a998-4c53-b346-3f539771ac13","local_time":"20190601191725","is_ascension_mode":true,"campfire_choices":[{"data":"Electrodynamics","floor":6,"key":"SMITH"},{"floor":11,"key":"REST"},{"data":"Consume","floor":15,"key":"SMITH"},{"data":"Fission","floor":24,"key":"SMITH"},{"data":"Biased Cognition","floor":27,"key":"SMITH"},{"data":"Ghostly","floor":32,"key":"SMITH"},{"data":"Ghostly","floor":40,"key":"SMITH"}],"neow_cost":"CURSE","seed_source_timestamp":310450658831409,"circlet_count":0,"master_deck":["AscendersBane","Defend_B+1","Defend_B+1","Defend_B+1","Zap+1","Dualcast","Electrodynamics+1","Consume+1","Coolheaded","Sweeping Beam","Conserve Battery","Ball Lightning","Core Surge","Static Discharge","Coolheaded","Fission+1","Ghostly+1","Ghostly+1","Ghostly","Skim","Biased Cognition+1","Coolheaded+1","Core Surge","Discovery","Flash of Steel","Self Repair"],"relics":["Cracked Core","Question Card","Old Coin","Cursed Key","PreservedInsect","Centennial Puzzle","Oddly Smooth Stone","Art of War","Empty Cage","Red Mask"],"potions_floor_usage":[13,14,16,22,33,33,41],"damage_taken":[{"damage":1,"enemies":"2 Louse","floor":1,"turns":2},{"damage":12,"enemies":"Small Slimes","floor":4,"turns":3},{"damage":5,"enemies":"Jaw Worm","floor":5,"turns":3},{"damage":12,"enemies":"Blue Slaver","floor":7,"turns":3},{"damage":12,"enemies":"Looter","floor":8,"turns":3},{"damage":0,"enemies":"3 Louse","floor":10,"turns":1},{"damage":1,"enemies":"Blue Slaver","floor":12,"turns":3},{"damage":9,"enemies":"Gremlin Nob","floor":13,"turns":3},{"damage":4,"enemies":"Red Slaver","floor":14,"turns":3},{"damage":24,"enemies":"The Guardian","floor":16,"turns":11},{"damage":2,"enemies":"Chosen","floor":18,"turns":4},{"damage":0,"enemies":"Spheric Guardian","floor":21,"turns":4},{"damage":0,"enemies":"Gremlin Leader","floor":23,"turns":5},{"damage":0,"enemies":"Book of Stabbing","floor":25,"turns":5},{"damage":3,"enemies":"Centurion and Healer","floor":29,"turns":7},{"damage":8,"enemies":"Slavers","floor":30,"turns":3},{"damage":23,"enemies":"Automaton","floor":33,"turns":15},{"damage":0,"enemies":"3 Darklings","floor":35,"turns":3},{"damage":0,"enemies":"3 Shapes","floor":39,"turns":4},{"damage":68,"enemies":"Giant Head","floor":41,"turns":10}],"seed_played":"-2900707527698197713","potions_obtained":[{"floor":4,"key":"Dexterity Potion"},{"floor":8,"key":"Energy Potion"},{"floor":12,"key":"AttackPotion"},{"floor":14,"key":"Explosive Potion"},{"floor":16,"key":"SteroidPotion"},{"floor":18,"key":"Swift Potion"},{"floor":33,"key":"GamblersBrew"},{"floor":39,"key":"Regen Potion"}],"is_trial":false,"path_per_floor":["M","$","?","M","M","R","M","M","T","M","R","M","E","M","R","B",null,"M","?","?","M","$","E","R","E","T","R","?","M","E","$","R","B",null,"M","?","?","?","M","R","E"],"character_chosen":"DEFECT","items_purchased":["Coolheaded","PreservedInsect","Centennial Puzzle","Fruit Juice","PowerPotion"],"campfire_rested":1,"item_purchase_floors":[2,22,22,22,22],"current_hp_per_floor":[63,63,63,51,46,46,34,22,22,22,43,42,33,29,29,5,55,53,35,35,35,40,40,40,40,40,40,40,37,29,29,29,6,32,32,22,22,22,22,22,0],"gold":16,"neow_bonus":"THREE_RARE_CARDS","is_prod":false,"is_daily":false,"chose_seed":false,"campfire_upgraded":6,"win_rate":0,"timestamp":1559434645,"path_taken":["M","$","?","M","M","R","M","M","T","M","R","M","E","M","R","BOSS","M","?","?","M","$","E","R","E","T","R","?","M","E","?","R","BOSS","M","?","?","?","M","R","E"],"build_version":"2019-01-23","purchased_purges":3,"victory":false,"max_hp_per_floor":[71,71,71,71,71,71,71,71,71,71,71,71,71,71,71,71,71,71,35,35,35,40,40,40,40,40,40,40,40,40,40,40,40,40,40,40,40,40,40,40,40],"card_choices":[{"not_picked":["Seek","Buffer"],"picked":"Electrodynamics","floor":0},{"not_picked":["Loop","Steam"],"picked":"Consume","floor":1},{"not_picked":["Consume","Force Field"],"picked":"Sweeping Beam","floor":4},{"not_picked":["Force Field","Recycle","Hologram"],"picked":"SKIP","floor":5},{"not_picked":["Skim","Recycle"],"picked":"Conserve Battery","floor":7},{"not_picked":["Doom and Gloom","Coolheaded"],"picked":"Ball Lightning","floor":8},{"not_picked":["Steam","Beam Cell","Conserve Battery","Steam Power"],"picked":"SKIP","floor":10},{"not_picked":["Rebound","Redo","Scrape"],"picked":"Core Surge","floor":12},{"not_picked":["Auto Shields","Doom and Gloom","Sweeping Beam"],"picked":"Static Discharge","floor":13},{"not_picked":["Barrage","Beam Cell","Steam"],"picked":"Coolheaded","floor":14},{"not_picked":["Meteor Strike","Creative AI","Electrodynamics"],"picked":"Fission","floor":16},{"not_picked":["Rebound","Stack","Barrage","Go for the Eyes"],"picked":"SKIP","floor":18},{"not_picked":["Conserve Battery","Tempest","Rebound"],"picked":"Skim","floor":21},{"not_picked":["Gash","Force Field","Turbo+1","Barrage"],"picked":"SKIP","floor":23},{"not_picked":["Steam Power","Hello World","Coolheaded"],"picked":"Biased Cognition","floor":25},{"not_picked":["Go for the Eyes","Ball Lightning","Compile Driver","Hello World"],"picked":"SKIP","floor":29},{"not_picked":["Redo","Lockon","Heatsinks+1"],"picked":"Coolheaded+1","floor":30},{"not_picked":["Meteor Strike","Fission","Biased Cognition"],"picked":"Core Surge","floor":33},{"not_picked":["Cold Snap","Scrape","Leap","Go for the Eyes"],"picked":"SKIP","floor":35},{"not_picked":["Panache","Dramatic Entrance","The Bomb"],"picked":"Discovery","floor":36},{"not_picked":["Madness","PanicButton","Enlightenment"],"picked":"Flash of Steel","floor":36},{"not_picked":["Barrage","Doom and Gloom","Leap"],"picked":"Self Repair","floor":39}],"player_experience":1658520,"relics_obtained":[{"floor":9,"key":"Question Card"},{"floor":13,"key":"Old Coin"},{"floor":25,"key":"Oddly Smooth Stone"},{"floor":30,"key":"Art of War"}],"event_choices":[{"damage_healed":0,"gold_gain":0,"player_choice":"Grow","damage_taken":0,"max_hp_gain":0,"max_hp_loss":0,"event_name":"Living Wall","floor":3,"gold_loss":0,"cards_upgraded":["Zap"]},{"damage_healed":0,"gold_gain":0,"player_choice":"Became a Ghost","damage_taken":0,"max_hp_gain":0,"max_hp_loss":36,"event_name":"Ghosts","floor":19,"gold_loss":0,"cards_obtained":["Ghostly","Ghostly","Ghostly"]},{"damage_healed":0,"gold_gain":0,"player_choice":"Simplicity","damage_taken":0,"max_hp_gain":0,"max_hp_loss":0,"event_name":"Back to Basics","floor":20,"gold_loss":0,"cards_upgraded":["Strike_B","Strike_B","Strike_B","Strike_B","Defend_B","Defend_B","Defend_B","Defend_B"]},{"damage_healed":0,"gold_gain":50,"player_choice":"Stole From Cult","damage_taken":0,"max_hp_gain":0,"max_hp_loss":0,"event_name":"Nest","floor":28,"gold_loss":0},{"damage_healed":0,"gold_gain":0,"player_choice":"Memory 3","damage_taken":10,"max_hp_gain":0,"max_hp_loss":0,"event_name":"SensoryStone","floor":36,"gold_loss":0},{"damage_healed":0,"gold_gain":0,"player_choice":"Paid","damage_taken":0,"relics_obtained":["Red Mask"],"max_hp_gain":0,"max_hp_loss":0,"event_name":"Tomb of Lord Red Mask","floor":37,"gold_loss":152},{"cards_removed":["Defend_B"],"damage_healed":0,"gold_gain":0,"player_choice":"Removed Skill","damage_taken":0,"max_hp_gain":0,"max_hp_loss":0,"event_name":"Falling","floor":38,"gold_loss":0}],"is_beta":false,"boss_relics":[{"not_picked":["Sozu","Fusion Hammer"],"picked":"Cursed Key"},{"not_picked":["FrozenCore","Pandora\u0027s Box"],"picked":"Empty Cage"}],"items_purged_floors":[2,22,31],"is_endless":false,"potions_floor_spawned":[4,8,12,14,16,18,23,33,39],"killed_by":"Giant Head","ascension_level":20}