{"gold_per_floor":[20,20,40,40,53,84,84,96,96,96,109,35,70,145,145,248,248,248,248,104,104,104,104,104,104,104,104,4,4,4,4,4,4,4,4,4,4,4,0,0,0,0,0,0,0,0,0,0,0,0],"floor_reached":51,"playtime":5268,"items_purged":["Defend_R","Defend_R"],"score":963,"play_id":"0fc6df3e-cb00-4f7d-a3c4-ad6b9e77d218","local_time":"20190627224809","is_ascension_mode":true,"campfire_choices":[{"data":"Armaments","floor":7,"key":"SMITH"},{"data":"Armaments","floor":10,"key":"SMITH"},{"floor":15,"key":"REST"},{"data":"Cleave","floor":23,"key":"SMITH"},{"data":"Spot Weakness","floor":27,"key":"SMITH"},{"data":"Perfected Strike","floor":32,"key":"SMITH"},{"data":"Perfected Strike","floor":41,"key":"SMITH"},{"data":"Shockwave","floor":44,"key":"SMITH"},{"data":"Metallicize","floor":49,"key":"SMITH"}],"neow_cost":"NO_GOLD","seed_source_timestamp":1201639892106874,"circlet_count":0,"master_deck":["Strike_R","Strike_R","Strike_R+1","Strike_R","Strike_R","Bash","Cleave+1","Armaments+1","Shrug It Off","Armaments+1","Perfected Strike+1","Metallicize+1","Spot Weakness+1","Metallicize","Impervious","Shockwave+1","Spot Weakness","Battle Trance","Heavy Blade+1","Sword Boomerang","Sentinel+1","Uppercut+1","Perfected Strike+1","Wild Strike","Impervious","Perfected Strike+1","Pommel Strike+1","Blood for Blood+1","Warcry+1","Spot Weakness","Exhume","Headbutt+1","Heavy Blade+1"],"relics":["Burning Blood","Oddly Smooth Stone","Boot","Bottled Flame","Ectoplasm","Pen Nib","Whetstone","PreservedInsect","Bag of Preparation","Mark of Pain","Red Mask","Blue Candle","MawBank","Kunai"],"potions_floor_usage":[6,16,18,24,30,33,50,50,50],"damage_taken":[{"damage":6,"enemies":"Cultist","floor":1,"turns":3},{"damage":10,"enemies":"Small Slimes","floor":3,"turns":3},{"damage":1,"enemies":"2 Louse","floor":5,"turns":2},{"damage":41,"enemies":"Lagavulin","floor":6,"turns":9},{"damage":1,"enemies":"Blue Slaver","floor":8,"turns":4},{"damage":0,"enemies":"Exordium Thugs","floor":11,"turns":5},{"damage":17,"enemies":"3 Sentries","floor":13,"turns":7},{"damage":23,"enemies":"Slime Boss","floor":16,"turns":12},{"damage":16,"enemies":"Chosen","floor":18,"turns":7},{"damage":15,"enemies":"3 Byrds","floor":22,"turns":6},{"damage":18,"enemies":"Centurion and Healer","floor":24,"turns":6},{"damage":0,"enemies":"Gremlin Leader","floor":25,"turns":3},{"damage":7,"enemies":"Book of Stabbing","floor":29,"turns":4},{"damage":0,"enemies":"3 Cultists","floor":30,"turns":4},{"damage":3,"enemies":"Cultist and Chosen","floor":31,"turns":4},{"damage":53,"enemies":"Champ","floor":33,"turns":9},{"damage":7,"enemies":"3 Shapes","floor":35,"turns":4},{"damage":10,"enemies":"Orb Walker","floor":37,"turns":2},{"damage":15,"enemies":"Writhing Mass","floor":38,"turns":3},{"damage":0,"enemies":"Reptomancer","floor":40,"turns":2},{"damage":6,"enemies":"Nemesis","floor":42,"turns":3},{"damage":0,"enemies":"Transient","floor":46,"turns":5},{"damage":0,"enemies":"Sphere and 2 Shapes","floor":47,"turns":3},{"damage":0,"enemies":"Jaw Worm Horde","floor":48,"turns":3},{"damage":50,"enemies":"Time Eater","floor":50,"turns":6}],"seed_played":"4268014018998044083","potions_obtained":[{"floor":1,"key":"Ancient Potion"},{"floor":5,"key":"Strength Potion"},{"floor":13,"key":"EssenceOfSteel"},{"floor":16,"key":"GamblersBrew"},{"floor":18,"key":"Regen Potion"},{"floor":24,"key":"EssenceOfSteel"},{"floor":29,"key":"FearPotion"},{"floor":30,"key":"LiquidBronze"},{"floor":42,"key":"Dexterity Potion"},{"floor":47,"key":"LiquidBronze"}],"is_trial":false,"path_per_floor":["M","?","M","?","M","E","R","M","T","R","M","$","E","?","R","B",null,"M","?","$","T","M","R","M","E","T","R","$","E","M","M","R","B",null,"M","?","M","M","?","E","R","E","T","R","?","M","M","M","R","B",null],"character_chosen":"IRONCLAD","items_purchased":["Spot Weakness","Battle Trance"],"campfire_rested":1,"item_purchase_floors":[12,20],"current_hp_per_floor":[96,96,92,92,96,61,61,66,66,66,72,72,61,50,78,61,96,86,86,86,86,77,77,80,86,86,86,86,85,91,94,94,47,96,95,95,91,82,82,88,88,88,88,88,88,94,96,96,96,52],"gold":0,"neow_bonus":"TWENTY_PERCENT_HP_BONUS","is_prod":false,"is_daily":false,"chose_seed":false,"campfire_upgraded":8,"win_rate":0,"timestamp":1561690089,"path_taken":["M","?","M","?","M","E","R","M","T","R","M","$","E","?","R","BOSS","M","?","$","?","?","R","M","E","T","R","?","E","M","M","R","BOSS","M","?","M","M","?","E","R","E","T","R","?","M","M","M","R","BOSS"],"build_version":"2019-01-23","purchased_purges":2,"victory":true,"max_hp_per_floor":[96,96,96,96,96,96,96,96,96,96,96,96,96,96,96,96,96,96,96,96,96,96,96,96,96,96,96,96,96,96,96,96,96,96,96,96,96,96,96,96,96,96,96,96,96,96,96,96,96,96],"card_choices":[{"not_picked":["Burning Pact","Reckless Charge"],"picked":"Cleave","floor":1},{"not_picked":["Clothesline","Havoc"],"picked":"Armaments","floor":3},{"not_picked":["Twin Strike","Body Slam"],"picked":"Shrug It Off","floor":5},{"not_picked":["Ghostly Armor","Body Slam"],"picked":"Armaments","floor":6},{"not_picked":["Brutality","Cleave"],"picked":"Perfected Strike","floor":8},{"not_picked":["Disarm","True Grit"],"picked":"Metallicize","floor":11},{"not_picked":["Searing Blow","Thunderclap"],"picked":"Metallicize","floor":13},{"not_picked":["Feed","Fiend Fire"],"picked":"Impervious","floor":16},{"not_picked":["Flex","Hemokinesis"],"picked":"Shockwave","floor":18},{"not_picked":["Intimidate","Flame Barrier"],"picked":"Heavy Blade+1","floor":22},{"not_picked":["Twin Strike","Anger"],"picked":"Sword Boomerang","floor":24},{"not_picked":["Searing Blow","Brutality"],"picked":"Sentinel+1","floor":25},{"not_picked":["Clash","Perfected Strike"],"picked":"Uppercut+1","floor":29},{"not_picked":["Armaments","Reckless Charge"],"picked":"Perfected Strike","floor":30},{"not_picked":["True Grit","Warcry"],"picked":"Wild Strike","floor":31},{"not_picked":["Brutality","Berserk"],"picked":"Impervious","floor":33},{"not_picked":["Reckless Charge+1","Shrug It Off"],"picked":"Perfected Strike","floor":35},{"not_picked":["Disarm","Bloodletting"],"picked":"Pommel Strike+1","floor":37},{"not_picked":["Warcry+1","Shrug It Off"],"picked":"Blood for Blood+1","floor":38},{"not_picked":["Clothesline","Clash"],"picked":"Warcry+1","floor":40},{"not_picked":["Heavy Blade","Twin Strike+1"],"picked":"Spot Weakness","floor":42},{"not_picked":["Havoc","Anger"],"picked":"Exhume","floor":46},{"not_picked":["Dropkick+1","Flex+1"],"picked":"Headbutt+1","floor":47},{"not_picked":["Clash+1","Whirlwind"],"picked":"Heavy Blade+1","floor":48}],"player_experience":287667,"relics_obtained":[{"floor":6,"key":"Oddly Smooth Stone"},{"floor":9,"key":"Boot"},{"floor":13,"key":"Bottled Flame"},{"floor":21,"key":"Pen Nib"},{"floor":25,"key":"Whetstone"},{"floor":26,"key":"PreservedInsect"},{"floor":29,"key":"Bag of Preparation"},{"floor":40,"key":"Blue Candle"},{"floor":42,"key":"MawBank"},{"floor":43,"key":"Kunai"}],"event_choices":[{"damage_healed":0,"gold_gain":0,"player_choice":"Ignored","damage_taken":0,"max_hp_gain":0,"max_hp_loss":0,"event_name":"Liars Game","floor":2,"gold_loss":0},{"damage_healed":0,"gold_gain":0,"player_choice":"Leave","damage_taken":0,"max_hp_gain":0,"max_hp_loss":0,"event_name":"The Cleric","floor":4,"gold_loss":0},{"damage_healed":0,"gold_gain":75,"player_choice":"Gather Gold","damage_taken":11,"max_hp_gain":0,"max_hp_loss":0,"event_name":"World of Goop","floor":14,"gold_loss":0},{"damage_healed":0,"gold_gain":0,"player_choice":"Copied","damage_taken":0,"max_hp_gain":0,"max_hp_loss":0,"event_name":"Duplicator","floor":19,"gold_loss":0,"cards_obtained":["Spot Weakness"]},{"cards_removed":["Defend_R"],"damage_healed":0,"gold_gain":0,"player_choice":"Removed Skill","damage_taken":0,"max_hp_gain":0,"max_hp_loss":0,"event_name":"Falling","floor":36,"gold_loss":0},{"damage_healed":0,"gold_gain":0,"player_choice":"Paid","damage_taken":0,"relics_obtained":["Red Mask"],"max_hp_gain":0,"max_hp_loss":0,"event_name":"Tomb of Lord Red Mask","floor":39,"gold_loss":4},{"cards_removed":["Defend_R"],"damage_healed":0,"gold_gain":0,"player_choice":"Offered Basic","damage_taken":0,"max_hp_gain":0,"max_hp_loss":0,"event_name":"Bonfire Elementals","floor":45,"gold_loss":0}],"is_beta":false,"boss_relics":[{"not_picked":["Lizard Tail","Runic Cube"],"picked":"Ectoplasm"},{"not_picked":["Busted Crown","Runic Pyramid"],"picked":"Mark of Pain"}],"items_purged_floors":[20,28],"is_endless":false,"potions_floor_spawned":[1,5,13,16,18,24,29,30,42,47,48],"ascension_level":4}