{"gold_per_floor":[114,126,126,141,153,153,172,172,219,219,234,36,56,68,68,170,470,486,34,18,33,52,52,62,82,107,107,125,125,135,145,145,145],"floor_reached":33,"playtime":2755,"items_purged":["Strike_G"],"score":249,"play_id":"4114f5b7-19ef-4d29-b1ee-af4fbbb84c9b","local_time":"20190707185252","is_ascension_mode":false,"campfire_choices":[{"data":"Skewer","floor":6,"key":"SMITH"},{"data":"Footwork","floor":8,"key":"SMITH"},{"data":"Backstab","floor":10,"key":"SMITH"},{"floor":15,"key":"REST"},{"floor":23,"key":"REST"},{"floor":27,"key":"REST"},{"floor":32,"key":"REST"}],"neow_cost":"NONE","seed_source_timestamp":19741578497436,"circlet_count":0,"master_deck":["Strike_G","Strike_G","Strike_G","Strike_G","Defend_G","Defend_G","Defend_G","Defend_G","Defend_G","Survivor","Neutralize","Footwork+1","Outmaneuver","Backstab+1","Skewer+1","Quick Slash","Poisoned Stab","Caltrops","Slice","After Image","Parasite","Predator+1","Noxious Fumes+1","Panache+1","Noxious Fumes+1","Catalyst","PiercingWail","Infinite Blades+1","Backstab+1","Deadly Poison"],"relics":["Ring of the Snake","Omamori","Ninja Scroll","Lantern","Calling Bell","Juzu Bracelet","Frozen Egg 2","Old Coin","Lee\u0027s Waffle","Bag of Preparation"],"potions_floor_usage":[16,16,22,22,22,28,28,31],"damage_taken":[{"damage":0,"enemies":"2 Louse","floor":1,"turns":3},{"damage":0,"enemies":"Cultist","floor":2,"turns":5},{"damage":0,"enemies":"Jaw Worm","floor":4,"turns":5},{"damage":0,"enemies":"Red Slaver","floor":5,"turns":5},{"damage":1,"enemies":"Blue Slaver","floor":7,"turns":3},{"damage":0,"enemies":"Looter","floor":11,"turns":1},{"damage":4,"enemies":"Red Slaver","floor":13,"turns":2},{"damage":5,"enemies":"Exordium Thugs","floor":14,"turns":5},{"damage":37,"enemies":"The Guardian","floor":16,"turns":12},{"damage":20,"enemies":"Shell Parasite","floor":18,"turns":8},{"damage":2,"enemies":"2 Thieves","floor":20,"turns":4},{"damage":12,"enemies":"Snake Plant","floor":21,"turns":4},{"damage":6,"enemies":"Cultist and Chosen","floor":22,"turns":4},{"damage":15,"enemies":"3 Cultists","floor":24,"turns":6},{"damage":9,"enemies":"Chosen and Byrds","floor":25,"turns":6},{"damage":13,"enemies":"Cultist and Chosen","floor":28,"turns":7},{"damage":0,"enemies":"Snake Plant","floor":30,"turns":4},{"damage":26,"enemies":"Centurion and Healer","floor":31,"turns":6},{"damage":64,"enemies":"Collector","floor":33,"turns":7}],"seed_played":"-3078556524454425606","potions_obtained":[{"floor":1,"key":"PowerPotion"},{"floor":4,"key":"FearPotion"},{"floor":14,"key":"Energy Potion"},{"floor":16,"key":"SteroidPotion"},{"floor":20,"key":"Fire Potion"},{"floor":24,"key":"GamblersBrew"},{"floor":25,"key":"Block Potion"},{"floor":28,"key":"LiquidBronze"}],"is_trial":false,"path_per_floor":["M","M","?","M","M","R","M","R","T","R","M","$","M","M","R","B",null,"M","$","M","M","M","R","M","M","T","R","M","?","M","M","R","B"],"character_chosen":"THE_SILENT","items_purchased":["Dexterity Potion","Caltrops","Noxious Fumes+1","Panache+1","Lee\u0027s Waffle"],"campfire_rested":4,"item_purchase_floors":[12,12,19,19,19],"current_hp_per_floor":[70,70,70,70,70,70,69,69,69,69,69,69,65,60,70,33,70,50,77,75,63,57,77,62,53,53,76,63,63,63,37,60,0],"gold":145,"neow_bonus":"RANDOM_COMMON_RELIC","is_prod":false,"is_daily":false,"chose_seed":false,"campfire_upgraded":3,"win_rate":0.0,"timestamp":1562521972,"path_taken":["M","M","?","M","M","R","M","R","T","R","M","$","M","?","R","BOSS","M","$","M","M","M","R","M","M","T","R","M","?","M","M","R","BOSS"],"build_version":"2019-07-05","purchased_purges":1,"victory":false,"max_hp_per_floor":[70,70,70,70,70,70,70,70,70,70,70,70,70,70,70,70,70,70,77,77,77,77,77,77,77,77,77,77,77,77,77,77,77],"card_choices":[{"not_picked":["Dagger Throw","Prepared"],"picked":"Footwork","floor":1},{"not_picked":["Underhanded Strike","Acrobatics"],"picked":"Outmaneuver","floor":2},{"not_picked":["Flechettes","Outmaneuver"],"picked":"Backstab","floor":4},{"not_picked":["Expertise","Acrobatics"],"picked":"Skewer","floor":5},{"not_picked":["Finisher","Flying Knee"],"picked":"Quick Slash","floor":7},{"not_picked":["Bane","Backflip"],"picked":"Poisoned Stab","floor":11},{"not_picked":["Blade Dance","Dagger Throw","Heel Hook"],"picked":"SKIP","floor":13},{"not_picked":["Acrobatics","Escape Plan"],"picked":"Slice","floor":14},{"not_picked":["Adrenaline","Doppelganger"],"picked":"After Image","floor":16},{"not_picked":["Outmaneuver+1","Eviscerate"],"picked":"Predator+1","floor":18},{"not_picked":["Expertise","Riddle With Holes"],"picked":"Noxious Fumes+1","floor":20},{"not_picked":["Deadly Poison","Underhanded Strike"],"picked":"Catalyst","floor":21},{"not_picked":["Backflip","Reflex"],"picked":"PiercingWail","floor":22},{"not_picked":["Skewer","Predator"],"picked":"Infinite Blades+1","floor":24},{"not_picked":["Well Laid Plans+1","Flechettes","Acrobatics"],"picked":"SKIP","floor":25},{"not_picked":["Heel Hook","Eviscerate","Acrobatics"],"picked":"SKIP","floor":28},{"not_picked":["Dagger Spray+1","Masterful Stab+1"],"picked":"Deadly Poison","floor":30},{"not_picked":["Quick Slash","Eviscerate","Underhanded Strike"],"picked":"SKIP","floor":31}],"player_experience":72892,"relics_obtained":[{"floor":9,"key":"Lantern"},{"floor":17,"key":"Juzu Bracelet"},{"floor":17,"key":"Frozen Egg 2"},{"floor":17,"key":"Old Coin"},{"floor":26,"key":"Bag of Preparation"}],"event_choices":[{"damage_healed":0,"gold_gain":0,"player_choice":"Gave Potion","damage_taken":0,"relics_obtained":["Ninja Scroll"],"max_hp_gain":0,"max_hp_loss":0,"event_name":"WeMeetAgain","floor":3,"gold_loss":0},{"damage_healed":0,"gold_gain":0,"player_choice":"Copied","damage_taken":0,"max_hp_gain":0,"max_hp_loss":0,"event_name":"Duplicator","floor":29,"gold_loss":0,"cards_obtained":["Backstab"]}],"is_beta":false,"boss_relics":[{"not_picked":["Astrolabe","Snecko Eye"],"picked":"Calling Bell"}],"items_purged_floors":[12],"is_endless":false,"potions_floor_spawned":[1,4,14,16,20,24,25,28],"killed_by":"Collector","ascension_level":0}