{"gold_per_floor":[113,60,79,79,79,79,110,110,110,123,123,133,133,160,160,234,234,247,259,271,3,15,15,31,31,31,31,58,77,77,77],"floor_reached":31,"playtime":1139,"items_purged":[],"score":530,"play_id":"70bb253c-fba7-4b36-a2b9-1402261a19ba","local_time":"20190601023151","is_ascension_mode":true,"campfire_choices":[{"data":"Shockwave","floor":6,"key":"SMITH"},{"floor":8,"key":"REST"},{"data":"Anger","floor":13,"key":"SMITH"},{"data":"Rupture","floor":15,"key":"SMITH"},{"floor":23,"key":"REST"},{"floor":25,"key":"REST"},{"data":"Immolate","floor":27,"key":"SMITH"}],"neow_cost":"TEN_PERCENT_HP_LOSS","seed_source_timestamp":250848061059391,"circlet_count":0,"master_deck":["AscendersBane","Strike_R","Strike_R","Strike_R","Strike_R","Strike_R","Defend_R","Defend_R","Defend_R","Defend_R","Bash","Brutality","Perfected Strike+1","Anger+1","Shockwave+1","Rupture+1","Immolate+1","Disarm+1","Shrug It Off","Corruption","Shrug It Off","Double Tap","Disarm"],"relics":["Burning Blood","Red Skull","Shuriken","Pantograph","Blue Candle","WingedGreaves","Black Star","Lee\u0027s Waffle","Du-Vu Doll","Frozen Egg 2","Self Forming Clay"],"potions_floor_usage":[20,22,28,31],"damage_taken":[{"damage":17,"enemies":"Jaw Worm","floor":1,"turns":5},{"damage":12,"enemies":"Small Slimes","floor":3,"turns":3},{"damage":25,"enemies":"3 Sentries","floor":7,"turns":6},{"damage":0,"enemies":"2 Louse","floor":10,"turns":2},{"damage":14,"enemies":"Exordium Wildlife","floor":12,"turns":3},{"damage":20,"enemies":"Gremlin Nob","floor":14,"turns":4},{"damage":26,"enemies":"Slime Boss","floor":16,"turns":5},{"damage":31,"enemies":"Chosen","floor":18,"turns":5},{"damage":25,"enemies":"2 Thieves","floor":19,"turns":3},{"damage":2,"enemies":"Snecko","floor":20,"turns":3},{"damage":61,"enemies":"Sentry and Sphere","floor":22,"turns":6},{"damage":21,"enemies":"Snake Plant","floor":24,"turns":6},{"damage":23,"enemies":"Book of Stabbing","floor":28,"turns":5},{"damage":13,"enemies":"Snecko","floor":29,"turns":3},{"damage":28,"enemies":"Slavers","floor":31,"turns":6}],"seed_played":"8860174840628305397","potions_obtained":[{"floor":1,"key":"AttackPotion"},{"floor":7,"key":"Weak Potion"},{"floor":16,"key":"Block Potion"},{"floor":19,"key":"Energy Potion"},{"floor":20,"key":"Dexterity Potion"},{"floor":24,"key":"SpeedPotion"}],"is_trial":false,"path_per_floor":["M","$","M","?","?","R","E","R","T","M","?","M","R","E","R","B",null,"M","M","M","$","M","R","M","R","T","R","E","M","?","E"],"character_chosen":"IRONCLAD","items_purchased":["Anger","Corruption","Lee\u0027s Waffle"],"campfire_rested":3,"item_purchase_floors":[2,21,21],"current_hp_per_floor":[57,57,51,46,46,46,27,47,47,53,53,45,45,31,31,36,60,35,16,20,75,20,42,27,49,49,49,32,25,25,0],"gold":77,"neow_bonus":"THREE_RARE_CARDS","is_prod":false,"is_daily":false,"chose_seed":false,"campfire_upgraded":4,"win_rate":0,"timestamp":1559374311,"path_taken":["M","$","M","?","?","R","E","R","T","M","?","M","R","E","R","BOSS","M","M","M","$","M","R","M","R","T","R","E","M","?","E"],"build_version":"2019-01-23","purchased_purges":0,"victory":false,"max_hp_per_floor":[68,68,68,68,68,68,68,68,68,68,68,68,68,68,68,68,68,68,68,68,75,75,75,75,75,75,75,75,75,75,75],"card_choices":[{"not_picked":["Berserk","Barricade"],"picked":"Brutality","floor":0},{"not_picked":["Metallicize","Power Through"],"picked":"Perfected Strike","floor":1},{"not_picked":["Entrench","Heavy Blade"],"picked":"Shockwave","floor":3},{"not_picked":["Havoc","Reckless Charge","Seeing Red"],"picked":"SKIP","floor":7},{"not_picked":["Uppercut","Entrench","Metallicize"],"picked":"SKIP","floor":10},{"not_picked":["Havoc","Dropkick","Ghostly Armor"],"picked":"SKIP","floor":12},{"not_picked":["Clash","Whirlwind"],"picked":"Rupture","floor":14},{"not_picked":["Brutality","Exhume"],"picked":"Immolate","floor":16},{"not_picked":["Anger","Havoc"],"picked":"Disarm+1","floor":18},{"not_picked":["Twin Strike","Headbutt+1"],"picked":"Shrug It Off","floor":19},{"not_picked":["Havoc","Anger","Headbutt"],"picked":"SKIP","floor":20},{"not_picked":["Twin Strike","Havoc"],"picked":"Shrug It Off","floor":22},{"not_picked":["Entrench","Iron Wave","Warcry"],"picked":"SKIP","floor":24},{"not_picked":["Reckless Charge","Thunderclap"],"picked":"Double Tap","floor":28},{"not_picked":["Iron Wave","Evolve+1"],"picked":"Disarm","floor":29}],"player_experience":1642472,"relics_obtained":[{"floor":7,"key":"Shuriken"},{"floor":9,"key":"Pantograph"},{"floor":14,"key":"WingedGreaves"},{"floor":26,"key":"Du-Vu Doll"},{"floor":28,"key":"Frozen Egg 2"},{"floor":28,"key":"Self Forming Clay"}],"event_choices":[{"damage_healed":0,"gold_gain":0,"player_choice":"Success","damage_taken":5,"relics_obtained":["Red Skull"],"max_hp_gain":0,"max_hp_loss":0,"event_name":"Scrap Ooze","floor":4,"gold_loss":0},{"damage_healed":0,"gold_gain":0,"player_choice":"Grow","damage_taken":0,"max_hp_gain":0,"max_hp_loss":0,"event_name":"Living Wall","floor":5,"gold_loss":0,"cards_upgraded":["Perfected Strike"]},{"damage_healed":0,"gold_gain":0,"player_choice":"Searched \u00271\u0027 times","damage_taken":0,"relics_obtained":["Blue Candle"],"max_hp_gain":0,"max_hp_loss":0,"event_name":"Dead Adventurer","floor":11,"gold_loss":0}],"is_beta":false,"boss_relics":[{"not_picked":["White Beast Statue","Lizard Tail"],"picked":"Black Star"}],"items_purged_floors":[],"is_endless":false,"potions_floor_spawned":[1,7,16,19,20,24],"killed_by":"Slavers","ascension_level":20}