{"gold_per_floor":[115,130,143,143,9,9,34,34,34,58,2,2,32,42,42,120,120,138,138,53,53,3,0,0,34,84,98,1,1,21,35,35,35],"floor_reached":33,"playtime":1178,"items_purged":[],"score":542,"play_id":"78386150-301f-4672-b99e-ca3837956419","local_time":"20190609164950","is_ascension_mode":true,"campfire_choices":[{"data":"Sunder","floor":6,"key":"SMITH"},{"floor":8,"key":"REST"},{"data":"Zap","floor":12,"key":"SMITH"},{"data":"Defragment","floor":15,"key":"SMITH"},{"floor":24,"key":"REST"},{"floor":29,"key":"REST"},{"data":"Buffer","floor":32,"key":"SMITH"}],"neow_cost":"NONE","seed_source_timestamp":993488150076776,"circlet_count":0,"master_deck":["AscendersBane","Strike_B+1","Strike_B","Strike_B","Strike_B","Defend_B","Defend_B+1","Defend_B","Defend_B","Zap+1","Dualcast","Genetic Algorithm","Rip and Tear","Sunder+1","Defragment+1","FTL","Consume","Compile Driver","Coolheaded","Conserve Battery","Biased Cognition","Hologram","Genetic Algorithm","Decay","Coolheaded","Go for the Eyes+1","Gash","Capacitor","Coolheaded","Undo+1","Buffer+1"],"relics":["Cracked Core","Du-Vu Doll","Ginger","Odd Mushroom","Boot","Sozu","Singing Bowl","Art of War","Ancient Tea Set"],"potions_floor_usage":[7,10,16,16],"damage_taken":[{"damage":6,"enemies":"Small Slimes","floor":1,"turns":3},{"damage":3,"enemies":"2 Louse","floor":2,"turns":3},{"damage":4,"enemies":"Jaw Worm","floor":3,"turns":3},{"damage":8,"enemies":"Gremlin Nob","floor":7,"turns":3},{"damage":13,"enemies":"The Mushroom Lair","floor":10,"turns":3},{"damage":7,"enemies":"Lagavulin","floor":13,"turns":6},{"damage":0,"enemies":"Exordium Thugs","floor":14,"turns":3},{"damage":8,"enemies":"Hexaghost","floor":16,"turns":8},{"damage":34,"enemies":"Shell Parasite","floor":18,"turns":6},{"damage":37,"enemies":"Book of Stabbing","floor":25,"turns":7},{"damage":0,"enemies":"Spheric Guardian","floor":27,"turns":4},{"damage":6,"enemies":"Centurion and Healer","floor":30,"turns":5},{"damage":4,"enemies":"Snecko","floor":31,"turns":5},{"damage":30,"enemies":"Champ","floor":33,"turns":20}],"seed_played":"-7396847846043231797","potions_obtained":[{"floor":0,"key":"Energy Potion"},{"floor":0,"key":"Swift Potion"},{"floor":1,"key":"FocusPotion"},{"floor":7,"key":"Regen Potion"},{"floor":13,"key":"Strength Potion"}],"is_trial":false,"path_per_floor":["M","M","M","?","$","R","E","R","T","?","$","R","E","M","R","B",null,"M","?","?","?","$","?","R","E","T","M","$","R","M","M","R","B"],"character_chosen":"DEFECT","items_purchased":["Defragment","FTL","Coolheaded","Coolheaded","Capacitor","Coolheaded"],"campfire_rested":3,"item_purchase_floors":[5,5,11,22,28,28],"current_hp_per_floor":[58,55,51,30,30,30,22,43,43,39,39,39,32,32,32,24,59,25,25,25,25,25,25,46,9,9,9,9,30,24,20,20,0],"gold":35,"neow_bonus":"THREE_SMALL_POTIONS","is_prod":false,"is_daily":false,"chose_seed":false,"campfire_upgraded":4,"win_rate":0,"timestamp":1560116990,"path_taken":["M","M","M","?","$","R","E","R","T","?","$","R","E","M","R","BOSS","M","?","?","?","$","?","R","E","T","M","$","R","M","M","R","BOSS"],"build_version":"2019-01-23","purchased_purges":0,"victory":false,"max_hp_per_floor":[71,71,71,71,71,71,71,71,71,71,71,71,71,71,71,71,71,71,71,71,71,71,71,71,71,71,71,71,71,71,71,71,71],"card_choices":[{"not_picked":["Rebound","Reboot"],"picked":"Genetic Algorithm","floor":1},{"not_picked":["Turbo","Hologram"],"picked":"Rip and Tear","floor":2},{"not_picked":["White Noise","Hologram"],"picked":"Sunder","floor":3},{"not_picked":["Sunder","Hologram"],"picked":"Consume","floor":7},{"not_picked":["Chaos","Rebound"],"picked":"Compile Driver","floor":10},{"not_picked":["Cold Snap","Sweeping Beam"],"picked":"Conserve Battery","floor":13},{"not_picked":["Go for the Eyes","Rip and Tear","Fusion"],"picked":"SKIP","floor":14},{"not_picked":["Machine Learning","Amplify"],"picked":"Biased Cognition","floor":16},{"not_picked":["Barrage","Aggregate+1"],"picked":"Hologram","floor":18},{"not_picked":["Compile Driver","Barrage"],"picked":"Go for the Eyes+1","floor":25},{"not_picked":["Redo","Compile Driver"],"picked":"Gash","floor":27},{"not_picked":["Compile Driver+1","Loop"],"picked":"Undo+1","floor":30},{"not_picked":["FTL","Streamline"],"picked":"Buffer","floor":31}],"player_experience":1727797,"relics_obtained":[{"floor":7,"key":"Du-Vu Doll"},{"floor":9,"key":"Ginger"},{"floor":10,"key":"Odd Mushroom"},{"floor":13,"key":"Boot"},{"floor":25,"key":"Art of War"},{"floor":26,"key":"Ancient Tea Set"}],"event_choices":[{"damage_healed":0,"gold_gain":0,"player_choice":"Entered Light","damage_taken":21,"max_hp_gain":0,"max_hp_loss":0,"event_name":"Shining Light","floor":4,"gold_loss":0,"cards_upgraded":["Strike_B","Defend_B"]},{"damage_healed":0,"gold_gain":0,"player_choice":"Fought Mushrooms","damage_taken":0,"max_hp_gain":0,"max_hp_loss":0,"event_name":"Mushrooms","floor":10,"gold_loss":0},{"damage_healed":0,"gold_gain":0,"player_choice":"Read","damage_taken":0,"max_hp_gain":0,"max_hp_loss":0,"event_name":"The Library","floor":19,"gold_loss":0,"cards_obtained":["Genetic Algorithm"]},{"damage_healed":0,"gold_gain":0,"player_choice":"Obtained Relic","damage_taken":0,"relics_obtained":["Singing Bowl"],"max_hp_gain":0,"max_hp_loss":0,"event_name":"Addict","floor":20,"gold_loss":85},{"damage_healed":0,"gold_gain":0,"player_choice":"Smashed Altar","damage_taken":0,"max_hp_gain":0,"max_hp_loss":0,"event_name":"Forgotten Altar","floor":21,"gold_loss":0,"cards_obtained":["Decay"]},{"damage_healed":0,"gold_gain":0,"player_choice":"Paid Fearfully","damage_taken":0,"max_hp_gain":0,"max_hp_loss":0,"event_name":"Masked Bandits","floor":23,"gold_loss":3}],"is_beta":false,"boss_relics":[{"not_picked":["Astrolabe","Lizard Tail"],"picked":"Sozu"}],"items_purged_floors":[],"is_endless":false,"potions_floor_spawned":[1,7,13,14,18,31],"killed_by":"Champ","ascension_level":20}