{"gold_per_floor":[112,112,112,125,141,174,174,207,207,207,230,263,279,41,41,41],"floor_reached":16,"playtime":527,"items_purged":["Strike_R"],"score":240,"play_id":"3e5140eb-3d5a-40d0-bfb5-2905eaf1edb0","local_time":"20190713184241","is_ascension_mode":true,"campfire_choices":[{"data":"Inflame","floor":7,"key":"SMITH"},{"data":"Inflame","floor":10,"key":"SMITH"},{"data":"Immolate","floor":15,"key":"SMITH"}],"neow_cost":"NONE","seed_source_timestamp":22308573114303,"circlet_count":0,"master_deck":["AscendersBane","Strike_R","Strike_R","Strike_R","Strike_R","Defend_R","Defend_R","Defend_R","Defend_R","Bash","Twin Strike","Rampage","Inflame+1","Inflame+1","Shrug It Off","Immolate+1","Flame Barrier"],"relics":["Burning Blood","NeowsBlessing","Golden Idol","Sundial","Dodecahedron","Peace Pipe","Bag of Marbles"],"potions_floor_usage":[12,16],"damage_taken":[{"damage":0,"enemies":"Jaw Worm","floor":1,"turns":1},{"damage":0,"enemies":"Cultist","floor":4,"turns":1},{"damage":0,"enemies":"Small Slimes","floor":5,"turns":1},{"damage":30,"enemies":"Lagavulin","floor":6,"turns":7},{"damage":32,"enemies":"Gremlin Nob","floor":8,"turns":4},{"damage":10,"enemies":"3 Louse","floor":11,"turns":4},{"damage":17,"enemies":"3 Sentries","floor":12,"turns":7},{"damage":2,"enemies":"2 Fungi Beasts","floor":13,"turns":3},{"damage":27,"enemies":"Hexaghost","floor":16,"turns":9}],"seed_played":"1699385777807644452","potions_obtained":[{"floor":1,"key":"BloodPotion"},{"floor":13,"key":"Weak Potion"}],"is_trial":false,"path_per_floor":["M","?","?","M","M","E","R","E","T","R","M","E","M","$","R","B"],"character_chosen":"IRONCLAD","items_purchased":["Bag of Marbles"],"campfire_rested":0,"item_purchase_floors":[14],"current_hp_per_floor":[74,68,68,68,68,44,44,18,18,18,14,20,24,24,24,0],"gold":41,"neow_bonus":"THREE_ENEMY_KILL","is_prod":false,"is_daily":false,"chose_seed":false,"campfire_upgraded":3,"win_rate":0,"timestamp":1563036161,"path_taken":["M","?","?","?","M","E","R","E","T","R","M","E","M","$","R","BOSS"],"build_version":"2019-07-05","purchased_purges":1,"victory":false,"max_hp_per_floor":[75,68,68,68,68,68,68,68,68,68,68,68,68,68,68,68],"card_choices":[{"not_picked":["Shrug It Off","Clash"],"picked":"Twin Strike","floor":1},{"not_picked":["Warcry","Heavy Blade","Clash"],"picked":"SKIP","floor":4},{"not_picked":["Heavy Blade","Flex"],"picked":"Inflame","floor":5},{"not_picked":["Barricade","Perfected Strike","Warcry"],"picked":"SKIP","floor":6},{"not_picked":["Clothesline","Power Through"],"picked":"Inflame","floor":8},{"not_picked":["Clash","Clothesline"],"picked":"Shrug It Off","floor":11},{"not_picked":["Warcry","Sentinel"],"picked":"Immolate","floor":12},{"not_picked":["Corruption","Cleave"],"picked":"Flame Barrier","floor":13}],"player_experience":1471422,"relics_obtained":[{"floor":6,"key":"Sundial"},{"floor":8,"key":"Dodecahedron"},{"floor":12,"key":"Peace Pipe"}],"event_choices":[{"damage_healed":0,"gold_gain":0,"player_choice":"Lose Max HP","damage_taken":0,"relics_obtained":["Golden Idol"],"max_hp_gain":0,"max_hp_loss":7,"event_name":"Golden Idol","floor":2,"gold_loss":0},{"damage_healed":0,"gold_gain":0,"player_choice":"1 cards matched","damage_taken":0,"max_hp_gain":0,"max_hp_loss":0,"event_name":"Match and Keep!","floor":3,"gold_loss":0,"cards_obtained":["Rampage"]}],"is_beta":false,"boss_relics":[],"items_purged_floors":[14],"is_endless":false,"potions_floor_spawned":[1,13],"killed_by":"Hexaghost","ascension_level":20}