{"gold_per_floor":[367,385,397,11,22,48,48,79,102,129,129,29,48,48,48,122,122,133,8,20,20],"floor_reached":21,"playtime":844,"items_purged":["Strike_R","Strike_R"],"score":398,"play_id":"a44b1ead-7709-4ff4-9011-4785317b687a","local_time":"20190630232615","is_ascension_mode":true,"campfire_choices":[{"data":"Immolate","floor":7,"key":"SMITH"},{"data":"Disarm","floor":11,"key":"SMITH"},{"data":"Disarm","floor":15,"key":"SMITH"}],"neow_cost":"TEN_PERCENT_HP_LOSS","seed_source_timestamp":563381677270043,"circlet_count":0,"master_deck":["AscendersBane","Strike_R+1","Strike_R+1","Defend_R","Defend_R","Defend_R","Defend_R","Bash","Thunderclap","Combust","Anger","Immolate+1","Inflame","Flame Barrier","Rampage","Reaper","Disarm+1","Pommel Strike","Second Wind","Disarm+1","Brutality","Flame Barrier","Rupture","Disarm"],"relics":["Burning Blood","Turnip","Art of War","Red Skull","Whetstone","Sozu"],"potions_floor_usage":[10,10,21],"damage_taken":[{"damage":6,"enemies":"Jaw Worm","floor":1,"turns":6},{"damage":2,"enemies":"Cultist","floor":2,"turns":4},{"damage":2,"enemies":"2 Louse","floor":3,"turns":3},{"damage":23,"enemies":"Exordium Thugs","floor":5,"turns":4},{"damage":27,"enemies":"Gremlin Nob","floor":6,"turns":4},{"damage":25,"enemies":"Lagavulin","floor":8,"turns":7},{"damage":5,"enemies":"Gremlin Nob","floor":10,"turns":3},{"damage":6,"enemies":"Red Slaver","floor":13,"turns":3},{"damage":13,"enemies":"Hexaghost","floor":16,"turns":9},{"damage":30,"enemies":"Shell Parasite","floor":18,"turns":6},{"damage":17,"enemies":"2 Thieves","floor":20,"turns":4},{"damage":47,"enemies":"Shelled Parasite and Fungi","floor":21,"turns":5}],"seed_played":"-6123831459102508803","potions_obtained":[{"floor":2,"key":"Strength Potion"},{"floor":8,"key":"PowerPotion"},{"floor":10,"key":"Strength Potion"},{"floor":16,"key":"GamblersBrew"}],"is_trial":false,"path_per_floor":["M","M","M","$","M","E","R","E","T","E","R","$","M","?","R","B",null,"M","$","M","M"],"character_chosen":"IRONCLAD","items_purchased":["Immolate","Inflame","Flame Barrier","Flame Barrier","Rupture"],"campfire_rested":0,"item_purchase_floors":[4,4,4,19,19],"current_hp_per_floor":[68,68,68,68,51,30,30,20,20,32,32,32,32,32,32,38,61,37,37,33,0],"gold":20,"neow_bonus":"TWO_FIFTY_GOLD","is_prod":false,"is_daily":false,"chose_seed":false,"campfire_upgraded":3,"win_rate":0,"timestamp":1561955175,"path_taken":["M","M","M","$","M","E","R","E","T","E","R","$","M","?","R","BOSS","M","$","?","M"],"build_version":"2019-06-29","purchased_purges":2,"victory":false,"max_hp_per_floor":[68,68,68,68,68,68,68,68,68,68,68,68,68,68,68,68,68,68,68,68,68],"card_choices":[{"not_picked":["True Grit","Rage"],"picked":"Thunderclap","floor":1},{"not_picked":["Perfected Strike","Bloodletting"],"picked":"Combust","floor":2},{"not_picked":["Heavy Blade","Metallicize"],"picked":"Anger","floor":3},{"not_picked":["Heavy Blade","Inflame"],"picked":"Rampage","floor":5},{"not_picked":["Sentinel","Cleave"],"picked":"Reaper","floor":6},{"not_picked":["Seeing Red","Twin Strike"],"picked":"Disarm","floor":8},{"not_picked":["Immolate","Blood for Blood"],"picked":"Pommel Strike","floor":10},{"not_picked":["Reckless Charge","Hemokinesis"],"picked":"Second Wind","floor":13},{"not_picked":["Barricade","Bludgeon"],"picked":"Brutality","floor":16},{"not_picked":["Flex","Second Wind","Clothesline"],"picked":"SKIP","floor":18},{"not_picked":["Sword Boomerang","Anger+1"],"picked":"Disarm","floor":20}],"player_experience":1619357,"relics_obtained":[{"floor":6,"key":"Turnip"},{"floor":8,"key":"Art of War"},{"floor":9,"key":"Red Skull"},{"floor":10,"key":"Whetstone"}],"event_choices":[{"damage_healed":0,"gold_gain":0,"cards_transformed":["Strike_R"],"player_choice":"Transformed","damage_taken":0,"max_hp_gain":0,"max_hp_loss":0,"event_name":"Transmorgrifier","floor":14,"gold_loss":0,"cards_obtained":["Disarm"]}],"is_beta":true,"boss_relics":[{"not_picked":["Pandora\u0027s Box","Velvet Choker"],"picked":"Sozu"}],"items_purged_floors":[4,12],"is_endless":false,"potions_floor_spawned":[2,8,10,16,18,20],"killed_by":"Shelled Parasite and Fungi","ascension_level":20}