{"gold_per_floor":[114,289,289,289,304,304,340,17,94,130,155,176,58,58,58,184,184,198,237,214,214,228,268,268,312,312,312,337,360,398,435,447,459],"floor_reached":33,"playtime":1321,"items_purged":["Strike_R"],"score":363,"play_id":"ccc845b9-bfe4-4dad-85bd-7566d40bb42b","local_time":"20190711155624","is_ascension_mode":false,"campfire_choices":[{"data":"Infernal Blade","floor":6,"key":"SMITH"},{"floor":15,"key":"REST"},{"data":"Mayhem","floor":24,"key":"SMITH"},{"data":"Double Tap","floor":27,"key":"SMITH"},{"data":"Rampage","floor":32,"key":"SMITH"}],"neow_cost":"NONE","seed_source_timestamp":74028806250325,"circlet_count":0,"master_deck":["Strike_R","Strike_R","Strike_R","Defend_R","Defend_R","Bash","Infernal Blade+1","Armaments","Wild Strike","Mayhem+1","Inflame","Iron Wave","Rampage+1","Evolve","Double Tap+1","Armaments+1","Perfected Strike+1","Feed+1","Perfected Strike","Armaments","Uppercut+1","Perfected Strike"],"relics":["Burning Blood","Golden Idol","Self Forming Clay","Singing Bowl","PreservedInsect","Sundial","Astrolabe","Red Mask","Bottled Lightning","Bag of Marbles","Potion Belt","MawBank"],"potions_floor_usage":[10,33,33,33],"damage_taken":[{"damage":2,"enemies":"Small Slimes","floor":1,"turns":3},{"damage":1,"enemies":"Jaw Worm","floor":5,"turns":3},{"damage":44,"enemies":"3 Sentries","floor":7,"turns":9},{"damage":22,"enemies":"Gremlin Nob","floor":10,"turns":4},{"damage":6,"enemies":"Cultist","floor":11,"turns":3},{"damage":12,"enemies":"Looter","floor":12,"turns":3},{"damage":25,"enemies":"The Guardian","floor":16,"turns":10},{"damage":17,"enemies":"2 Thieves","floor":18,"turns":3},{"damage":32,"enemies":"Masked Bandits","floor":19,"turns":6},{"damage":6,"enemies":"Chosen","floor":22,"turns":3},{"damage":11,"enemies":"Slavers","floor":23,"turns":3},{"damage":10,"enemies":"Gremlin Leader","floor":25,"turns":3},{"damage":10,"enemies":"Snake Plant","floor":28,"turns":3},{"damage":21,"enemies":"Centurion and Healer","floor":29,"turns":4},{"damage":23,"enemies":"Book of Stabbing","floor":30,"turns":4},{"damage":8,"enemies":"Snecko","floor":31,"turns":4},{"damage":30,"enemies":"Automaton","floor":33,"turns":6}],"seed_played":"-1469651935243112875","potions_obtained":[{"floor":1,"key":"Fire Potion"},{"floor":7,"key":"Swift Potion"},{"floor":18,"key":"Weak Potion"},{"floor":19,"key":"Ancient Potion"},{"floor":30,"key":"SteroidPotion"}],"is_trial":false,"path_per_floor":["M","?","?","?","M","R","E","$","T","E","M","M","$","T","R","B",null,"M","?","$","?","M","E","R","E","T","R","M","M","E","M","R","B"],"character_chosen":"IRONCLAD","items_purchased":["Mayhem","Inflame","Rampage","Evolve","Armaments"],"campfire_rested":1,"item_purchase_floors":[8,8,13,13,20],"current_hp_per_floor":[80,80,80,60,65,65,27,27,27,13,15,9,9,9,34,15,84,79,53,53,53,57,54,54,50,50,50,52,43,28,28,28,0],"gold":459,"neow_bonus":"THREE_CARDS","is_prod":false,"is_daily":false,"chose_seed":false,"campfire_upgraded":4,"win_rate":0,"timestamp":1562824584,"path_taken":["M","?","?","?","M","R","E","$","T","E","?","M","$","?","R","BOSS","M","?","$","?","M","E","R","E","T","R","M","M","E","M","R","BOSS"],"build_version":"2019-07-05","purchased_purges":1,"victory":false,"max_hp_per_floor":[80,80,80,80,80,80,80,80,80,82,84,84,84,84,84,84,84,90,90,90,90,94,96,96,96,96,96,102,108,110,112,112,112],"card_choices":[{"not_picked":["Body Slam","Twin Strike"],"picked":"Infernal Blade","floor":0},{"not_picked":["Seeing Red","Entrench"],"picked":"Armaments","floor":1},{"not_picked":["Sever Soul","Iron Wave"],"picked":"Rupture","floor":5},{"not_picked":["Body Slam","Carnage"],"picked":"Wild Strike","floor":7},{"not_picked":["Armaments","Heavy Blade","Cleave"],"picked":"Singing Bowl","floor":10},{"not_picked":["Sword Boomerang","Cleave","Body Slam"],"picked":"Singing Bowl","floor":11},{"not_picked":["Battle Trance","Clash"],"picked":"Iron Wave","floor":12},{"not_picked":["Offering","Demon Form"],"picked":"Double Tap","floor":16},{"not_picked":["Warcry","Flex","Sword Boomerang+1"],"picked":"Singing Bowl","floor":18},{"not_picked":["Ghostly Armor","Anger"],"picked":"Perfected Strike","floor":19},{"not_picked":["Body Slam","Infernal Blade"],"picked":"Uppercut+1","floor":22},{"not_picked":["Clash","Cleave","Inflame"],"picked":"Singing Bowl","floor":23},{"not_picked":["Evolve","Flex"],"picked":"Perfected Strike","floor":25},{"not_picked":["Body Slam+1","Pommel Strike","Impervious"],"picked":"Singing Bowl","floor":28},{"not_picked":["Sword Boomerang","Carnage","Cleave"],"picked":"Singing Bowl","floor":29},{"not_picked":["Twin Strike","Warcry","Barricade"],"picked":"Singing Bowl","floor":30},{"not_picked":["Iron Wave","Warcry","Armaments+1"],"picked":"Singing Bowl","floor":31}],"player_experience":22024,"relics_obtained":[{"floor":7,"key":"Self Forming Clay"},{"floor":9,"key":"Singing Bowl"},{"floor":10,"key":"PreservedInsect"},{"floor":14,"key":"Sundial"},{"floor":19,"key":"Red Mask"},{"floor":23,"key":"Bottled Lightning"},{"floor":25,"key":"Bag of Marbles"},{"floor":26,"key":"Potion Belt"},{"floor":30,"key":"MawBank"}],"event_choices":[{"damage_healed":0,"gold_gain":175,"player_choice":"AGREE","damage_taken":0,"max_hp_gain":0,"max_hp_loss":0,"event_name":"Liars Game","floor":2,"gold_loss":0,"cards_obtained":["Doubt"]},{"cards_removed":["Doubt"],"damage_healed":0,"gold_gain":0,"player_choice":"Forget","damage_taken":0,"max_hp_gain":0,"max_hp_loss":0,"event_name":"Living Wall","floor":3,"gold_loss":0},{"damage_healed":0,"gold_gain":0,"player_choice":"Take Damage","damage_taken":20,"relics_obtained":["Golden Idol"],"max_hp_gain":0,"max_hp_loss":0,"event_name":"Golden Idol","floor":4,"gold_loss":0},{"damage_healed":0,"gold_gain":0,"player_choice":"Fought Bandits","damage_taken":0,"max_hp_gain":0,"max_hp_loss":0,"event_name":"Masked Bandits","floor":19,"gold_loss":0},{"cards_removed":["Rupture"],"damage_healed":0,"gold_gain":0,"player_choice":"Purged","damage_taken":0,"max_hp_gain":0,"max_hp_loss":0,"event_name":"Purifier","floor":21,"gold_loss":0}],"is_beta":false,"boss_relics":[{"not_picked":["Calling Bell","Runic Pyramid"],"picked":"Astrolabe"}],"items_purged_floors":[8],"is_endless":false,"potions_floor_spawned":[1,7,18,19,30],"killed_by":"Automaton","ascension_level":0}