{"gold_per_floor":[111,111,111,131,47,79,79,108,185,185,203,214,244,52,52,126,126,143,161,174,191,191,191,218,218,218,108,139,157,157,183,183,183],"floor_reached":33,"playtime":1733,"items_purged":["Strike_G"],"score":656,"play_id":"f815afb6-8797-4987-9281-70876b54d735","local_time":"20190614004848","is_ascension_mode":true,"campfire_choices":[{"data":"Crippling Poison","floor":7,"key":"SMITH"},{"floor":10,"key":"REST"},{"data":"Caltrops","floor":15,"key":"SMITH"},{"floor":23,"key":"REST"},{"floor":25,"key":"REST"},{"floor":30,"key":"REST"},{"floor":32,"key":"REST"}],"neow_cost":"NONE","seed_source_timestamp":1367270849632712,"circlet_count":0,"master_deck":["AscendersBane","Defend_G","Defend_G","Defend_G","Defend_G+1","Defend_G+1","Strike_G","Strike_G","Survivor","Neutralize","Predator","Footwork","Crippling Poison+1","Backflip","Poisoned Stab","PiercingWail+1","Leg Sweep","Wraith Form v2","Caltrops+1","PiercingWail","Storm of Steel","Cloak And Dagger","Cloak And Dagger","Skewer","Infinite Blades","Setup+1","Dagger Spray","PiercingWail+1"],"relics":["Ring of the Snake","NeowsBlessing","War Paint","Smiling Mask","Kunai","Mercury Hourglass","WristBlade","Bag of Preparation","Toxic Egg 2","PreservedInsect","Red Mask"],"potions_floor_usage":[8,16,24,28,29,31],"damage_taken":[{"damage":0,"enemies":"2 Louse","floor":1,"turns":1},{"damage":0,"enemies":"Jaw Worm","floor":4,"turns":1},{"damage":0,"enemies":"Gremlin Nob","floor":6,"turns":1},{"damage":30,"enemies":"Lagavulin","floor":8,"turns":12},{"damage":0,"enemies":"Cultist","floor":11,"turns":3},{"damage":3,"enemies":"Looter","floor":12,"turns":4},{"damage":24,"enemies":"3 Sentries","floor":13,"turns":9},{"damage":16,"enemies":"Hexaghost","floor":16,"turns":11},{"damage":7,"enemies":"Shell Parasite","floor":18,"turns":9},{"damage":12,"enemies":"Spheric Guardian","floor":19,"turns":8},{"damage":2,"enemies":"Snecko","floor":20,"turns":7},{"damage":25,"enemies":"Sentry and Sphere","floor":21,"turns":10},{"damage":28,"enemies":"Slavers","floor":24,"turns":6},{"damage":24,"enemies":"Gremlin Leader","floor":28,"turns":8},{"damage":1,"enemies":"3 Cultists","floor":29,"turns":6},{"damage":13,"enemies":"Masked Bandits","floor":31,"turns":4},{"damage":68,"enemies":"Collector","floor":33,"turns":11}],"seed_played":"-1747869906308287729","potions_obtained":[{"floor":1,"key":"PowerPotion"},{"floor":4,"key":"SmokeBomb"},{"floor":8,"key":"Fire Potion"},{"floor":12,"key":"Fire Potion"},{"floor":18,"key":"SkillPotion"},{"floor":24,"key":"Weak Potion"},{"floor":28,"key":"Ancient Potion"}],"is_trial":false,"path_per_floor":["M","?","?","M","$","E","R","E","T","R","M","M","E","$","R","B",null,"M","M","M","M","?","R","E","R","T","?","E","M","R","?","R","B"],"character_chosen":"THE_SILENT","items_purchased":["Crippling Poison","Caltrops","PiercingWail"],"campfire_rested":5,"item_purchase_floors":[5,14,14],"current_hp_per_floor":[59,64,57,57,57,57,57,27,27,48,48,45,21,21,21,5,55,48,36,34,9,23,44,16,37,37,37,13,12,33,20,41,0],"gold":183,"neow_bonus":"THREE_ENEMY_KILL","is_prod":false,"is_daily":false,"chose_seed":false,"campfire_upgraded":2,"win_rate":0,"timestamp":1560491328,"path_taken":["M","?","?","M","$","E","R","E","T","R","M","M","E","$","R","BOSS","M","M","M","M","?","R","E","R","T","?","E","?","R","?","R","BOSS"],"build_version":"2019-01-23","purchased_purges":1,"victory":false,"max_hp_per_floor":[66,71,71,71,71,71,71,71,71,71,71,71,71,71,71,71,71,71,71,71,71,71,71,71,71,71,71,71,71,71,71,71,71],"card_choices":[{"not_picked":["Flying Knee","Prepared"],"picked":"Predator","floor":1},{"not_picked":["Tactician","Dagger Spray"],"picked":"Footwork","floor":4},{"not_picked":["Predator","Dagger Spray"],"picked":"Backflip","floor":6},{"not_picked":["Blur","Predator"],"picked":"Poisoned Stab","floor":8},{"not_picked":["Eviscerate","Bane"],"picked":"PiercingWail","floor":11},{"not_picked":["Deflect","Poisoned Stab"],"picked":"Leg Sweep","floor":12},{"not_picked":["Setup","PiercingWail"],"picked":"Wraith Form v2","floor":13},{"not_picked":["Unload","Doppelganger"],"picked":"Storm of Steel","floor":16},{"not_picked":["Sucker Punch+1","Quick Slash"],"picked":"Cloak And Dagger","floor":18},{"not_picked":["Eviscerate","Underhanded Strike"],"picked":"Cloak And Dagger","floor":19},{"not_picked":["Unload","Dagger Throw"],"picked":"Skewer","floor":20},{"not_picked":["Sucker Punch+1","Prepared"],"picked":"Infinite Blades","floor":21},{"not_picked":["Eviscerate+1","Sucker Punch+1","Poisoned Stab"],"picked":"SKIP","floor":24},{"not_picked":["Outmaneuver+1","Dagger Throw+1"],"picked":"Setup+1","floor":28},{"not_picked":["Dagger Throw","Masterful Stab"],"picked":"Dagger Spray","floor":29},{"not_picked":["Backflip+1","Leg Sweep+1"],"picked":"PiercingWail+1","floor":31}],"player_experience":1774382,"relics_obtained":[{"floor":6,"key":"War Paint"},{"floor":8,"key":"Smiling Mask"},{"floor":9,"key":"Kunai"},{"floor":13,"key":"Mercury Hourglass"},{"floor":24,"key":"Bag of Preparation"},{"floor":26,"key":"Toxic Egg 2"},{"floor":28,"key":"PreservedInsect"},{"floor":31,"key":"Red Mask"}],"event_choices":[{"damage_healed":0,"gold_gain":0,"player_choice":"Donut","damage_taken":0,"max_hp_gain":5,"max_hp_loss":0,"event_name":"Big Fish","floor":2,"gold_loss":0},{"cards_removed":["Strike_G"],"damage_healed":0,"gold_gain":0,"player_choice":"Card Removal","damage_taken":7,"max_hp_gain":0,"max_hp_loss":0,"event_name":"Golden Wing","floor":3,"gold_loss":0},{"damage_healed":14,"gold_gain":0,"player_choice":"Heal","damage_taken":0,"max_hp_gain":0,"max_hp_loss":0,"event_name":"The Library","floor":22,"gold_loss":0},{"cards_removed":["Strike_G"],"damage_healed":0,"gold_gain":0,"player_choice":"Upgrade and Remove","damage_taken":0,"max_hp_gain":0,"max_hp_loss":0,"event_name":"Designer","floor":27,"gold_loss":110,"cards_upgraded":["PiercingWail"]},{"damage_healed":0,"gold_gain":0,"player_choice":"Fought Bandits","damage_taken":0,"max_hp_gain":0,"max_hp_loss":0,"event_name":"Masked Bandits","floor":31,"gold_loss":0}],"is_beta":false,"boss_relics":[{"not_picked":["HoveringKite","Philosopher\u0027s Stone"],"picked":"WristBlade"}],"items_purged_floors":[14],"is_endless":false,"potions_floor_spawned":[1,4,8,12,18,24,28],"killed_by":"Collector","ascension_level":20}