{"gold_per_floor":[110,129,192,209,225,225,245,245,245,245,261,278,278,292,292,389,389,402,402,142,142,155,155,170,170],"floor_reached":25,"playtime":2022,"items_purged":["Strike_G"],"score":197,"play_id":"195738e4-aca6-41fc-8d32-f666841938fb","local_time":"20190705213155","is_ascension_mode":false,"campfire_choices":[{"data":"A Thousand Cuts","floor":6,"key":"SMITH"},{"floor":10,"key":"REST"},{"floor":15,"key":"REST"},{"floor":23,"key":"REST"}],"neow_cost":"NONE","seed_source_timestamp":1492532465452,"circlet_count":0,"master_deck":["Strike_G","Strike_G","Strike_G","Strike_G","Defend_G","Defend_G","Defend_G","Defend_G","Defend_G","Survivor","Neutralize","Masterful Stab","Dagger Throw","Terror","A Thousand Cuts+1","Noxious Fumes+1","Outmaneuver+1","Dagger Spray","PiercingWail+1","Unload","Footwork","Necronomicurse","Infinite Blades","Riddle With Holes","Prepared+1"],"relics":["Ring of the Snake","Bronze Scales","Toxic Egg 2","White Beast Statue","Necronomicon","Blood Vial"],"potions_floor_usage":[7,16,16,22,24,24,24,24,24,25],"damage_taken":[{"damage":0,"enemies":"Jaw Worm","floor":1,"turns":3},{"damage":0,"enemies":"Small Slimes","floor":2,"turns":3},{"damage":0,"enemies":"2 Louse","floor":4,"turns":2},{"damage":0,"enemies":"Large Slime","floor":5,"turns":6},{"damage":14,"enemies":"Gremlin Gang","floor":7,"turns":5},{"damage":10,"enemies":"Exordium Thugs","floor":11,"turns":4},{"damage":5,"enemies":"Blue Slaver","floor":12,"turns":3},{"damage":8,"enemies":"Exordium Wildlife","floor":14,"turns":2},{"damage":3,"enemies":"Slime Boss","floor":16,"turns":7},{"damage":23,"enemies":"3 Byrds","floor":18,"turns":3},{"damage":15,"enemies":"2 Thieves","floor":22,"turns":4},{"damage":33,"enemies":"Cultist and Chosen","floor":24,"turns":6},{"damage":10,"enemies":"Shelled Parasite and Fungi","floor":25,"turns":2}],"seed_played":"-7019581918533837324","potions_obtained":[{"floor":4,"key":"Energy Potion"},{"floor":5,"key":"Ancient Potion"},{"floor":11,"key":"Swift Potion"},{"floor":12,"key":"Strength Potion"},{"floor":18,"key":"Explosive Potion"},{"floor":22,"key":"EntropicBrew"},{"floor":24,"key":"Explosive Potion"}],"is_trial":false,"path_per_floor":["M","M","?","M","M","R","M","?","T","R","M","M","?","M","R","B",null,"M","?","$","?","M","R","M","M"],"character_chosen":"THE_SILENT","items_purchased":["Blood Vial","Infinite Blades"],"campfire_rested":3,"item_purchase_floors":[20,20],"current_hp_per_floor":[70,70,70,70,70,70,56,56,56,70,60,55,55,47,68,65,70,47,31,31,31,18,39,8,0],"gold":170,"neow_bonus":"RANDOM_COMMON_RELIC","is_prod":false,"is_daily":false,"chose_seed":false,"campfire_upgraded":1,"win_rate":0.0,"timestamp":1562358715,"path_taken":["M","M","?","M","M","R","M","?","T","R","M","M","?","M","R","BOSS","M","?","$","?","M","R","M","M"],"build_version":"2019-07-01","purchased_purges":1,"victory":false,"max_hp_per_floor":[70,70,70,70,70,70,70,70,70,70,70,70,70,70,70,70,70,70,70,70,70,70,70,70,70],"card_choices":[{"not_picked":["Sucker Punch","Flying Knee"],"picked":"Masterful Stab","floor":1},{"not_picked":["Underhanded Strike","Expertise"],"picked":"Dagger Throw","floor":2},{"not_picked":["Quick Slash","Well Laid Plans"],"picked":"Terror","floor":4},{"not_picked":["Deflect","Dagger Spray"],"picked":"A Thousand Cuts","floor":5},{"not_picked":["Quick Slash","Dagger Throw"],"picked":"Noxious Fumes","floor":7},{"not_picked":["Poisoned Stab","Deflect+1"],"picked":"Outmaneuver+1","floor":11},{"not_picked":["Dash","Noxious Fumes"],"picked":"Dagger Spray","floor":12},{"not_picked":["Dagger Spray","Predator"],"picked":"PiercingWail+1","floor":14},{"not_picked":["Glass Knife","Burst+1"],"picked":"Unload","floor":16},{"not_picked":["Crippling Poison+1","Sucker Punch"],"picked":"Footwork","floor":18},{"not_picked":["Deadly Poison+1","Underhanded Strike"],"picked":"Riddle With Holes","floor":22},{"not_picked":["Acrobatics+1","PiercingWail+1"],"picked":"Prepared+1","floor":24}],"player_experience":56534,"relics_obtained":[{"floor":9,"key":"Toxic Egg 2"},{"floor":19,"key":"Necronomicon"}],"event_choices":[{"damage_healed":0,"gold_gain":63,"player_choice":"Gained Gold","damage_taken":0,"max_hp_gain":0,"max_hp_loss":0,"event_name":"Golden Wing","floor":3,"gold_loss":0},{"damage_healed":0,"gold_gain":0,"player_choice":"Ignored","damage_taken":0,"max_hp_gain":0,"max_hp_loss":0,"event_name":"Liars Game","floor":8,"gold_loss":0},{"damage_healed":0,"gold_gain":0,"player_choice":"Grow","damage_taken":0,"max_hp_gain":0,"max_hp_loss":0,"event_name":"Living Wall","floor":13,"gold_loss":0,"cards_upgraded":["Noxious Fumes"]},{"damage_healed":0,"gold_gain":0,"player_choice":"Obtained Book","damage_taken":16,"max_hp_gain":0,"max_hp_loss":0,"event_name":"Cursed Tome","floor":19,"gold_loss":0},{"damage_healed":0,"gold_gain":0,"player_choice":"Ignored","damage_taken":0,"max_hp_gain":0,"max_hp_loss":0,"event_name":"Vampires","floor":21,"gold_loss":0}],"is_beta":false,"boss_relics":[{"not_picked":["Ectoplasm","Snecko Eye"],"picked":"White Beast Statue"}],"items_purged_floors":[20],"is_endless":false,"potions_floor_spawned":[4,5,11,12,18,22,24],"killed_by":"Shelled Parasite and Fungi","ascension_level":0}