{"gold_per_floor":[13,13,13,24,35,63,63,63,112,129,160,174,174,174,174,279,279,298,298,316,19,119,136,152,83,83,101,21,37,52,52,52,150,150,169,169,184,199,216,126,140,140,140,140,150,170,20,20,20,20],"floor_reached":51,"playtime":9549,"items_purged":["Defend_G","Eviscerate"],"score":713,"play_id":"cb1f009f-c5d8-47cc-8792-b2a9ba2f5932","local_time":"20190618210620","is_ascension_mode":false,"campfire_choices":[{"floor":7,"key":"REST"},{"data":"Envenom","floor":13,"key":"SMITH"},{"data":"Crippling Poison","floor":15,"key":"SMITH"},{"floor":32,"key":"REST"},{"floor":42,"key":"REST"},{"floor":44,"key":"REST"},{"floor":49,"key":"REST"}],"neow_cost":"NO_GOLD","seed_source_timestamp":413625388091773,"circlet_count":0,"master_deck":["Survivor","Neutralize","Envenom+1","Venomology","Dodge and Roll","Dodge and Roll","Crippling Poison+1","Terror","Footwork","Bane","Riddle With Holes","Die Die Die","Distraction","Dagger Spray+1","Slice","Apotheosis","Dagger Spray","Dodge and Roll","Infinite Blades","Footwork","Prepared+1","Deadly Poison","Poisoned Stab","Slice+1","Blur","J.A.X.","Corpse Explosion","Flying Knee","Footwork","Flechettes","Dagger Throw+1","Finesse","Prepared+1","Prepared+1","Dagger Throw+1","Backflip+1","Bouncing Flask+1","Acrobatics+1"],"relics":["Ring of the Snake","Oddly Smooth Stone","Incense Burner","Potion Belt","Matryoshka","Fusion Hammer","Tough Bandages","Sundial","Bronze Scales","Bottled Flame","Pandora\u0027s Box","Strawberry","Letter Opener"],"potions_floor_usage":[5,6,8,8,11,16,16,16,22,22,23,33,33,35,35,35,38,39,39,45,46,50,50,50,50,50],"damage_taken":[{"damage":2,"enemies":"Cultist","floor":1,"turns":6},{"damage":6,"enemies":"Small Slimes","floor":4,"turns":7},{"damage":0,"enemies":"2 Louse","floor":5,"turns":4},{"damage":16,"enemies":"3 Sentries","floor":6,"turns":27},{"damage":12,"enemies":"The Mushroom Lair","floor":8,"turns":5},{"damage":4,"enemies":"2 Fungi Beasts","floor":10,"turns":6},{"damage":0,"enemies":"Lagavulin","floor":11,"turns":9},{"damage":0,"enemies":"Blue Slaver","floor":12,"turns":4},{"damage":2,"enemies":"Hexaghost","floor":16,"turns":9},{"damage":19,"enemies":"2 Thieves","floor":18,"turns":3},{"damage":3,"enemies":"Chosen","floor":20,"turns":4},{"damage":9,"enemies":"Colosseum Slavers","floor":22,"turns":5},{"damage":11,"enemies":"Colosseum Nobs","floor":22,"turns":3},{"damage":9,"enemies":"Shelled Parasite and Fungi","floor":23,"turns":5},{"damage":0,"enemies":"Centurion and Healer","floor":24,"turns":5},{"damage":0,"enemies":"3 Cultists","floor":27,"turns":4},{"damage":14,"enemies":"Snake Plant","floor":29,"turns":4},{"damage":5,"enemies":"Snecko","floor":30,"turns":4},{"damage":4,"enemies":"Automaton","floor":33,"turns":8},{"damage":3,"enemies":"3 Darklings","floor":35,"turns":3},{"damage":10,"enemies":"Orb Walker","floor":37,"turns":3},{"damage":17,"enemies":"Sphere and 2 Shapes","floor":38,"turns":3},{"damage":1,"enemies":"Maw","floor":39,"turns":7},{"damage":7,"enemies":"Spire Growth","floor":41,"turns":6},{"damage":7,"enemies":"3 Darklings","floor":45,"turns":2},{"damage":0,"enemies":"Sphere and 2 Shapes","floor":46,"turns":4},{"damage":36,"enemies":"Awakened One","floor":50,"turns":9}],"seed_played":"-81493011624962550","potions_obtained":[{"floor":4,"key":"SteroidPotion"},{"floor":10,"key":"Block Potion"},{"floor":12,"key":"SteroidPotion"},{"floor":18,"key":"Fire Potion"},{"floor":20,"key":"Fire Potion"},{"floor":33,"key":"FearPotion"},{"floor":35,"key":"Explosive Potion"},{"floor":41,"key":"Weak Potion"},{"floor":45,"key":"SkillPotion"}],"is_trial":false,"path_per_floor":["M","?","?","M","M","E","R","?","T","M","E","M","R","?","R","B",null,"M","?","M","$","?","M","M","$","T","M","$","M","M","?","R","B",null,"M","?","M","M","M","?","M","R","T","R","M","M","$","?","R","B",null],"character_chosen":"THE_SILENT","items_purchased":["Slice","Apotheosis","Footwork","Deadly Poison","Poisoned Stab","Energy Potion"],"campfire_rested":5,"item_purchase_floors":[21,21,25,28,28,47],"current_hp_per_floor":[68,68,61,55,55,39,60,48,48,44,44,44,44,37,37,35,70,51,70,67,67,47,38,38,38,38,38,38,24,19,19,40,36,70,67,67,57,40,39,39,32,53,60,77,70,70,70,70,77,41],"gold":20,"neow_bonus":"TRANSFORM_TWO_CARDS","is_prod":false,"is_daily":false,"chose_seed":false,"campfire_upgraded":2,"win_rate":0,"timestamp":1560906380,"path_taken":["M","?","?","M","M","E","R","?","T","M","E","M","R","?","R","BOSS","M","?","M","$","?","M","M","?","T","M","$","M","M","?","R","BOSS","M","?","M","M","M","?","?","R","T","R","M","M","$","?","R","BOSS"],"build_version":"2019-01-23","purchased_purges":2,"victory":true,"max_hp_per_floor":[70,70,70,70,70,70,70,70,70,70,70,70,70,70,70,70,70,70,70,70,70,70,70,70,70,70,70,70,70,70,70,70,70,70,70,70,70,70,70,70,70,70,77,77,77,77,77,77,77,77],"card_choices":[{"not_picked":["Predator","Choke"],"picked":"Dodge and Roll","floor":1},{"not_picked":["Riddle With Holes","Leg Sweep"],"picked":"Crippling Poison","floor":4},{"not_picked":["Blade Dance","Cloak And Dagger"],"picked":"Terror","floor":5},{"not_picked":["Acrobatics","Flying Knee"],"picked":"Footwork","floor":6},{"not_picked":["Flying Knee","Acrobatics"],"picked":"Bane","floor":10},{"not_picked":["Wraith Form v2","Sucker Punch"],"picked":"Riddle With Holes","floor":11},{"not_picked":["Underhanded Strike","Calculated Gamble"],"picked":"Slice","floor":12},{"not_picked":["Adrenaline","Venomology"],"picked":"Die Die Die","floor":16},{"not_picked":["Masterful Stab","Underhanded Strike+1"],"picked":"Distraction","floor":18},{"not_picked":["Underhanded Strike","Sucker Punch"],"picked":"Dagger Spray","floor":20},{"not_picked":["Underhanded Strike","PiercingWail"],"picked":"Dagger Spray","floor":22},{"not_picked":["Eviscerate","Poisoned Stab"],"picked":"Dodge and Roll","floor":23},{"not_picked":["Slice","Escape Plan"],"picked":"Infinite Blades","floor":24},{"not_picked":["Dagger Throw","Cloak And Dagger"],"picked":"Prepared+1","floor":27},{"not_picked":["Blade Dance","Storm of Steel"],"picked":"Slice+1","floor":29},{"not_picked":["Footwork","Deflect+1"],"picked":"Blur","floor":30},{"not_picked":["Storm of Steel","Adrenaline"],"picked":"Corpse Explosion","floor":33},{"not_picked":["Backflip+1","Prepared"],"picked":"Dagger Throw+1","floor":35},{"not_picked":["Purity","Chrysalis"],"picked":"Finesse","floor":36},{"not_picked":["Distraction+1","Blade Dance"],"picked":"Prepared+1","floor":37},{"not_picked":["Outmaneuver+1","Terror"],"picked":"Prepared+1","floor":38},{"not_picked":["Heel Hook","Cloak And Dagger"],"picked":"Dagger Throw+1","floor":39},{"not_picked":["Bane","Masterful Stab"],"picked":"Backflip+1","floor":41},{"not_picked":["Poisoned Stab+1","Acrobatics+1"],"picked":"Bouncing Flask+1","floor":45},{"not_picked":["Storm of Steel","Footwork"],"picked":"Acrobatics+1","floor":46}],"player_experience":130320,"relics_obtained":[{"floor":6,"key":"Incense Burner"},{"floor":9,"key":"Potion Belt"},{"floor":11,"key":"Matryoshka"},{"floor":22,"key":"Tough Bandages"},{"floor":22,"key":"Sundial"},{"floor":26,"key":"Bronze Scales"},{"floor":26,"key":"Bottled Flame"},{"floor":43,"key":"Strawberry"},{"floor":43,"key":"Letter Opener"}],"event_choices":[{"damage_healed":0,"gold_gain":0,"cards_transformed":["Strike_G"],"player_choice":"Change","damage_taken":0,"max_hp_gain":0,"max_hp_loss":0,"event_name":"Living Wall","floor":2,"gold_loss":0,"cards_obtained":["Dodge and Roll"]},{"damage_healed":0,"gold_gain":0,"player_choice":"Success","damage_taken":7,"relics_obtained":["Oddly Smooth Stone"],"max_hp_gain":0,"max_hp_loss":0,"event_name":"Scrap Ooze","floor":3,"gold_loss":0},{"damage_healed":0,"gold_gain":0,"player_choice":"Fought Mushrooms","damage_taken":0,"max_hp_gain":0,"max_hp_loss":0,"event_name":"Mushrooms","floor":8,"gold_loss":0},{"cards_removed":["Defend_G"],"damage_healed":0,"gold_gain":0,"player_choice":"Card Removal","damage_taken":7,"max_hp_gain":0,"max_hp_loss":0,"event_name":"Golden Wing","floor":14,"gold_loss":0},{"damage_healed":23,"gold_gain":0,"player_choice":"Heal","damage_taken":0,"max_hp_gain":0,"max_hp_loss":0,"event_name":"The Library","floor":19,"gold_loss":0},{"damage_healed":0,"gold_gain":0,"player_choice":"Fight","damage_taken":0,"max_hp_gain":0,"max_hp_loss":0,"event_name":"Colosseum","floor":22,"gold_loss":0},{"damage_healed":0,"gold_gain":0,"player_choice":"Fought Nobs","damage_taken":0,"max_hp_gain":0,"max_hp_loss":0,"event_name":"Colosseum","floor":22,"gold_loss":0},{"damage_healed":0,"gold_gain":0,"player_choice":"Obtain J.A.X.","damage_taken":0,"max_hp_gain":0,"max_hp_loss":0,"event_name":"Drug Dealer","floor":31,"gold_loss":0,"cards_obtained":["J.A.X."]},{"damage_healed":0,"gold_gain":0,"player_choice":"Memory 1","damage_taken":0,"max_hp_gain":0,"max_hp_loss":0,"event_name":"SensoryStone","floor":36,"gold_loss":0},{"cards_removed":["Storm of Steel"],"damage_healed":0,"gold_gain":0,"player_choice":"Upgrade and Remove","damage_taken":0,"max_hp_gain":0,"max_hp_loss":0,"event_name":"Designer","floor":40,"gold_loss":90,"cards_upgraded":["Dagger Spray"]},{"cards_removed":["Slice"],"damage_healed":0,"gold_gain":0,"player_choice":"Removed Attack","damage_taken":0,"max_hp_gain":0,"max_hp_loss":0,"event_name":"Falling","floor":48,"gold_loss":0}],"is_beta":false,"boss_relics":[{"not_picked":["Calling Bell","Lizard Tail"],"picked":"Fusion Hammer"},{"not_picked":["Runic Pyramid","Coffee Dripper"],"picked":"Pandora\u0027s Box"}],"items_purged_floors":[21,47],"is_endless":false,"potions_floor_spawned":[4,8,10,12,18,20,29,33,35,41,45],"ascension_level":0}