{"gold_per_floor":[12,12,26,45,63,63,88,13,13,47,47,47,122,157,157,234,234,246,0,0,0,0,0,30,49,49,6,6,6,20,20],"floor_reached":31,"playtime":1168,"items_purged":["Strike_R"],"score":563,"play_id":"d1e063d4-9557-4f62-bf0c-c8862467eebb","local_time":"20190712115224","is_ascension_mode":true,"campfire_choices":[{"data":"Apotheosis","floor":6.0,"key":"SMITH"},{"data":"Combust","floor":11.0,"key":"SMITH"},{"floor":15.0,"key":"REST"},{"floor":23.0,"key":"REST"},{"floor":28,"key":"REST"}],"neow_cost":"NO_GOLD","seed_source_timestamp":1558202930917094,"circlet_count":0,"master_deck":["AscendersBane","Defend_R","Defend_R","Defend_R","Defend_R","Bash","Finesse","Apotheosis+1","Clothesline","Combust+1","Anger","Feel No Pain","Evolve","Thunderclap","Impervious","Clothesline+1","Brutality+1","Heavy Blade+1","Inflame+1","Feel No Pain","Metallicize+1","Bite+1","Bite+1","Bite+1","Bite+1","Bite+1","Shrug It Off"],"special_seed":0,"relics":["Burning Blood","Unceasing Top","Matryoshka","Regal Pillow","Letter Opener","Astrolabe","Centennial Puzzle","Shuriken","Molten Egg 2","Frozen Egg 2"],"potions_floor_usage":[24,25,31],"damage_taken":[{"damage":5.0,"enemies":"Small Slimes","floor":1.0,"turns":5.0},{"damage":0.0,"enemies":"Cultist","floor":3.0,"turns":4.0},{"damage":5.0,"enemies":"2 Louse","floor":4.0,"turns":4.0},{"damage":8.0,"enemies":"Exordium Wildlife","floor":5.0,"turns":4.0},{"damage":21.0,"enemies":"3 Sentries","floor":7.0,"turns":6.0},{"damage":21.0,"enemies":"Lagavulin","floor":10.0,"turns":6.0},{"damage":38.0,"enemies":"Gremlin Nob","floor":14.0,"turns":5.0},{"damage":31.0,"enemies":"Hexaghost","floor":16.0,"turns":8.0},{"damage":7.0,"enemies":"Chosen","floor":18.0,"turns":7.0},{"damage":65,"enemies":"Slavers","floor":24,"turns":6},{"damage":6,"enemies":"3 Byrds","floor":25,"turns":3},{"damage":45,"enemies":"3 Cultists","floor":30,"turns":5},{"damage":43,"enemies":"Gremlin Leader","floor":31,"turns":4}],"seed_played":"-7269959449174948707","potions_obtained":[{"floor":1.0,"key":"Energy Potion"},{"floor":2.0,"key":"Fruit Juice"},{"floor":2.0,"key":"Energy Potion"},{"floor":5.0,"key":"BloodPotion"},{"floor":7.0,"key":"Strength Potion"},{"floor":16.0,"key":"GamblersBrew"},{"floor":18.0,"key":"LiquidBronze"},{"floor":25,"key":"EssenceOfSteel"}],"is_trial":false,"path_per_floor":["M","?","M","M","M","R","E","$","T","E","R","?","?","E","R","B",null,"M","$","?","?","?","R","E","M","T","$","R","?","M","E"],"character_chosen":"IRONCLAD","items_purchased":["Centennial Puzzle","Feel No Pain","Metallicize+1"],"campfire_rested":3,"item_purchase_floors":[19,19,27],"current_hp_per_floor":[69,74,80,80,78,78,63,63,63,48,48,30,19,7,46,21,65,64,64,64,64,41,81,22,22,22,22,62,59,29,0],"gold":20,"neow_bonus":"RANDOM_COLORLESS_2","is_prod":false,"is_daily":false,"chose_seed":false,"campfire_upgraded":2,"win_rate":0,"timestamp":1562950344,"path_taken":["M","?","M","?","M","R","E","?","T","E","R","?","?","E","R","BOSS","M","$","?","?","?","R","E","M","T","$","R","?","M","E"],"build_version":"2019-07-10","purchased_purges":1,"victory":false,"max_hp_per_floor":[75,80,80,80,80,80,80,80,80,80,80,80,80,80,80,80,80,80,80,80,80,85,85,85,85,85,85,85,59,59,59],"card_choices":[{"not_picked":["Cleave","Shrug It Off"],"picked":"Clothesline","floor":1.0},{"not_picked":["Armaments","Rupture"],"picked":"Combust","floor":3.0},{"not_picked":["Warcry","Searing Blow"],"picked":"Anger","floor":4.0},{"not_picked":["Warcry","Armaments"],"picked":"Feel No Pain","floor":5.0},{"not_picked":["Wild Strike","Infernal Blade","Ghostly Armor"],"picked":"SKIP","floor":7.0},{"not_picked":["Pummel","Havoc"],"picked":"Evolve","floor":10.0},{"not_picked":["Body Slam","Havoc"],"picked":"Thunderclap","floor":14.0},{"not_picked":["Dark Embrace","Berserk"],"picked":"Impervious","floor":16.0},{"not_picked":["Anger+1","Shrug It Off+1"],"picked":"Inflame+1","floor":18.0},{"not_picked":["Clash","Infernal Blade","Sword Boomerang"],"picked":"SKIP","floor":24},{"not_picked":["Pummel","Twin Strike","Clash"],"picked":"SKIP","floor":25},{"not_picked":["Flex","Pummel+1"],"picked":"Shrug It Off","floor":30}],"player_experience":1662086,"relics_obtained":[{"floor":7.0,"key":"Unceasing Top"},{"floor":10.0,"key":"Matryoshka"},{"floor":14.0,"key":"Letter Opener"},{"floor":24,"key":"Shuriken"},{"floor":26,"key":"Molten Egg 2"},{"floor":26,"key":"Frozen Egg 2"}],"event_choices":[{"damage_healed":0.0,"max_hp_gain":0.0,"max_hp_loss":0.0,"gold_gain":0.0,"event_name":"Lab","player_choice":"Got Potions","floor":2.0,"gold_loss":0.0,"damage_taken":0.0},{"damage_healed":0.0,"max_hp_gain":0.0,"max_hp_loss":0.0,"gold_gain":0.0,"event_name":"Scrap Ooze","player_choice":"Success","floor":12.0,"gold_loss":0.0,"damage_taken":18.0,"relics_obtained":["Regal Pillow"]},{"damage_healed":0.0,"max_hp_gain":0.0,"max_hp_loss":0.0,"gold_gain":75.0,"event_name":"World of Goop","player_choice":"Gather Gold","floor":13.0,"gold_loss":0.0,"damage_taken":11.0},{"damage_healed":0.0,"max_hp_gain":0.0,"max_hp_loss":0.0,"gold_gain":0.0,"event_name":"The Mausoleum","player_choice":"Ignored","floor":20.0,"gold_loss":0.0,"damage_taken":0.0},{"damage_healed":0.0,"max_hp_gain":5.0,"max_hp_loss":0.0,"gold_gain":0.0,"event_name":"Forgotten Altar","player_choice":"Shed Blood","floor":22.0,"gold_loss":0.0,"damage_taken":28.0},{"damage_healed":0,"gold_gain":0,"player_choice":"Became a vampire","damage_taken":0,"max_hp_gain":0,"max_hp_loss":26,"event_name":"Vampires","floor":29,"gold_loss":0,"cards_obtained":["Bite","Bite","Bite","Bite","Bite"]}],"is_beta":true,"boss_relics":[{"not_picked":["Lizard Tail","Sozu"],"picked":"Astrolabe"}],"items_purged_floors":[8],"is_endless":false,"potions_floor_spawned":[1,5,7,16,18,25],"killed_by":"Gremlin Leader","ascension_level":20}