{"gold_per_floor":[109,109,121,139,1,1,1,31,31,62,89,113,136,162,174,291,303,330,441,132,132,147,178,178,193,193,207,207,241,118,137,137,239,239,249,249,264,282,328,328,354,354,354,371,371,402,419,20,20,20],"floor_reached":50,"playtime":3094,"items_purged":["Strike_R","Defend_R"],"score":658,"play_id":"6af193b0-e9cb-467e-a5a9-b60d1d79ce51","local_time":"20190711235527","is_ascension_mode":true,"campfire_choices":[{"data":"Reaper","floor":6,"key":"SMITH"},{"floor":15,"key":"REST"},{"data":"Limit Break","floor":24,"key":"SMITH"},{"floor":28,"key":"REST"},{"floor":32,"key":"REST"},{"data":"Limit Break","floor":40,"key":"SMITH"},{"floor":49,"key":"RECALL"}],"neow_cost":"NONE","seed_source_timestamp":84703483271300,"circlet_count":0,"master_deck":["Defend_R","Defend_R","Bash","Cleave","Iron Wave","Shrug It Off","Reaper+1","Berserk","Spot Weakness","Disarm","Heavy Blade+1","Seeing Red","Inflame","Body Slam+1","Reaper+1","Iron Wave+1","Power Through","Limit Break+1","Rampage+1","Immolate+1","Thunderclap+1","Iron Wave+1","Limit Break+1","Limit Break+1","Offering+1","Clash+1","Heavy Blade+1","Pommel Strike+1","Heavy Blade+1","Flex+1","Body Slam+1","Madness","Madness","Dropkick+1","Panacea"],"relics":["Burning Blood","Torii","Molten Egg 2","Mummified Hand","MawBank","Black Star","Letter Opener","Anchor","Mango","FossilizedHelix","Bottled Tornado","Blood Vial","Astrolabe","Ice Cream","PreservedInsect","Calipers","Turnip","Kunai","Pantograph","Toolbox"],"potions_floor_usage":[8,13,14,16,23,25,31,33,37,37,38,41,46],"damage_taken":[{"damage":3,"enemies":"2 Louse","floor":1,"turns":3},{"damage":2,"enemies":"Cultist","floor":3,"turns":4},{"damage":10,"enemies":"Small Slimes","floor":4,"turns":3},{"damage":23,"enemies":"Lagavulin","floor":8,"turns":9},{"damage":17,"enemies":"3 Sentries","floor":10,"turns":7},{"damage":9,"enemies":"Red Slaver","floor":11,"turns":4},{"damage":4,"enemies":"3 Louse","floor":12,"turns":3},{"damage":34,"enemies":"Large Slime","floor":13,"turns":7},{"damage":8,"enemies":"Exordium Thugs","floor":14,"turns":5},{"damage":30,"enemies":"The Guardian","floor":16,"turns":9},{"damage":19,"enemies":"Chosen","floor":18,"turns":6},{"damage":24,"enemies":"Shell Parasite","floor":22,"turns":7},{"damage":23,"enemies":"Gremlin Leader","floor":23,"turns":7},{"damage":30,"enemies":"Sentry and Sphere","floor":25,"turns":5},{"damage":44,"enemies":"Cultist and Chosen","floor":27,"turns":7},{"damage":34,"enemies":"Slavers","floor":29,"turns":5},{"damage":1,"enemies":"Shelled Parasite and Fungi","floor":31,"turns":4},{"damage":62,"enemies":"Champ","floor":33,"turns":8},{"damage":1,"enemies":"Orb Walker","floor":35,"turns":3},{"damage":7,"enemies":"3 Darklings","floor":37,"turns":4},{"damage":12,"enemies":"Maw","floor":38,"turns":5},{"damage":52,"enemies":"2 Orb Walkers","floor":39,"turns":5},{"damage":19,"enemies":"Reptomancer","floor":41,"turns":3},{"damage":0,"enemies":"Jaw Worm Horde","floor":44,"turns":2},{"damage":80,"enemies":"Nemesis","floor":46,"turns":5},{"damage":0,"enemies":"Spire Growth","floor":47,"turns":2},{"damage":89,"enemies":"Donu and Deca","floor":50,"turns":4}],"seed_played":"-7357501750448253091","potions_obtained":[{"floor":0,"key":"Fire Potion"},{"floor":0,"key":"Weak Potion"},{"floor":0,"key":"Block Potion"},{"floor":10,"key":"SkillPotion"},{"floor":13,"key":"SteroidPotion"},{"floor":16,"key":"SneckoOil"},{"floor":23,"key":"SkillPotion"},{"floor":31,"key":"PowerPotion"},{"floor":33,"key":"Block Potion"},{"floor":36,"key":"SkillPotion"},{"floor":36,"key":"SteroidPotion"},{"floor":39,"key":"Energy Potion"},{"floor":41,"key":"Energy Potion"},{"floor":44,"key":"EssenceOfSteel"}],"is_trial":false,"path_per_floor":["M","?","M","M","$","R","?","E","T","E","M","M","M","M","R","B",null,"M","?","$","?","M","E","R","M","T","M","R","E","$","M","R","B",null,"M","?","M","M","?","R","E","T","T","M","?","E","M","$","R","B"],"character_chosen":"IRONCLAD","items_purchased":["Reaper","Letter Opener","Power Through","Energy Potion","Panacea","Toolbox"],"campfire_rested":3,"item_purchase_floors":[5,20,20,30,48,48],"current_hp_per_floor":[80,80,80,76,76,76,76,65,65,78,75,80,52,55,79,68,80,76,76,76,76,62,80,80,56,56,28,56,39,39,46,74,45,94,94,94,94,88,76,76,81,81,81,89,77,18,26,26,26,0],"gold":20,"neow_bonus":"THREE_SMALL_POTIONS","is_prod":false,"is_daily":false,"chose_seed":false,"campfire_upgraded":3,"win_rate":0,"timestamp":1562903727,"path_taken":["M","?","M","?","$","R","?","E","T","E","M","?","M","M","R","BOSS","M","?","$","?","?","E","R","M","T","?","R","E","?","M","R","BOSS","M","?","?","M","?","R","E","?","T","?","?","E","M","$","R","BOSS"],"build_version":"2019-07-05","purchased_purges":2,"victory":false,"max_hp_per_floor":[80,80,80,80,80,80,80,80,80,80,80,80,80,80,80,80,80,80,80,80,80,80,94,94,94,94,94,94,94,94,94,94,94,94,94,94,94,94,94,94,94,94,94,94,94,94,94,94,94,94],"card_choices":[{"not_picked":["Pommel Strike","Metallicize"],"picked":"Cleave","floor":1},{"not_picked":["Heavy Blade","Sword Boomerang"],"picked":"Iron Wave","floor":3},{"not_picked":["Cleave","Clash"],"picked":"Shrug It Off","floor":4},{"not_picked":["Intimidate","Body Slam"],"picked":"Spot Weakness","floor":8},{"not_picked":["Armaments","Warcry"],"picked":"Disarm","floor":10},{"not_picked":["Offering","Flame Barrier"],"picked":"Heavy Blade+1","floor":11},{"not_picked":["Blood for Blood+1","Shockwave"],"picked":"Seeing Red","floor":12},{"not_picked":["Armaments","Clash+1"],"picked":"Inflame","floor":13},{"not_picked":["Ghostly Armor","Bloodletting"],"picked":"Body Slam+1","floor":14},{"not_picked":["Fiend Fire+1","Offering"],"picked":"Reaper+1","floor":16},{"not_picked":["Armaments","Intimidate"],"picked":"Iron Wave+1","floor":18},{"not_picked":["Headbutt+1","Wild Strike+1"],"picked":"Rampage+1","floor":22},{"not_picked":["Perfected Strike+1","Flex+1"],"picked":"Immolate+1","floor":23},{"not_picked":["Havoc+1","Corruption+1"],"picked":"Thunderclap+1","floor":25},{"not_picked":["Warcry+1","Evolve","Clothesline+1"],"picked":"SKIP","floor":27},{"not_picked":["Twin Strike+1","Anger+1"],"picked":"Iron Wave+1","floor":29},{"not_picked":["Bloodletting","Havoc","Warcry"],"picked":"SKIP","floor":31},{"not_picked":["Brutality","Dark Embrace"],"picked":"Limit Break","floor":33},{"not_picked":["Anger+1","Feel No Pain+1"],"picked":"Heavy Blade+1","floor":35},{"not_picked":["Havoc","Dropkick+1"],"picked":"Pommel Strike+1","floor":37},{"not_picked":["Clothesline+1","Flex"],"picked":"Heavy Blade+1","floor":38},{"not_picked":["Thunderclap+1","Entrench"],"picked":"Flex+1","floor":39},{"not_picked":["True Grit","Blood for Blood+1"],"picked":"Body Slam+1","floor":41},{"not_picked":["Feel No Pain+1","Clash+1","Battle Trance+1"],"picked":"SKIP","floor":44},{"not_picked":["Body Slam+1","Flame Barrier"],"picked":"Dropkick+1","floor":46},{"not_picked":["Bloodletting+1","Thunderclap+1","Entrench"],"picked":"SKIP","floor":47}],"player_experience":162152,"relics_obtained":[{"floor":2,"key":"Torii"},{"floor":8,"key":"Molten Egg 2"},{"floor":9,"key":"Mummified Hand"},{"floor":10,"key":"MawBank"},{"floor":23,"key":"Anchor"},{"floor":23,"key":"Mango"},{"floor":26,"key":"FossilizedHelix"},{"floor":29,"key":"Bottled Tornado"},{"floor":29,"key":"Blood Vial"},{"floor":39,"key":"Ice Cream"},{"floor":41,"key":"PreservedInsect"},{"floor":41,"key":"Calipers"},{"floor":43,"key":"Turnip"},{"floor":46,"key":"Kunai"},{"floor":46,"key":"Pantograph"}],"event_choices":[{"damage_healed":0,"gold_gain":0,"player_choice":"Relic","damage_taken":0,"max_hp_gain":0,"max_hp_loss":0,"event_name":"Wheel of Change","floor":2,"gold_loss":0},{"damage_healed":0,"gold_gain":0,"cards_transformed":["Strike_R"],"player_choice":"Transformed","damage_taken":0,"max_hp_gain":0,"max_hp_loss":0,"event_name":"Transmorgrifier","floor":7,"gold_loss":0,"cards_obtained":["Berserk"]},{"damage_healed":0,"gold_gain":99,"player_choice":"Stole From Cult","damage_taken":0,"max_hp_gain":0,"max_hp_loss":0,"event_name":"Nest","floor":19,"gold_loss":0},{"damage_healed":0,"gold_gain":0,"cards_transformed":["Strike_R"],"player_choice":"Transformed","damage_taken":0,"max_hp_gain":0,"max_hp_loss":0,"event_name":"Transmorgrifier","floor":21,"gold_loss":0,"cards_obtained":["Limit Break"]},{"damage_healed":0,"gold_gain":0,"player_choice":"Got Potions","damage_taken":0,"max_hp_gain":0,"max_hp_loss":0,"event_name":"Lab","floor":36,"gold_loss":0},{"damage_healed":0,"gold_gain":0,"player_choice":"Fight","damage_taken":0,"max_hp_gain":0,"max_hp_loss":0,"event_name":"Mysterious Sphere","floor":39,"gold_loss":0},{"damage_healed":0,"gold_gain":0,"player_choice":"Embrace Madness","damage_taken":12,"max_hp_gain":0,"max_hp_loss":0,"event_name":"Winding Halls","floor":45,"gold_loss":0,"cards_obtained":["Madness","Madness"]}],"is_beta":false,"boss_relics":[{"not_picked":["Busted Crown","Velvet Choker"],"picked":"Black Star"},{"not_picked":["Orrery","Sozu"],"picked":"Astrolabe"}],"items_purged_floors":[30,48],"is_endless":false,"potions_floor_spawned":[1,10,12,13,16,23,31,33,39,41,44],"killed_by":"Donu and Deca","ascension_level":1}