{"gold_per_floor":[112,112,122,7,7,7,42,42,90,116,155,155,179,236,236,329,392,417,417,417,417,25,59,59,59],"floor_reached":25,"playtime":1040,"items_purged":["Pain"],"score":471,"play_id":"27a03cfe-9332-40a1-a1b5-f22a3dacc4cf","local_time":"20190702010016","is_ascension_mode":true,"campfire_choices":[{"data":"Noxious Fumes","floor":6.0,"key":"SMITH"},{"floor":8.0,"key":"REST"},{"floor":15.0,"key":"REST"},{"floor":24,"key":"REST"}],"neow_cost":"CURSE","seed_source_timestamp":655104089554803,"circlet_count":0,"master_deck":["AscendersBane","Defend_G","Defend_G","Defend_G","Defend_G","Defend_G","Survivor","Neutralize","Quick Slash","Quick Slash","Noxious Fumes+1","PiercingWail","Caltrops","All Out Attack","Adrenaline","PiercingWail","Noxious Fumes","RitualDagger","Bite","Bite","Bite","Bite","Bite","Footwork"],"special_seed":0,"relics":["Ring of the Snake","Golden Idol","Juzu Bracelet","Art of War","Odd Mushroom","Orichalcum","Tiny House","Gremlin Horn","Blood Vial"],"potions_floor_usage":[23,23],"damage_taken":[{"damage":2.0,"enemies":"2 Louse","floor":1.0,"turns":4.0},{"damage":9.0,"enemies":"Jaw Worm","floor":3.0,"turns":5.0},{"damage":37.0,"enemies":"Lagavulin","floor":7.0,"turns":9.0},{"damage":1.0,"enemies":"The Mushroom Lair","floor":10.0,"turns":4.0},{"damage":39.0,"enemies":"Gremlin Nob","floor":11.0,"turns":5.0},{"damage":0.0,"enemies":"Small Slimes","floor":13.0,"turns":4.0},{"damage":31.0,"enemies":"The Guardian","floor":16.0,"turns":11.0},{"damage":33.0,"enemies":"Spheric Guardian","floor":18.0,"turns":6.0},{"damage":26,"enemies":"Slavers","floor":23,"turns":7},{"damage":39,"enemies":"Gremlin Leader","floor":25,"turns":6}],"seed_played":"-6032146147940966590","potions_obtained":[{"floor":7.0,"key":"FairyPotion"},{"floor":13.0,"key":"Weak Potion"},{"floor":17.0,"key":"FairyPotion"},{"floor":18.0,"key":"Fire Potion"}],"is_trial":false,"path_per_floor":["M","?","M","$","?","R","E","R","T","?","E","?","M","?","R","B",null,"M","?","?","?","$","E","R","E"],"character_chosen":"THE_SILENT","items_purchased":["Noxious Fumes","GhostInAJar","Gremlin Horn","Footwork"],"campfire_rested":3,"item_purchase_floors":[4,22,22,22],"current_hp_per_floor":[69,69,60,60,60,60,23,44,44,43,4,4,4,4,25,2,59,26,20,20,20,20,6,21,0],"gold":59,"neow_bonus":"TWENTY_PERCENT_HP_BONUS","is_prod":false,"is_daily":false,"chose_seed":false,"campfire_upgraded":1,"win_rate":0,"timestamp":1562047216,"path_taken":["M","?","M","$","?","R","E","R","T","?","E","?","M","?","R","BOSS","M","?","?","?","$","E","R","E"],"build_version":"2019-06-30","purchased_purges":1,"victory":false,"max_hp_per_floor":[78,78,78,78,71,71,71,71,71,71,71,71,71,71,71,71,76,76,76,53,53,53,53,53,53],"card_choices":[{"not_picked":["Prepared","Heel Hook"],"picked":"Quick Slash","floor":1.0},{"not_picked":["Slice","Prepared"],"picked":"Quick Slash","floor":3.0},{"not_picked":["Terror","Expertise"],"picked":"PiercingWail","floor":7.0},{"not_picked":["Escape Plan","Backflip"],"picked":"Caltrops","floor":11.0},{"not_picked":["Underhanded Strike","Deadly Poison"],"picked":"All Out Attack","floor":13.0},{"not_picked":["Phantasmal Killer","Malaise"],"picked":"Adrenaline","floor":16.0},{"not_picked":["Masterful Stab","Dagger Throw"],"picked":"PiercingWail","floor":17.0},{"not_picked":["Backflip","Deflect"],"picked":"Noxious Fumes","floor":18.0},{"not_picked":["Expertise","Bouncing Flask","Bane"],"picked":"SKIP","floor":23}],"player_experience":1643342,"relics_obtained":[{"floor":7.0,"key":"Juzu Bracelet"},{"floor":9.0,"key":"Art of War"},{"floor":10.0,"key":"Odd Mushroom"},{"floor":11.0,"key":"Orichalcum"},{"floor":23,"key":"Blood Vial"}],"event_choices":[{"damage_healed":0.0,"max_hp_gain":0.0,"max_hp_loss":0.0,"gold_gain":0.0,"event_name":"Liars Game","player_choice":"Ignored","floor":2.0,"gold_loss":0.0,"damage_taken":0.0},{"damage_healed":0.0,"max_hp_gain":0.0,"max_hp_loss":7.0,"gold_gain":0.0,"event_name":"Golden Idol","player_choice":"Lose Max HP","floor":5.0,"gold_loss":0.0,"damage_taken":0.0,"relics_obtained":["Golden Idol"]},{"damage_healed":0.0,"max_hp_gain":0.0,"max_hp_loss":0.0,"gold_gain":0.0,"event_name":"Mushrooms","player_choice":"Fought Mushrooms","floor":10.0,"gold_loss":0.0,"damage_taken":0.0},{"damage_healed":0.0,"max_hp_gain":0.0,"max_hp_loss":0.0,"gold_gain":0.0,"event_name":"Shining Light","player_choice":"Ignored","floor":12.0,"gold_loss":0.0,"damage_taken":0.0},{"damage_healed":0.0,"max_hp_gain":0.0,"max_hp_loss":0.0,"gold_gain":57.0,"event_name":"Golden Wing","player_choice":"Gained Gold","floor":14.0,"gold_loss":0.0,"damage_taken":0.0},{"damage_healed":0.0,"max_hp_gain":0.0,"max_hp_loss":0.0,"gold_gain":0.0,"event_name":"Nest","player_choice":"Joined the Cult","floor":19.0,"gold_loss":0.0,"damage_taken":6.0,"cards_obtained":["RitualDagger"]},{"damage_healed":0.0,"max_hp_gain":0.0,"max_hp_loss":23.0,"gold_gain":0.0,"event_name":"Vampires","player_choice":"Became a vampire","floor":20.0,"gold_loss":0.0,"damage_taken":0.0,"cards_obtained":["Bite","Bite","Bite","Bite","Bite"]},{"damage_healed":0.0,"max_hp_gain":0.0,"max_hp_loss":0.0,"gold_gain":0.0,"event_name":"Match and Keep!","player_choice":"0 cards matched","floor":21.0,"gold_loss":0.0,"damage_taken":0.0,"cards_obtained":[]}],"is_beta":true,"boss_relics":[{"not_picked":["White Beast Statue","Velvet Choker"],"picked":"Tiny House"}],"items_purged_floors":[4],"is_endless":false,"potions_floor_spawned":[7,13,18],"killed_by":"Gremlin Leader","ascension_level":20}