{"gold_per_floor":[360,377,394,0,16,16,51,51,101,101,130,144,157,70,70,143,143,155,173,32,49,69,69,100,100,125,125,142,172,0,0,0,74,74,89,89],"floor_reached":36,"playtime":1678,"items_purged":["Strike_G","Strike_G"],"score":807,"play_id":"71ea1092-e52c-49d2-bcc7-1d49298aef50","local_time":"20190627024719","is_ascension_mode":true,"campfire_choices":[{"data":"Deadly Poison","floor":6,"key":"SMITH"},{"floor":8,"key":"REST"},{"data":"Predator","floor":10,"key":"SMITH"},{"data":"Neutralize","floor":15,"key":"SMITH"},{"data":"Glass Knife","floor":23,"key":"SMITH"},{"floor":25,"key":"REST"},{"data":"Noxious Fumes","floor":27,"key":"SMITH"},{"data":"Ghostly","floor":32,"key":"SMITH"}],"neow_cost":"PERCENT_DAMAGE","seed_source_timestamp":229011233144455,"circlet_count":0,"master_deck":["AscendersBane","Strike_G","Strike_G+1","Strike_G","Defend_G+1","Defend_G","Defend_G","Defend_G","Defend_G","Survivor","Neutralize+1","Flying Knee","Predator+1","Footwork","Deadly Poison+1","Dagger Spray","Backflip","Poisoned Stab","Venomology","Dodge and Roll+1","Noxious Fumes+1","Glass Knife+1","All Out Attack","Footwork","Well Laid Plans","Backflip+1","Injury","Backstab","Backstab+1","Ghostly+1","Ghostly","Ghostly","Malaise"],"relics":["Ring of the Snake","Strange Spoon","Darkstone Periapt","Bag of Marbles","Blood Vial","Cursed Key","Mercury Hourglass","War Paint","Whetstone","Potion Belt","Velvet Choker"],"potions_floor_usage":[5,7,11,16,16,18,18,19,21,22,24,24,28,29,29,29,33,36],"damage_taken":[{"damage":3,"enemies":"Cultist","floor":1,"turns":5},{"damage":2,"enemies":"Jaw Worm","floor":2,"turns":7},{"damage":4,"enemies":"Small Slimes","floor":3,"turns":5},{"damage":0,"enemies":"Red Slaver","floor":5,"turns":5},{"damage":10,"enemies":"Lagavulin","floor":7,"turns":7},{"damage":17,"enemies":"3 Sentries","floor":11,"turns":6},{"damage":0,"enemies":"3 Louse","floor":12,"turns":2},{"damage":2,"enemies":"Blue Slaver","floor":13,"turns":4},{"damage":5,"enemies":"Hexaghost","floor":16,"turns":10},{"damage":9,"enemies":"Shell Parasite","floor":18,"turns":7},{"damage":0,"enemies":"Chosen","floor":19,"turns":4},{"damage":19,"enemies":"Shelled Parasite and Fungi","floor":21,"turns":8},{"damage":8,"enemies":"Snecko","floor":22,"turns":6},{"damage":33,"enemies":"Book of Stabbing","floor":24,"turns":5},{"damage":9,"enemies":"Cultist and Chosen","floor":28,"turns":5},{"damage":12,"enemies":"Gremlin Leader","floor":29,"turns":5},{"damage":17,"enemies":"Champ","floor":33,"turns":15},{"damage":12,"enemies":"Orb Walker","floor":35,"turns":2},{"damage":17,"enemies":"2 Orb Walkers","floor":36,"turns":3}],"seed_played":"2448985289432366045","potions_obtained":[{"floor":3,"key":"AttackPotion"},{"floor":7,"key":"Weak Potion"},{"floor":11,"key":"Block Potion"},{"floor":13,"key":"EssenceOfSteel"},{"floor":16,"key":"Ancient Potion"},{"floor":19,"key":"Dexterity Potion"},{"floor":21,"key":"Poison Potion"},{"floor":28,"key":"Regen Potion"},{"floor":29,"key":"FearPotion"}],"is_trial":false,"path_per_floor":["M","M","M","$","M","R","E","R","T","R","E","M","M","$","R","B",null,"M","M","$","M","M","R","E","R","T","R","M","E","$","?","R","B",null,"M","?"],"character_chosen":"THE_SILENT","items_purchased":["Strange Spoon","Deadly Poison","PowerPotion","Noxious Fumes","Footwork","Potion Belt"],"campfire_rested":2,"item_purchase_floors":[4,4,4,14,20,30],"current_hp_per_floor":[41,39,35,35,35,35,25,44,44,44,27,29,29,29,29,26,56,63,65,65,47,41,41,10,29,35,35,28,33,33,33,33,18,32,22,7],"gold":89,"neow_bonus":"TWO_FIFTY_GOLD","is_prod":false,"is_daily":false,"chose_seed":false,"campfire_upgraded":6,"win_rate":0,"timestamp":1561621639,"path_taken":["M","M","M","$","M","R","E","R","T","R","E","M","M","$","R","BOSS","M","?","$","M","M","R","E","R","T","R","M","E","$","?","R","BOSS","M","?"],"build_version":"2019-06-24","purchased_purges":2,"victory":false,"max_hp_per_floor":[66,66,66,66,66,66,66,66,66,66,66,66,66,66,66,66,66,66,66,66,66,66,66,66,66,72,72,72,72,72,36,36,36,36,36,36],"card_choices":[{"not_picked":["Prepared","Reflex"],"picked":"Flying Knee","floor":1},{"not_picked":["Concentrate","Underhanded Strike"],"picked":"Predator","floor":2},{"not_picked":["Flying Knee","PiercingWail"],"picked":"Footwork","floor":3},{"not_picked":["Flying Knee","Quick Slash"],"picked":"Dagger Spray","floor":5},{"not_picked":["Quick Slash","Blade Dance"],"picked":"Backflip","floor":7},{"not_picked":["Sucker Punch","Expertise"],"picked":"Poisoned Stab","floor":11},{"not_picked":["Quick Slash","Prepared"],"picked":"Venomology","floor":12},{"not_picked":["Masterful Stab","Deadly Poison"],"picked":"Dodge and Roll","floor":13},{"not_picked":["Unload","Storm of Steel"],"picked":"Glass Knife","floor":16},{"not_picked":["Prepared","Endless Agony+1","Quick Slash"],"picked":"SKIP","floor":18},{"not_picked":["Eviscerate","Flying Knee"],"picked":"All Out Attack","floor":19},{"not_picked":["Leg Sweep","Infinite Blades"],"picked":"Well Laid Plans","floor":21},{"not_picked":["Acrobatics","Terror"],"picked":"Backflip+1","floor":22},{"not_picked":["Flying Knee","Sucker Punch","Dagger Throw"],"picked":"SKIP","floor":24},{"not_picked":["Dagger Spray","Burst"],"picked":"Backstab","floor":28},{"not_picked":["Eviscerate","Tactician"],"picked":"Backstab","floor":29},{"not_picked":["Tools of the Trade","Phantasmal Killer"],"picked":"Malaise","floor":33},{"not_picked":["Poisoned Stab","All Out Attack","Quick Slash"],"picked":"SKIP","floor":35}],"player_experience":1575068,"relics_obtained":[{"floor":7,"key":"Darkstone Periapt"},{"floor":9,"key":"Bag of Marbles"},{"floor":11,"key":"Blood Vial"},{"floor":24,"key":"Mercury Hourglass"},{"floor":26,"key":"War Paint"},{"floor":29,"key":"Whetstone"}],"event_choices":[{"damage_healed":0,"gold_gain":0,"player_choice":"Became a Ghost","damage_taken":0,"max_hp_gain":0,"max_hp_loss":36,"event_name":"Ghosts","floor":31,"gold_loss":0,"cards_obtained":["Ghostly","Ghostly","Ghostly"]},{"damage_healed":0,"gold_gain":0,"player_choice":"Fight","damage_taken":0,"max_hp_gain":0,"max_hp_loss":0,"event_name":"Mysterious Sphere","floor":36,"gold_loss":0}],"is_beta":true,"boss_relics":[{"not_picked":["Black Star","Runic Pyramid"],"picked":"Cursed Key"},{"not_picked":["Coffee Dripper","Calling Bell"],"picked":"Velvet Choker"}],"items_purged_floors":[4,20],"is_endless":false,"potions_floor_spawned":[3,7,11,13,16,19,21,28,29],"killed_by":"2 Orb Walkers","ascension_level":19}