{"gold_per_floor":[110,32,47,23,23,23,50,50,50,50,78,98,117,42,42,116,116,133,433,433,433],"floor_reached":21,"playtime":471,"items_purged":[],"score":410,"play_id":"af5a8cde-b4f6-4900-a215-be503e9c3daa","local_time":"20190630141944","is_ascension_mode":true,"campfire_choices":[{"data":"Zap","floor":6.0,"key":"SMITH"},{"data":"Static Discharge","floor":8.0,"key":"SMITH"},{"data":"Melter","floor":10.0,"key":"SMITH"},{"data":"Doom and Gloom","floor":15.0,"key":"SMITH"}],"neow_cost":"NONE","seed_source_timestamp":530952643745613,"circlet_count":0,"master_deck":["AscendersBane","Strike_B","Strike_B","Strike_B","Defend_B","Defend_B","Defend_B","Defend_B","Zap+1","Dualcast","Melter+1","Doom and Gloom+1","Static Discharge+1","Compile Driver","Gash","Coolheaded"],"special_seed":0,"relics":["Cracked Core","NeowsBlessing","Omamori","Du-Vu Doll","Bag of Marbles","Sozu","Old Coin","Nilry\u0027s Codex"],"potions_floor_usage":[21],"damage_taken":[{"damage":0.0,"enemies":"Cultist","floor":1.0,"turns":1.0},{"damage":0.0,"enemies":"2 Louse","floor":3.0,"turns":1.0},{"damage":0.0,"enemies":"Gremlin Nob","floor":7.0,"turns":1.0},{"damage":20.0,"enemies":"3 Sentries","floor":11.0,"turns":4.0},{"damage":7.0,"enemies":"Jaw Worm","floor":12.0,"turns":2.0},{"damage":1.0,"enemies":"Exordium Wildlife","floor":13.0,"turns":2.0},{"damage":31.0,"enemies":"The Guardian","floor":16.0,"turns":8.0},{"damage":21.0,"enemies":"2 Thieves","floor":18.0,"turns":2.0},{"damage":17,"enemies":"Shell Parasite","floor":21,"turns":2}],"seed_played":"444556286714941269","potions_obtained":[{"floor":1.0,"key":"FocusPotion"},{"floor":12.0,"key":"EntropicBrew"},{"floor":16.0,"key":"FearPotion"}],"is_trial":false,"path_per_floor":["M","$","M","$","?","R","E","R","T","R","E","M","M","?","R","B",null,"M","?","?","M"],"character_chosen":"DEFECT","items_purchased":["Doom and Gloom","Compile Driver"],"campfire_rested":0,"item_purchase_floors":[2,4],"current_hp_per_floor":[64,64,64,64,64,64,64,64,64,64,44,37,36,36,36,5,55,34,34,13,0],"gold":433,"neow_bonus":"THREE_ENEMY_KILL","is_prod":false,"is_daily":false,"chose_seed":false,"campfire_upgraded":4,"win_rate":0,"timestamp":1561922384,"path_taken":["M","$","M","$","?","R","E","R","T","R","E","M","M","?","R","BOSS","M","?","?","M"],"build_version":"2019-06-29","purchased_purges":0,"victory":false,"max_hp_per_floor":[71,71,71,71,71,71,71,71,71,71,71,71,71,71,71,71,71,71,71,71,71],"card_choices":[{"not_picked":["Steam","Leap"],"picked":"Melter","floor":1.0},{"not_picked":["Rebound","Streamline"],"picked":"Static Discharge","floor":3.0},{"not_picked":["Stack","Rebound","Fusion"],"picked":"SKIP","floor":7.0},{"not_picked":["Double Energy","Redo"],"picked":"Gash","floor":11.0},{"not_picked":["Conserve Battery","Reinforced Body"],"picked":"Coolheaded","floor":12.0},{"not_picked":["Compile Driver","Rip and Tear","Heatsinks"],"picked":"SKIP","floor":13.0},{"not_picked":["Turbo","Steam","Recycle"],"picked":"SKIP","floor":18.0}],"player_experience":1589485,"relics_obtained":[{"floor":7.0,"key":"Omamori"},{"floor":9.0,"key":"Du-Vu Doll"},{"floor":11.0,"key":"Bag of Marbles"},{"floor":20,"key":"Nilry\u0027s Codex"}],"event_choices":[{"damage_healed":0.0,"max_hp_gain":0.0,"max_hp_loss":0.0,"gold_gain":0.0,"event_name":"Liars Game","player_choice":"Ignored","floor":5.0,"gold_loss":0.0,"damage_taken":0.0},{"cards_removed":["Strike_B"],"damage_healed":0.0,"max_hp_gain":0.0,"max_hp_loss":0.0,"gold_gain":0.0,"event_name":"The Cleric","player_choice":"Card Removal","floor":14.0,"gold_loss":75.0,"damage_taken":0.0},{"damage_healed":0,"gold_gain":0,"player_choice":"Opened","damage_taken":0,"relics_obtained":["Old Coin"],"max_hp_gain":0,"max_hp_loss":0,"event_name":"The Mausoleum","floor":19,"gold_loss":0,"cards_obtained":["Writhe"]},{"damage_healed":0,"gold_gain":0,"player_choice":"Obtained Book","damage_taken":21,"max_hp_gain":0,"max_hp_loss":0,"event_name":"Cursed Tome","floor":20,"gold_loss":0}],"is_beta":true,"boss_relics":[{"not_picked":["Pandora\u0027s Box","Eternal Feather"],"picked":"Sozu"}],"items_purged_floors":[],"is_endless":false,"potions_floor_spawned":[1,12,16,18],"killed_by":"Shell Parasite","ascension_level":19}