{"gold_per_floor":[119,138,153,171,126,126,151,151,151,164,164,191,226,301,301,372,372,389,304,314,386,398,398,424,424,424,424,435,351,381,407,407,480,480,498,498,86,186,186,196,196,207,207,226,241,27,27,44,44,44],"floor_reached":51,"playtime":8287,"items_purged":["Writhe"],"score":1154,"play_id":"ffac4073-170e-414b-b2ea-3a40f326ddd4","local_time":"20190713173757","is_ascension_mode":true,"campfire_choices":[{"data":"Wild Strike","floor":6.0,"key":"SMITH"},{"floor":8.0,"key":"REST"},{"floor":15.0,"key":"REST"},{"data":"True Grit","floor":23.0,"key":"SMITH"},{"data":"Second Wind","floor":25.0,"key":"SMITH"},{"floor":32.0,"key":"REST"},{"data":"Armaments","floor":41.0,"key":"SMITH"},{"floor":49,"key":"REST"}],"neow_cost":"PERCENT_DAMAGE","seed_source_timestamp":294541129711453,"circlet_count":0,"master_deck":["AscendersBane","Strike_R","Strike_R","Strike_R","Defend_R","Defend_R","Defend_R","Defend_R","Bash","Wild Strike+1","Twin Strike","Shrug It Off","Anger+1","Clothesline","Burning Pact","True Grit+1","Parasite","Limit Break","Second Wind+1","True Grit","Shockwave+1","Headbutt","Inflame","Armaments+1","Juggernaut","Iron Wave","Jack Of All Trades","Headbutt","Metallicize","Clothesline+1","Cleave+1","Battle Trance+1","Limit Break","Clumsy","Rampage+1"],"special_seed":0,"relics":["Burning Blood","Dead Branch","Kunai","Regal Pillow","Gremlin Horn","Mark of Pain","Ancient Tea Set","Letter Opener","Red Skull","Meat on the Bone","Tiny Chest","Art of War","Cursed Key","Oddly Smooth Stone","HandDrill","Ice Cream","Bottled Flame"],"potions_floor_usage":[44,48,50],"damage_taken":[{"damage":18.0,"enemies":"Cultist","floor":1.0,"turns":6.0},{"damage":9.0,"enemies":"Jaw Worm","floor":2.0,"turns":3.0},{"damage":7.0,"enemies":"Small Slimes","floor":3.0,"turns":3.0},{"damage":16.0,"enemies":"Exordium Thugs","floor":4.0,"turns":5.0},{"damage":22.0,"enemies":"Lagavulin","floor":7.0,"turns":6.0},{"damage":9.0,"enemies":"Exordium Wildlife","floor":10.0,"turns":4.0},{"damage":25.0,"enemies":"Gremlin Nob","floor":13.0,"turns":4.0},{"damage":40.0,"enemies":"Slime Boss","floor":16.0,"turns":9.0},{"damage":1.0,"enemies":"Spheric Guardian","floor":18.0,"turns":3.0},{"damage":6.0,"enemies":"Shell Parasite","floor":20.0,"turns":2.0},{"damage":27.0,"enemies":"Snecko","floor":22.0,"turns":6.0},{"damage":14.0,"enemies":"Gremlin Leader","floor":24.0,"turns":6.0},{"damage":0.0,"enemies":"Centurion and Healer","floor":28.0,"turns":3.0},{"damage":35.0,"enemies":"Slavers","floor":31.0,"turns":4.0},{"damage":55.0,"enemies":"Collector","floor":33.0,"turns":9.0},{"damage":15.0,"enemies":"Orb Walker","floor":35.0,"turns":4.0},{"damage":4.0,"enemies":"Mind Bloom Boss Battle","floor":38.0,"turns":7.0},{"damage":1.0,"enemies":"3 Shapes","floor":40.0,"turns":5.0},{"damage":28.0,"enemies":"Spire Growth","floor":42.0,"turns":6.0},{"damage":7,"enemies":"Transient","floor":44,"turns":5},{"damage":26,"enemies":"Jaw Worm Horde","floor":45,"turns":3},{"damage":24,"enemies":"4 Shapes","floor":48,"turns":2},{"damage":63,"enemies":"Donu and Deca","floor":50,"turns":6}],"seed_played":"-2471335510584505260","potions_obtained":[{"floor":2.0,"key":"Fire Potion"},{"floor":7.0,"key":"Explosive Potion"},{"floor":13.0,"key":"Fire Potion"},{"floor":18.0,"key":"AttackPotion"},{"floor":24.0,"key":"Weak Potion"},{"floor":28.0,"key":"Energy Potion"},{"floor":31.0,"key":"Poison Potion"},{"floor":38.0,"key":"Swift Potion"},{"floor":42.0,"key":"Strength Potion"},{"floor":44,"key":"Poison Potion"}],"is_trial":false,"path_per_floor":["M","M","M","M","$","R","E","R","T","M","?","T","E","?","R","B",null,"M","?","M","T","M","R","E","R","T","?","M","$","?","E","R","B",null,"M","?","$","?","?","M","R","M","T","M","M","$","T","M","R","B",null],"character_chosen":"IRONCLAD","items_purchased":["Clothesline","Inflame","Armaments","Oddly Smooth Stone","HandDrill","PowerPotion","Limit Break"],"campfire_rested":4,"item_purchase_floors":[5,29,29,37,37,37,46],"current_hp_per_floor":[38,35,34,24,24,24,8,30,30,27,45,45,26,15,52,18,61,66,66,66,66,45,45,37,37,37,37,55,55,55,38,75,38,66,57,57,57,59,59,64,64,54,54,53,45,45,45,39,75,30],"gold":44,"neow_bonus":"REMOVE_TWO","is_prod":false,"is_daily":false,"chose_seed":false,"campfire_upgraded":4,"win_rate":0,"timestamp":1563053877,"path_taken":["M","M","?","M","$","R","E","R","T","M","?","?","E","?","R","BOSS","M","?","M","?","M","R","E","R","T","?","M","$","?","E","R","BOSS","M","?","$","?","?","M","R","M","T","M","?","?","?","M","R","BOSS"],"build_version":"2019-07-05","purchased_purges":1,"victory":true,"max_hp_per_floor":[75,75,75,75,75,75,75,75,75,75,75,75,75,75,75,75,75,75,75,75,75,75,75,75,75,75,75,75,75,75,75,75,75,75,75,75,75,75,75,75,75,75,75,75,75,75,75,75,75,75],"card_choices":[{"not_picked":["Battle Trance","Entrench"],"picked":"Wild Strike","floor":1.0},{"not_picked":["Dual Wield","Armaments"],"picked":"Twin Strike","floor":2.0},{"not_picked":["Pommel Strike","Ghostly Armor"],"picked":"Shrug It Off","floor":3.0},{"not_picked":["Rupture","Hemokinesis"],"picked":"Anger","floor":4.0},{"not_picked":["Body Slam","Rupture"],"picked":"Burning Pact","floor":7.0},{"not_picked":["Wild Strike","Armaments"],"picked":"True Grit","floor":10.0},{"not_picked":["Burning Pact","Heavy Blade","Berserk"],"picked":"SKIP","floor":13.0},{"not_picked":["Impervious","Barricade"],"picked":"Limit Break","floor":16.0},{"not_picked":["Metallicize","Pommel Strike+1"],"picked":"Second Wind","floor":18.0},{"not_picked":["Clash+1","Clothesline"],"picked":"True Grit","floor":20.0},{"not_picked":["Bloodletting","Anger"],"picked":"Shockwave+1","floor":22.0},{"not_picked":["Twin Strike","Intimidate","Flex"],"picked":"SKIP","floor":24.0},{"not_picked":["Perfected Strike","Warcry"],"picked":"Headbutt","floor":28.0},{"not_picked":["Perfected Strike","Warcry","Flex"],"picked":"SKIP","floor":31.0},{"not_picked":["Barricade","Feed"],"picked":"Juggernaut","floor":33.0},{"not_picked":["Rage","Body Slam"],"picked":"Iron Wave","floor":35.0},{"not_picked":["Enlightenment","Impatience"],"picked":"Jack Of All Trades","floor":36.0},{"not_picked":["Flex","Perfected Strike"],"picked":"Headbutt","floor":38.0},{"not_picked":["Heavy Blade+1","Dual Wield"],"picked":"Metallicize","floor":40.0},{"not_picked":["Havoc+1","Headbutt"],"picked":"Clothesline+1","floor":42.0},{"not_picked":["Carnage","Anger"],"picked":"Cleave+1","floor":44},{"not_picked":["True Grit","Pummel"],"picked":"Battle Trance+1","floor":45},{"not_picked":["Sever Soul","Combust"],"picked":"Rampage+1","floor":48}],"player_experience":536564,"relics_obtained":[{"floor":7.0,"key":"Dead Branch"},{"floor":9.0,"key":"Kunai"},{"floor":12.0,"key":"Regal Pillow"},{"floor":13.0,"key":"Gremlin Horn"},{"floor":21.0,"key":"Letter Opener"},{"floor":24.0,"key":"Red Skull"},{"floor":26.0,"key":"Meat on the Bone"},{"floor":31.0,"key":"Art of War"},{"floor":38.0,"key":"Ice Cream"},{"floor":47,"key":"Bottled Flame"}],"event_choices":[{"damage_healed":18.0,"max_hp_gain":0.0,"max_hp_loss":0.0,"gold_gain":0.0,"event_name":"Mushrooms","player_choice":"Healed and dodged fight","floor":11.0,"gold_loss":0.0,"damage_taken":0.0,"cards_obtained":["Parasite"]},{"damage_healed":0.0,"max_hp_gain":0.0,"max_hp_loss":0.0,"gold_gain":75.0,"event_name":"World of Goop","player_choice":"Gather Gold","floor":14.0,"gold_loss":0.0,"damage_taken":11.0},{"damage_healed":0.0,"max_hp_gain":0.0,"max_hp_loss":0.0,"gold_gain":0.0,"event_name":"Addict","player_choice":"Obtained Relic","floor":19.0,"gold_loss":85.0,"damage_taken":0.0,"relics_obtained":["Ancient Tea Set"]},{"damage_healed":0.0,"max_hp_gain":0.0,"max_hp_loss":0.0,"gold_gain":0.0,"event_name":"Beggar","player_choice":"Ignored","floor":27.0,"gold_loss":0.0,"damage_taken":0.0},{"damage_healed":0.0,"max_hp_gain":0.0,"max_hp_loss":0.0,"gold_gain":0.0,"event_name":"The Mausoleum","player_choice":"Opened","floor":30.0,"gold_loss":0.0,"damage_taken":0.0,"relics_obtained":["Tiny Chest"],"cards_obtained":["Writhe"]},{"damage_healed":0.0,"max_hp_gain":0.0,"max_hp_loss":0.0,"gold_gain":0.0,"event_name":"SensoryStone","player_choice":"Memory 1","floor":36.0,"gold_loss":0.0,"damage_taken":0.0},{"damage_healed":0.0,"max_hp_gain":0.0,"max_hp_loss":0.0,"gold_gain":0.0,"event_name":"MindBloom","player_choice":"Fight","floor":38.0,"gold_loss":0.0,"damage_taken":0.0},{"damage_healed":0.0,"max_hp_gain":0.0,"max_hp_loss":0.0,"gold_gain":0.0,"event_name":"Upgrade Shrine","player_choice":"Upgraded","floor":39.0,"gold_loss":0.0,"damage_taken":0.0,"cards_upgraded":["Anger"]}],"is_beta":false,"boss_relics":[{"not_picked":["Astrolabe","Pandora\u0027s Box"],"picked":"Mark of Pain"},{"not_picked":["Snecko Eye","Empty Cage"],"picked":"Cursed Key"}],"items_purged_floors":[46],"is_endless":false,"potions_floor_spawned":[2,7,13,18,24,28,31,38,42,44],"ascension_level":15}