{"gold_per_floor":[159,159,159,176,193,193,204,234,260,260,275,291,302,322,322,420,420,431,431,167,167,185,185,215,215,240,240,240,254,267,17,17,121,121,135,152,0,0,0,0,0],"floor_reached":41,"playtime":3389,"items_purged":["Decay","Pain"],"score":438,"play_id":"e1f27933-ca0f-4008-b3e8-ecab869636d5","local_time":"20190704194558","is_ascension_mode":false,"campfire_choices":[{"data":"A Thousand Cuts","floor":6,"key":"SMITH"},{"data":"Doppelganger","floor":15,"key":"SMITH"},{"floor":23,"key":"DIG"},{"data":"Wraith Form v2","floor":25,"key":"SMITH"},{"data":"Bouncing Flask","floor":27,"key":"SMITH"},{"floor":32,"key":"DIG"},{"data":"Bullet Time","floor":40,"key":"SMITH"}],"neow_cost":"NONE","seed_source_timestamp":437827251533835,"circlet_count":0,"master_deck":["Defend_G","Defend_G","Defend_G","Defend_G+1","Defend_G","Survivor","Neutralize","Calculated Gamble","Bouncing Flask+1","A Thousand Cuts+1","Doppelganger+1","Backflip","Quick Slash","Adrenaline","Deflect","Outmaneuver","Poisoned Stab","Die Die Die","Night Terror","Poisoned Stab+1","Footwork","Bite","Bite","Bite","Bite","Bite","Infinite Blades","Wraith Form v2+1","Doubt","Bullet Time+1","Acrobatics+1","Outmaneuver"],"relics":["Tiny House","Orichalcum","Boot","Oddly Smooth Stone","Calling Bell","Juzu Bracelet","Sundial","Shovel","Snake Skull","WingedGreaves","Lantern","Bronze Scales","Vajra","Dream Catcher","White Beast Statue","Red Mask","NlothsMask"],"potions_floor_usage":[8,11,16,16,33,35,41],"damage_taken":[{"damage":0,"enemies":"Small Slimes","floor":1,"turns":4},{"damage":0,"enemies":"Jaw Worm","floor":4,"turns":6},{"damage":7,"enemies":"Cultist","floor":5,"turns":5},{"damage":3,"enemies":"Large Slime","floor":7,"turns":7},{"damage":26,"enemies":"3 Sentries","floor":8,"turns":8},{"damage":0,"enemies":"Lots of Slimes","floor":11,"turns":2},{"damage":0,"enemies":"Looter","floor":12,"turns":4},{"damage":3,"enemies":"Large Slime","floor":13,"turns":5},{"damage":0,"enemies":"3 Louse","floor":14,"turns":4},{"damage":17,"enemies":"Hexaghost","floor":16,"turns":8},{"damage":0,"enemies":"Chosen","floor":18,"turns":5},{"damage":16,"enemies":"2 Thieves","floor":22,"turns":3},{"damage":40,"enemies":"Gremlin Leader","floor":24,"turns":7},{"damage":1,"enemies":"Chosen and Byrds","floor":29,"turns":5},{"damage":4,"enemies":"Snake Plant","floor":30,"turns":4},{"damage":22,"enemies":"Collector","floor":33,"turns":10},{"damage":15,"enemies":"3 Darklings","floor":35,"turns":4},{"damage":33,"enemies":"3 Shapes","floor":36,"turns":4},{"damage":21,"enemies":"Transient","floor":41,"turns":4}],"seed_played":"1038264485759288840","potions_obtained":[{"floor":0,"key":"SkillPotion"},{"floor":5,"key":"Explosive Potion"},{"floor":7,"key":"Poison Potion"},{"floor":11,"key":"AttackPotion"},{"floor":13,"key":"Dexterity Potion"},{"floor":16,"key":"SteroidPotion"},{"floor":22,"key":"Ancient Potion"},{"floor":30,"key":"Block Potion"},{"floor":33,"key":"Strength Potion"},{"floor":35,"key":"SteroidPotion"},{"floor":36,"key":"Explosive Potion"}],"is_trial":false,"path_per_floor":["M","?","?","M","M","R","M","E","T","?","M","M","M","M","R","B",null,"M","?","$","?","M","R","E","R","T","R","?","M","M","$","R","B",null,"M","M","?","?","?","R","M"],"character_chosen":"THE_SILENT","items_purchased":["Snake Skull","Footwork","Vajra"],"campfire_rested":0,"item_purchase_floors":[20,20,31],"current_hp_per_floor":[75,75,75,75,68,68,65,39,39,39,39,39,36,36,36,19,75,75,75,75,52,40,40,10,10,10,10,10,17,21,21,21,13,52,39,12,12,12,12,12,0],"gold":0,"neow_bonus":"BOSS_RELIC","is_prod":false,"is_daily":false,"chose_seed":false,"campfire_upgraded":5,"win_rate":0.0,"timestamp":1562237158,"path_taken":["M","?","?","M","M","R","?","E","T","?","?","M","M","M","R","BOSS","M","?","$","?","M","R","E","R","T","R","?","M","M","$","R","BOSS","M","M","?","?","?","R","M"],"build_version":"2019-07-01","purchased_purges":2,"victory":false,"max_hp_per_floor":[75,75,75,75,75,75,75,75,75,75,75,75,75,75,75,75,75,75,75,75,52,52,52,52,52,52,52,52,52,52,52,52,52,52,52,52,52,52,52,52,52],"card_choices":[{"not_picked":["Acrobatics","Poisoned Stab"],"picked":"Calculated Gamble","floor":0},{"not_picked":["Endless Agony","Outmaneuver"],"picked":"Bouncing Flask","floor":1},{"not_picked":["PiercingWail","Flechettes"],"picked":"Doppelganger","floor":4},{"not_picked":["Riddle With Holes","PiercingWail"],"picked":"Backflip","floor":5},{"not_picked":["Dodge and Roll","PiercingWail"],"picked":"Quick Slash","floor":7},{"not_picked":["Footwork","Endless Agony"],"picked":"Adrenaline","floor":8},{"not_picked":["Skewer","Slice"],"picked":"Deflect","floor":11},{"not_picked":["Dodge and Roll","Masterful Stab"],"picked":"Outmaneuver","floor":12},{"not_picked":["Tactician","Flechettes"],"picked":"Poisoned Stab","floor":13},{"not_picked":["Underhanded Strike","All Out Attack"],"picked":"Die Die Die","floor":14},{"not_picked":["Envenom","After Image"],"picked":"Night Terror","floor":16},{"not_picked":["Sucker Punch","Masterful Stab"],"picked":"Poisoned Stab+1","floor":18},{"not_picked":["Underhanded Strike+1","All Out Attack"],"picked":"Infinite Blades","floor":22},{"not_picked":["Footwork","Acrobatics+1"],"picked":"Wraith Form v2","floor":24},{"not_picked":["Crippling Poison","Reflex","Deflect"],"picked":"SKIP","floor":29},{"not_picked":["Dodge and Roll+1","After Image","Acrobatics"],"picked":"SKIP","floor":30},{"not_picked":["Malaise","Die Die Die"],"picked":"Bullet Time","floor":33},{"not_picked":["Finisher","Outmaneuver+1"],"picked":"Acrobatics+1","floor":35},{"not_picked":["Blade Dance","PiercingWail+1"],"picked":"Outmaneuver","floor":36}],"player_experience":26227,"relics_obtained":[{"floor":8,"key":"Orichalcum"},{"floor":9,"key":"Boot"},{"floor":10,"key":"Oddly Smooth Stone"},{"floor":17,"key":"Juzu Bracelet"},{"floor":17,"key":"Sundial"},{"floor":17,"key":"Shovel"},{"floor":23,"key":"WingedGreaves"},{"floor":24,"key":"Lantern"},{"floor":26,"key":"Bronze Scales"},{"floor":32,"key":"Dream Catcher"}],"event_choices":[{"damage_healed":0,"gold_gain":0,"cards_transformed":["Strike_G"],"player_choice":"Change","damage_taken":0,"max_hp_gain":0,"max_hp_loss":0,"event_name":"Living Wall","floor":2,"gold_loss":0,"cards_obtained":["A Thousand Cuts"]},{"cards_removed":["Strike_G"],"damage_healed":0,"gold_gain":0,"player_choice":"Purged","damage_taken":0,"max_hp_gain":0,"max_hp_loss":0,"event_name":"Purifier","floor":3,"gold_loss":0},{"damage_healed":0,"gold_gain":0,"player_choice":"Relic","damage_taken":0,"max_hp_gain":0,"max_hp_loss":0,"event_name":"Wheel of Change","floor":10,"gold_loss":0},{"damage_healed":0,"gold_gain":0,"player_choice":"Bought 0 Potions","damage_taken":0,"max_hp_gain":0,"max_hp_loss":0,"event_name":"The Woman in Blue","floor":19,"gold_loss":0},{"damage_healed":0,"gold_gain":0,"player_choice":"Became a vampire","damage_taken":0,"max_hp_gain":0,"max_hp_loss":23,"event_name":"Vampires","floor":21,"gold_loss":0,"cards_obtained":["Bite","Bite","Bite","Bite","Bite"]},{"damage_healed":0,"gold_gain":0,"cards_transformed":["Clumsy","Injury"],"player_choice":"Became Test Subject","damage_taken":0,"max_hp_gain":0,"max_hp_loss":0,"event_name":"Drug Dealer","floor":28,"gold_loss":0,"cards_obtained":["Pain","Doubt"]},{"damage_healed":0,"gold_gain":0,"player_choice":"Paid","damage_taken":0,"relics_obtained":["Red Mask"],"max_hp_gain":0,"max_hp_loss":0,"event_name":"Tomb of Lord Red Mask","floor":37,"gold_loss":152},{"damage_healed":0,"gold_gain":0,"player_choice":"Ignored","damage_taken":0,"max_hp_gain":0,"max_hp_loss":0,"event_name":"The Moai Head","floor":38,"gold_loss":0},{"damage_healed":0,"gold_gain":0,"player_choice":"Trade","damage_taken":0,"relics_obtained":["NlothsMask"],"max_hp_gain":0,"max_hp_loss":0,"event_name":"FaceTrader","floor":39,"gold_loss":0}],"is_beta":false,"boss_relics":[{"not_picked":["Fusion Hammer","WristBlade"],"picked":"Calling Bell"},{"not_picked":["Lizard Tail","HoveringKite"],"picked":"White Beast Statue"}],"items_purged_floors":[20,31],"is_endless":false,"potions_floor_spawned":[5,7,11,13,16,22,30,33,35,36],"killed_by":"Transient","ascension_level":0}