{"gold_per_floor":[118,136,116,132,56,82,82,107,107,127,127,127,152,171,171,250,250,268,268],"floor_reached":19,"playtime":668,"items_purged":[],"score":346,"play_id":"711de267-b6ae-4ffb-8fb9-b0109593014c","local_time":"20190711134810","is_ascension_mode":true,"campfire_choices":[{"data":"Armaments","floor":7.0,"key":"SMITH"},{"data":"Evolve","floor":11.0,"key":"SMITH"},{"data":"Bash","floor":15.0,"key":"SMITH"}],"neow_cost":"","seed_source_timestamp":0,"circlet_count":0,"master_deck":["AscendersBane","Bash+1","Clash","Flame Barrier","Immolate","Ghostly Armor","Reaper","Clothesline","Fire Breathing","Inflame","Immolate","Armaments+1","Disarm","Evolve+1","Feel No Pain","Sword Boomerang","Fiend Fire"],"special_seed":0,"relics":["Burning Blood","Pandora\u0027s Box","Sundial","Bottled Tornado","Blue Candle","Lizard Tail"],"potions_floor_usage":[],"damage_taken":[{"damage":2.0,"enemies":"Small Slimes","floor":1.0,"turns":3.0},{"damage":4.0,"enemies":"Cultist","floor":2.0,"turns":3.0},{"damage":0.0,"enemies":"2 Louse","floor":4.0,"turns":1.0},{"damage":20.0,"enemies":"3 Sentries","floor":6.0,"turns":3.0},{"damage":8.0,"enemies":"Lagavulin","floor":8.0,"turns":7.0},{"damage":18.0,"enemies":"Large Slime","floor":10.0,"turns":5.0},{"damage":15.0,"enemies":"3 Sentries","floor":13.0,"turns":6.0},{"damage":15.0,"enemies":"Red Slaver","floor":14.0,"turns":3.0},{"damage":13.0,"enemies":"Hexaghost","floor":16.0,"turns":9.0},{"damage":39,"enemies":"2 Thieves","floor":18,"turns":4},{"damage":0,"enemies":"Spheric Guardian","floor":19,"turns":2}],"seed_played":"-362841130418943588","potions_obtained":[{"floor":2.0,"key":"Regen Potion"},{"floor":3.0,"key":"Swift Potion"},{"floor":13.0,"key":"Strength Potion"}],"is_trial":true,"path_per_floor":["M","M","?","M","$","E","R","E","T","M","R","?","E","M","R","B",null,"M","M"],"character_chosen":"IRONCLAD","items_purchased":["Evolve"],"campfire_rested":0,"item_purchase_floors":[5],"current_hp_per_floor":[75,75,75,75,75,61,61,69,69,57,57,62,78,69,69,62,76,44,44],"gold":268,"neow_bonus":"","is_prod":false,"is_daily":false,"chose_seed":false,"campfire_upgraded":3,"win_rate":0,"timestamp":1562820490,"path_taken":["M","M","?","?","$","E","R","E","T","M","R","?","E","M","R","BOSS","M","M"],"build_version":"2019-07-05","purchased_purges":0,"victory":false,"max_hp_per_floor":[75,75,75,75,75,75,75,75,75,75,75,80,80,80,80,80,80,80,80],"card_choices":[{"not_picked":["Warcry","Headbutt","Perfected Strike"],"picked":"SKIP","floor":1.0},{"not_picked":["Carnage","Spot Weakness"],"picked":"Armaments","floor":2.0},{"not_picked":["Flex","Sword Boomerang"],"picked":"Disarm","floor":4.0},{"not_picked":["Anger","Sever Soul","Entrench"],"picked":"SKIP","floor":6.0},{"not_picked":["Berserk","Anger"],"picked":"Feel No Pain","floor":8.0},{"not_picked":["Metallicize","Ghostly Armor","Twin Strike"],"picked":"SKIP","floor":10.0},{"not_picked":["Twin Strike","Flex","Armaments"],"picked":"SKIP","floor":13.0},{"not_picked":["Clash","Iron Wave"],"picked":"Sword Boomerang","floor":14.0},{"not_picked":["Dark Embrace","Barricade"],"picked":"Fiend Fire","floor":16.0},{"not_picked":["Anger","Twin Strike","Evolve+1"],"picked":"SKIP","floor":18}],"player_experience":196397,"relics_obtained":[{"floor":6.0,"key":"Sundial"},{"floor":8.0,"key":"Bottled Tornado"},{"floor":13.0,"key":"Blue Candle"}],"event_choices":[{"damage_healed":0.0,"max_hp_gain":0.0,"max_hp_loss":0.0,"gold_gain":0.0,"event_name":"The Woman in Blue","player_choice":"Bought 1 Potion","floor":3.0,"gold_loss":0.0,"damage_taken":0.0},{"damage_healed":0.0,"max_hp_gain":5.0,"max_hp_loss":0.0,"gold_gain":0.0,"event_name":"Big Fish","player_choice":"Donut","floor":12.0,"gold_loss":0.0,"damage_taken":0.0}],"is_beta":false,"boss_relics":[{"not_picked":["Runic Dome","Runic Cube"],"picked":"Lizard Tail"}],"items_purged_floors":[],"is_endless":false,"potions_floor_spawned":[2,8,13,18],"killed_by":"Spheric Guardian","ascension_level":17}