{"gold_per_floor":[118,133,21,46,60,60,90,90,90,90,103,3,22,34,34,34],"floor_reached":16,"playtime":569,"items_purged":["Pain","Strike_R"],"score":102,"play_id":"ebced058-d36a-45f8-b1c6-4241764f3c8b","local_time":"20190710140709","is_ascension_mode":false,"campfire_choices":[{"data":"Warcry","floor":6,"key":"SMITH"},{"floor":10,"key":"REST"},{"data":"1","floor":15,"key":"LIFT"}],"neow_cost":"CURSE","seed_source_timestamp":583058804161835,"circlet_count":0,"master_deck":["Strike_R","Strike_R","Strike_R","Defend_R","Defend_R","Defend_R","Defend_R","Bash","Warcry+1","Warcry","Corruption","Clash","Pommel Strike","Dropkick","Burning Pact","Armaments"],"relics":["Burning Blood","Pocketwatch","Regal Pillow","Juzu Bracelet","Girya"],"potions_floor_usage":[13,16,16],"damage_taken":[{"damage":11,"enemies":"Cultist","floor":1,"turns":3},{"damage":17,"enemies":"2 Louse","floor":2,"turns":4},{"damage":11,"enemies":"Jaw Worm","floor":5,"turns":5},{"damage":57,"enemies":"Gremlin Nob","floor":7,"turns":5},{"damage":18,"enemies":"Exordium Wildlife","floor":11,"turns":4},{"damage":10,"enemies":"3 Louse","floor":13,"turns":4},{"damage":6,"enemies":"2 Fungi Beasts","floor":14,"turns":3},{"damage":48,"enemies":"Slime Boss","floor":16,"turns":6}],"seed_played":"5768295044887546027","potions_obtained":[{"floor":7,"key":"GamblersBrew"},{"floor":11,"key":"Regen Potion"},{"floor":14,"key":"Fire Potion"}],"is_trial":false,"path_per_floor":["M","M","$","T","M","R","E","?","T","R","M","$","M","M","R","B"],"character_chosen":"IRONCLAD","items_purchased":["Corruption"],"campfire_rested":1,"item_purchase_floors":[3],"current_hp_per_floor":[75,64,64,64,59,59,8,8,8,47,35,35,43,43,43,0],"gold":34,"neow_bonus":"ONE_RARE_RELIC","is_prod":false,"is_daily":false,"chose_seed":false,"campfire_upgraded":1,"win_rate":0,"timestamp":1562731629,"path_taken":["M","M","$","?","M","R","E","?","T","R","M","$","M","M","R","BOSS"],"build_version":"2019-07-05","purchased_purges":2,"victory":false,"max_hp_per_floor":[80,80,80,80,80,80,80,80,80,80,80,80,80,80,80,80],"card_choices":[{"not_picked":["Flex","Whirlwind"],"picked":"Warcry","floor":1},{"not_picked":["Iron Wave","Heavy Blade"],"picked":"Warcry","floor":2},{"not_picked":["Thunderclap","Cleave"],"picked":"Clash","floor":5},{"not_picked":["Spot Weakness","Uppercut"],"picked":"Pommel Strike","floor":7},{"not_picked":["Iron Wave","Carnage"],"picked":"Dropkick","floor":11},{"not_picked":["Metallicize","Iron Wave"],"picked":"Burning Pact","floor":13},{"not_picked":["Flex","Pommel Strike"],"picked":"Armaments","floor":14}],"player_experience":14827,"relics_obtained":[{"floor":4,"key":"Regal Pillow"},{"floor":7,"key":"Juzu Bracelet"},{"floor":9,"key":"Girya"}],"event_choices":[{"cards_removed":["Strike_R"],"damage_healed":0,"gold_gain":0,"player_choice":"Purged","damage_taken":0,"max_hp_gain":0,"max_hp_loss":0,"event_name":"Purifier","floor":8,"gold_loss":0}],"is_beta":false,"boss_relics":[],"items_purged_floors":[3,12],"is_endless":false,"potions_floor_spawned":[7,11,14],"killed_by":"Slime Boss","ascension_level":0}