{"gold_per_floor":[211,211,57,77,55,83,83,108,108,139,155,155,155,169,169,265,265,276,286,303,23,23,23,86,104,173,62,79,90,41,53,53,53],"floor_reached":33,"playtime":4547,"items_purged":[],"score":287,"play_id":"7d237f65-2700-49d9-8ccd-f3f8ee65b18a","local_time":"20190617195425","is_ascension_mode":false,"campfire_choices":[{"floor":7,"key":"REST"},{"data":"Footwork","floor":13,"key":"SMITH"},{"data":"Noxious Fumes","floor":15,"key":"SMITH"},{"floor":23,"key":"REST"},{"floor":32,"key":"REST"}],"neow_cost":"NONE","seed_source_timestamp":327945035605906,"circlet_count":0,"master_deck":["Defend_G","Defend_G+1","Defend_G","Defend_G","Defend_G+1","Strike_G","Strike_G+1","Strike_G","Strike_G","Survivor","Neutralize+1","Dagger Spray","Underhanded Strike","Footwork+1","Prepared","Flying Knee","Calculated Gamble","Bane","Bouncing Flask","Noxious Fumes+1","Unload","Deadly Poison","Reflex+1","Slice+1","Cloak And Dagger","Flechettes","Catalyst","Catalyst+1","Backstab","Noxious Fumes","Noxious Fumes","Underhanded Strike","Backflip+1"],"relics":["Ring of the Snake","War Paint","Snake Skull","Whetstone","Bottled Lightning","Mercury Hourglass","Ninja Scroll","Black Star","Kunai","Tiny Chest","Incense Burner","Toxic Egg 2"],"potions_floor_usage":[16,20,25,31,33,33],"damage_taken":[{"damage":0,"enemies":"Jaw Worm","floor":1,"turns":4},{"damage":0,"enemies":"Cultist","floor":4,"turns":4},{"damage":21,"enemies":"Lagavulin","floor":6,"turns":16},{"damage":10,"enemies":"3 Sentries","floor":8,"turns":8},{"damage":14,"enemies":"Gremlin Nob","floor":10,"turns":4},{"damage":0,"enemies":"Small Slimes","floor":11,"turns":2},{"damage":0,"enemies":"Blue Slaver","floor":14,"turns":3},{"damage":5,"enemies":"Slime Boss","floor":16,"turns":6},{"damage":5,"enemies":"3 Byrds","floor":18,"turns":3},{"damage":0,"enemies":"Chosen","floor":19,"turns":3},{"damage":7,"enemies":"Snake Plant","floor":20,"turns":3},{"damage":23,"enemies":"Slavers","floor":24,"turns":4},{"damage":13,"enemies":"Snecko","floor":25,"turns":4},{"damage":7,"enemies":"Cultist and Chosen","floor":28,"turns":6},{"damage":13,"enemies":"Centurion and Healer","floor":29,"turns":3},{"damage":3,"enemies":"Snake Plant","floor":31,"turns":5},{"damage":41,"enemies":"Collector","floor":33,"turns":5}],"seed_played":"3339394634177621369","potions_obtained":[{"floor":1,"key":"Weak Potion"},{"floor":4,"key":"LiquidBronze"},{"floor":8,"key":"PowerPotion"},{"floor":16,"key":"Weak Potion"},{"floor":18,"key":"AttackPotion"},{"floor":20,"key":"Weak Potion"},{"floor":25,"key":"Dexterity Potion"},{"floor":29,"key":"SkillPotion"}],"is_trial":false,"path_per_floor":["M","?","$","M","$","E","R","E","T","E","M","T","R","M","R","B",null,"M","M","M","$","?","R","E","M","T","$","M","M","$","M","R","B"],"character_chosen":"THE_SILENT","items_purchased":["War Paint","Prepared","Cloak And Dagger","Kunai","Catalyst+1","Backstab","Underhanded Strike"],"campfire_rested":3,"item_purchase_floors":[3,5,21,21,27,27,30],"current_hp_per_floor":[70,70,70,70,70,49,70,60,60,46,46,46,46,46,46,41,70,65,65,58,58,51,70,47,34,34,34,27,14,14,11,32,0],"gold":53,"neow_bonus":"HUNDRED_GOLD","is_prod":false,"is_daily":false,"chose_seed":false,"campfire_upgraded":2,"win_rate":0,"timestamp":1560815665,"path_taken":["M","?","$","M","$","E","R","E","T","E","M","?","R","M","R","BOSS","M","M","M","$","?","R","E","M","T","$","?","M","$","?","R","BOSS"],"build_version":"2019-01-23","purchased_purges":0,"victory":false,"max_hp_per_floor":[70,70,70,70,70,70,70,70,70,70,70,70,70,70,70,70,70,70,70,70,70,70,70,70,70,70,70,70,70,70,70,70,70],"card_choices":[{"not_picked":["Poisoned Stab","Slice"],"picked":"Dagger Spray","floor":1},{"not_picked":["Dodge and Roll","Distraction"],"picked":"Footwork","floor":4},{"not_picked":["Accuracy","Dagger Throw"],"picked":"Flying Knee","floor":6},{"not_picked":["Skewer","Poisoned Stab"],"picked":"Calculated Gamble","floor":8},{"not_picked":["Riddle With Holes","Dagger Throw"],"picked":"Bane","floor":10},{"not_picked":["Outmaneuver","After Image"],"picked":"Bouncing Flask","floor":11},{"not_picked":["Cloak And Dagger","PiercingWail"],"picked":"Noxious Fumes","floor":14},{"not_picked":["Venomology","Doppelganger"],"picked":"Unload","floor":16},{"not_picked":["Outmaneuver","Backflip"],"picked":"Deadly Poison","floor":18},{"not_picked":["Slice","Poisoned Stab"],"picked":"Reflex+1","floor":19},{"not_picked":["Riddle With Holes","Backflip"],"picked":"Slice+1","floor":20},{"not_picked":["Dagger Spray","Blur"],"picked":"Flechettes","floor":24},{"not_picked":["Poisoned Stab","Quick Slash"],"picked":"Catalyst","floor":25},{"not_picked":["Blade Dance+1","Reflex+1"],"picked":"Noxious Fumes","floor":28},{"not_picked":["Blade Dance+1","Leg Sweep+1"],"picked":"Noxious Fumes","floor":29},{"not_picked":["All Out Attack","Dagger Throw"],"picked":"Backflip+1","floor":31}],"player_experience":119472,"relics_obtained":[{"floor":6,"key":"Snake Skull"},{"floor":8,"key":"Whetstone"},{"floor":9,"key":"Bottled Lightning"},{"floor":10,"key":"Mercury Hourglass"},{"floor":12,"key":"Ninja Scroll"},{"floor":24,"key":"Tiny Chest"},{"floor":24,"key":"Incense Burner"},{"floor":26,"key":"Toxic Egg 2"}],"event_choices":[{"damage_healed":0,"gold_gain":0,"cards_transformed":["Strike_G"],"player_choice":"Change","damage_taken":0,"max_hp_gain":0,"max_hp_loss":0,"event_name":"Living Wall","floor":2,"gold_loss":0,"cards_obtained":["Underhanded Strike"]},{"damage_healed":0,"gold_gain":0,"player_choice":"Damaged","damage_taken":7,"max_hp_gain":0,"max_hp_loss":0,"event_name":"Wheel of Change","floor":22,"gold_loss":0}],"is_beta":false,"boss_relics":[{"not_picked":["HoveringKite","Busted Crown"],"picked":"Black Star"}],"items_purged_floors":[],"is_endless":false,"potions_floor_spawned":[1,4,8,16,18,20,25,29],"killed_by":"Collector","ascension_level":0}