{"gold_per_floor":[115,115,115,129,144,169,186,220,220,236,236,249,96,112,112,187,187,201,214,214,214,23,23,50,50,128,148,160,190,190,190,190,190],"floor_reached":33,"playtime":1667,"items_purged":["Strike_R"],"score":619,"play_id":"ef8b7191-3894-46a9-a32b-b54d57934e35","local_time":"20190601160902","is_ascension_mode":true,"campfire_choices":[{"floor":11,"key":"REST"},{"data":"Disarm","floor":15,"key":"SMITH"},{"floor":23,"key":"REST"},{"floor":25,"key":"RECALL"},{"floor":32,"key":"REST"}],"neow_cost":"TEN_PERCENT_HP_LOSS","seed_source_timestamp":299350590714876,"circlet_count":0,"master_deck":["AscendersBane","Defend_R+1","Defend_R+1","Defend_R+1","Defend_R+1","Bash","Offering","Disarm+1","Inflame","Rampage","Whirlwind","Clothesline","Battle Trance+1","Shrug It Off","Limit Break+1","Heavy Blade","Bite","Bite","Bite","Bite","Bite","Offering","Shrug It Off","Disarm","Anger+1","Pommel Strike+1","Feel No Pain"],"relics":["Burning Blood","Juzu Bracelet","Mango","Fusion Hammer","Oddly Smooth Stone","Molten Egg 2","Sundial","War Paint"],"potions_floor_usage":[8,16,24,29,33],"damage_taken":[{"damage":3,"enemies":"Small Slimes","floor":1,"turns":5},{"damage":7,"enemies":"Jaw Worm","floor":4,"turns":5},{"damage":4,"enemies":"Cultist","floor":5,"turns":4},{"damage":22,"enemies":"Lagavulin","floor":6,"turns":7},{"damage":17,"enemies":"Large Slime","floor":7,"turns":7},{"damage":31,"enemies":"3 Sentries","floor":8,"turns":6},{"damage":19,"enemies":"Blue Slaver","floor":10,"turns":4},{"damage":6,"enemies":"Gremlin Gang","floor":12,"turns":1},{"damage":18,"enemies":"3 Louse","floor":14,"turns":5},{"damage":23,"enemies":"The Guardian","floor":16,"turns":13},{"damage":13,"enemies":"Shell Parasite","floor":18,"turns":8},{"damage":2,"enemies":"3 Byrds","floor":19,"turns":5},{"damage":30,"enemies":"Gremlin Leader","floor":24,"turns":5},{"damage":42,"enemies":"Sentry and Sphere","floor":27,"turns":7},{"damage":24,"enemies":"Shelled Parasite and Fungi","floor":28,"turns":6},{"damage":36,"enemies":"Slavers","floor":29,"turns":5},{"damage":69,"enemies":"Collector","floor":33,"turns":8}],"seed_played":"-2429274205044999775","potions_obtained":[{"floor":1,"key":"EssenceOfSteel"},{"floor":7,"key":"GamblersBrew"},{"floor":8,"key":"Fire Potion"},{"floor":16,"key":"SteroidPotion"},{"floor":18,"key":"Fire Potion"},{"floor":28,"key":"Block Potion"}],"is_trial":false,"path_per_floor":["M","?","?","M","M","E","M","E","T","M","R","M","$","M","R","B",null,"M","M","?","?","$","R","E","R","T","M","M","E","?","T","R","B"],"character_chosen":"IRONCLAD","items_purchased":["Battle Trance","Offering","Shrug It Off"],"campfire_rested":3,"item_purchase_floors":[13,22,22],"current_hp_per_floor":[68,73,55,56,60,46,37,28,28,17,43,45,45,35,35,20,70,65,71,71,71,71,87,79,79,79,57,51,31,31,31,57,0],"gold":190,"neow_bonus":"THREE_RARE_CARDS","is_prod":false,"is_daily":false,"chose_seed":false,"campfire_upgraded":1,"win_rate":0,"timestamp":1559423342,"path_taken":["M","?","?","?","M","E","M","E","T","M","R","M","$","M","R","BOSS","M","M","?","?","$","R","E","R","T","M","M","E","?","?","R","BOSS"],"build_version":"2019-01-23","purchased_purges":1,"victory":false,"max_hp_per_floor":[68,73,73,73,73,73,73,87,87,87,87,87,87,87,87,87,87,87,87,87,87,87,87,87,87,87,87,87,87,87,87,87,87],"card_choices":[{"not_picked":["Reaper","Exhume"],"picked":"Offering","floor":0},{"not_picked":["Rampage","Havoc"],"picked":"Disarm","floor":1},{"not_picked":["Pommel Strike","Twin Strike"],"picked":"Inflame","floor":4},{"not_picked":["Rupture","Dual Wield"],"picked":"Rampage","floor":5},{"not_picked":["Pommel Strike","Metallicize"],"picked":"Whirlwind","floor":6},{"not_picked":["Whirlwind","Iron Wave"],"picked":"Clothesline","floor":7},{"not_picked":["Bloodletting","Whirlwind","Berserk"],"picked":"SKIP","floor":8},{"not_picked":["Sever Soul","Wild Strike","Clothesline"],"picked":"SKIP","floor":10},{"not_picked":["Rampage","Perfected Strike","Havoc"],"picked":"SKIP","floor":12},{"not_picked":["Body Slam","Rupture"],"picked":"Shrug It Off","floor":14},{"not_picked":["Demon Form","Berserk"],"picked":"Limit Break","floor":16},{"not_picked":["Sword Boomerang","Cleave","Body Slam"],"picked":"SKIP","floor":18},{"not_picked":["Twin Strike","Body Slam"],"picked":"Heavy Blade","floor":19},{"not_picked":["Headbutt","Evolve"],"picked":"Disarm","floor":24},{"not_picked":["Thunderclap+1","Body Slam+1"],"picked":"Anger+1","floor":27},{"not_picked":["Headbutt+1","Clash+1"],"picked":"Pommel Strike+1","floor":28},{"not_picked":["Heavy Blade+1","Disarm"],"picked":"Feel No Pain","floor":29}],"player_experience":1647506,"relics_obtained":[{"floor":6,"key":"Juzu Bracelet"},{"floor":8,"key":"Mango"},{"floor":24,"key":"Oddly Smooth Stone"},{"floor":26,"key":"Molten Egg 2"},{"floor":29,"key":"Sundial"},{"floor":31,"key":"War Paint"}],"event_choices":[{"damage_healed":0,"gold_gain":0,"player_choice":"Donut","damage_taken":0,"max_hp_gain":5,"max_hp_loss":0,"event_name":"Big Fish","floor":2,"gold_loss":0},{"damage_healed":0,"gold_gain":0,"player_choice":"Success","damage_taken":18,"relics_obtained":["Blood Vial"],"max_hp_gain":0,"max_hp_loss":0,"event_name":"Scrap Ooze","floor":3,"gold_loss":0},{"damage_healed":0,"gold_gain":0,"player_choice":"Got Potions","damage_taken":0,"max_hp_gain":0,"max_hp_loss":0,"event_name":"Lab","floor":20,"gold_loss":0},{"damage_healed":0,"gold_gain":0,"player_choice":"Became a vampire (Vial)","damage_taken":0,"max_hp_gain":0,"max_hp_loss":0,"event_name":"Vampires","floor":21,"relics_lost":["Blood Vial"],"gold_loss":0,"cards_obtained":["Bite","Bite","Bite","Bite","Bite"]},{"damage_healed":0,"gold_gain":0,"player_choice":"Simplicity","damage_taken":0,"max_hp_gain":0,"max_hp_loss":0,"event_name":"Back to Basics","floor":30,"gold_loss":0,"cards_upgraded":["Defend_R","Defend_R","Defend_R","Defend_R"]}],"is_beta":false,"boss_relics":[{"not_picked":["Runic Dome","Philosopher\u0027s Stone"],"picked":"Fusion Hammer"}],"items_purged_floors":[13],"is_endless":false,"potions_floor_spawned":[1,7,8,10,14,16,18,19,28],"killed_by":"Collector","ascension_level":20}