{"gold_per_floor":[216,235,37,56,56,56,91,101,101,118,148,167,167,193,193,272,272,284,47,47,58,58,58],"floor_reached":23,"playtime":1079,"items_purged":["Strike_G"],"score":427,"play_id":"9bdde498-a3a4-4b05-a992-2906e7eb115f","local_time":"20190701010135","is_ascension_mode":true,"campfire_choices":[{"floor":6,"key":"REST"},{"floor":13,"key":"REST"},{"floor":15,"key":"REST"}],"neow_cost":"NONE","seed_source_timestamp":568866857355095,"circlet_count":0,"master_deck":["AscendersBane","Defend_G","Defend_G","Defend_G","Defend_G","Defend_G","Survivor","Neutralize","Dagger Spray","Blur","Apotheosis","Flying Knee","Wraith Form v2","Deadly Poison","All Out Attack","Dash","Catalyst","Dodge and Roll","Malaise","Quick Slash","Well Laid Plans","Crippling Poison","Bite","Bite","Bite","Bite","Bite"],"relics":["Ring of the Snake","The Courier","Peace Pipe","Pocketwatch","Odd Mushroom","Fusion Hammer","Strange Spoon"],"potions_floor_usage":[7,12,16,23],"damage_taken":[{"damage":7,"enemies":"Cultist","floor":1,"turns":5},{"damage":2,"enemies":"Jaw Worm","floor":2,"turns":9},{"damage":0,"enemies":"2 Louse","floor":4,"turns":3},{"damage":12,"enemies":"Lagavulin","floor":7,"turns":7},{"damage":0,"enemies":"Looter","floor":8,"turns":4},{"damage":6,"enemies":"Blue Slaver","floor":10,"turns":6},{"damage":34,"enemies":"Gremlin Nob","floor":11,"turns":6},{"damage":0,"enemies":"Exordium Thugs","floor":12,"turns":4},{"damage":3,"enemies":"The Mushroom Lair","floor":14,"turns":4},{"damage":4,"enemies":"Slime Boss","floor":16,"turns":8},{"damage":14,"enemies":"Spheric Guardian","floor":18,"turns":4},{"damage":14,"enemies":"Shell Parasite","floor":21,"turns":7},{"damage":35,"enemies":"Slavers","floor":23,"turns":2}],"seed_played":"-1574015839155037955","potions_obtained":[{"floor":1,"key":"Explosive Potion"},{"floor":4,"key":"AttackPotion"},{"floor":10,"key":"FairyPotion"},{"floor":12,"key":"Strength Potion"},{"floor":18,"key":"Ancient Potion"}],"is_trial":false,"path_per_floor":["M","M","$","M","?","R","E","M","T","M","E","M","R","?","R","B",null,"M","$","?","M","?","E"],"character_chosen":"THE_SILENT","items_purchased":["Apotheosis","Strange Spoon"],"campfire_rested":3,"item_purchase_floors":[3,19],"current_hp_per_floor":[52,50,50,50,15,34,22,22,22,16,6,6,25,22,41,37,59,45,45,45,31,31,0],"gold":58,"neow_bonus":"HUNDRED_GOLD","is_prod":false,"is_daily":false,"chose_seed":false,"campfire_upgraded":0,"win_rate":0,"timestamp":1561960895,"path_taken":["M","M","?","M","?","R","E","M","T","M","E","M","R","?","R","BOSS","M","$","?","M","?","E"],"build_version":"2019-06-29","purchased_purges":1,"victory":false,"max_hp_per_floor":[66,66,66,66,66,66,66,66,66,66,66,66,66,66,66,66,66,66,66,66,66,46,46],"card_choices":[{"not_picked":["Reflex","Deflect"],"picked":"Dagger Spray","floor":1},{"not_picked":["Underhanded Strike","Sucker Punch"],"picked":"Blur","floor":2},{"not_picked":["Finisher","Reflex"],"picked":"Flying Knee","floor":4},{"not_picked":["Blade Dance","Sucker Punch"],"picked":"Wraith Form v2","floor":7},{"not_picked":["Blade Dance","Prepared"],"picked":"Deadly Poison","floor":8},{"not_picked":["Infinite Blades","Backflip"],"picked":"All Out Attack","floor":10},{"not_picked":["Underhanded Strike","Doppelganger"],"picked":"Dash","floor":11},{"not_picked":["Dagger Spray","Backflip"],"picked":"Catalyst","floor":12},{"not_picked":["Deadly Poison","Cloak And Dagger"],"picked":"Dodge and Roll","floor":14},{"not_picked":["Glass Knife","Envenom"],"picked":"Malaise","floor":16},{"not_picked":["Backstab","Concentrate"],"picked":"Quick Slash","floor":18},{"not_picked":["Bane","Deadly Poison"],"picked":"Crippling Poison","floor":21}],"player_experience":1624806,"relics_obtained":[{"floor":7,"key":"The Courier"},{"floor":9,"key":"Peace Pipe"},{"floor":11,"key":"Pocketwatch"},{"floor":14,"key":"Odd Mushroom"}],"event_choices":[{"damage_healed":0,"gold_gain":0,"player_choice":"Fled","damage_taken":35,"max_hp_gain":0,"max_hp_loss":0,"event_name":"Scrap Ooze","floor":5,"gold_loss":0},{"damage_healed":0,"gold_gain":0,"player_choice":"Fought Mushrooms","damage_taken":0,"max_hp_gain":0,"max_hp_loss":0,"event_name":"Mushrooms","floor":14,"gold_loss":0},{"damage_healed":0,"gold_gain":0,"player_choice":"Read","damage_taken":0,"max_hp_gain":0,"max_hp_loss":0,"event_name":"The Library","floor":20,"gold_loss":0,"cards_obtained":["Well Laid Plans"]},{"damage_healed":0,"gold_gain":0,"player_choice":"Became a vampire","damage_taken":0,"max_hp_gain":0,"max_hp_loss":20,"event_name":"Vampires","floor":22,"gold_loss":0,"cards_obtained":["Bite","Bite","Bite","Bite","Bite"]}],"is_beta":true,"boss_relics":[{"not_picked":["HoveringKite","Orrery"],"picked":"Fusion Hammer"}],"items_purged_floors":[19],"is_endless":false,"potions_floor_spawned":[1,4,10,12,18],"killed_by":"Slavers","ascension_level":20}