{"gold_per_floor":[111,128,144,32,52,52,68,87,87,120,20,20,32,66,66,167,167,185,185,196,196,213,213,246,258,258,37,68,68,68,87,87,192,192,204,220,27,27,27,37,37,56,56,68,85,85],"floor_reached":46,"playtime":6538,"items_purged":["Defend_G","Shame","Writhe"],"score":656,"play_id":"e558c169-562f-46a7-9779-e022bb59205d","local_time":"20190709222042","is_ascension_mode":true,"campfire_choices":[{"data":"Leg Sweep","floor":6.0,"key":"SMITH"},{"data":"Caltrops","floor":15.0,"key":"SMITH"},{"data":"Noxious Fumes","floor":23.0,"key":"SMITH"},{"data":"Malaise","floor":29.0,"key":"SMITH"},{"floor":32.0,"key":"REST"},{"floor":41.0,"key":"REST"}],"neow_cost":"NONE","seed_source_timestamp":2234906024285618,"circlet_count":0,"master_deck":["Strike_G+1","Strike_G","Strike_G","Defend_G+1","Defend_G+1","Defend_G","Defend_G","Survivor","Neutralize","Cloak And Dagger","Dagger Throw","Caltrops+1","Leg Sweep+1","Acrobatics","Riddle With Holes","Choke+1","Malaise+1","Flying Knee+1","Noxious Fumes+1","Glass Knife+1","PiercingWail+1","Flying Knee+1","Footwork+1","Outmaneuver+1","Dagger Spray+1","Footwork+1","Infinite Blades+1","Bane+1","After Image+1","Infinite Blades+1","Blur+1","Accuracy+1","Prepared+1","Parasite","Poisoned Stab+1","Writhe","Quick Slash+1","Bane+1"],"special_seed":0,"relics":["Cursed Key","Pear","Molten Egg 2","Ornamental Fan","Empty Cage","Frozen Egg 2","Pen Nib","Orichalcum","Whetstone","Tingsha","Nilry\u0027s Codex","White Beast Statue","Pantograph"],"potions_floor_usage":[46,46,46],"damage_taken":[{"damage":2.0,"enemies":"2 Louse","floor":1.0,"turns":3.0},{"damage":1.0,"enemies":"Jaw Worm","floor":2.0,"turns":5.0},{"damage":0.0,"enemies":"Small Slimes","floor":3.0,"turns":3.0},{"damage":0.0,"enemies":"2 Fungi Beasts","floor":5.0,"turns":3.0},{"damage":12.0,"enemies":"Large Slime","floor":7.0,"turns":7.0},{"damage":1.0,"enemies":"Looter","floor":8.0,"turns":3.0},{"damage":0.0,"enemies":"Gremlin Nob","floor":10.0,"turns":3.0},{"damage":0.0,"enemies":"3 Louse","floor":13.0,"turns":3.0},{"damage":6.0,"enemies":"3 Sentries","floor":14.0,"turns":8.0},{"damage":1.0,"enemies":"Hexaghost","floor":16.0,"turns":9.0},{"damage":0.0,"enemies":"3 Byrds","floor":18.0,"turns":1.0},{"damage":9.0,"enemies":"Shell Parasite","floor":20.0,"turns":5.0},{"damage":10.0,"enemies":"Shelled Parasite and Fungi","floor":22.0,"turns":5.0},{"damage":0.0,"enemies":"Gremlin Leader","floor":24.0,"turns":8.0},{"damage":4.0,"enemies":"Snake Plant","floor":25.0,"turns":4.0},{"damage":10.0,"enemies":"Book of Stabbing","floor":28.0,"turns":6.0},{"damage":7.0,"enemies":"Cultist and Chosen","floor":31.0,"turns":5.0},{"damage":23.0,"enemies":"Champ","floor":33.0,"turns":11.0},{"damage":19.0,"enemies":"3 Darklings","floor":35.0,"turns":4.0},{"damage":8.0,"enemies":"Orb Walker","floor":36.0,"turns":4.0},{"damage":4.0,"enemies":"Transient","floor":40.0,"turns":5.0},{"damage":4.0,"enemies":"Writhing Mass","floor":42.0,"turns":7.0},{"damage":12.0,"enemies":"Sphere and 2 Shapes","floor":44.0,"turns":5.0},{"damage":40.0,"enemies":"3 Darklings","floor":45.0,"turns":4.0},{"damage":28,"enemies":"Giant Head","floor":46,"turns":6}],"seed_played":"6218547867090767891","potions_obtained":[{"floor":2.0,"key":"Ancient Potion"},{"floor":3.0,"key":"FearPotion"},{"floor":7.0,"key":"FairyPotion"},{"floor":10.0,"key":"Fire Potion"},{"floor":13.0,"key":"EssenceOfSteel"},{"floor":14.0,"key":"Strength Potion"},{"floor":20.0,"key":"Regen Potion"},{"floor":22.0,"key":"LiquidBronze"},{"floor":33.0,"key":"Energy Potion"},{"floor":35.0,"key":"Strength Potion"},{"floor":36.0,"key":"SkillPotion"},{"floor":40.0,"key":"Ancient Potion"},{"floor":42.0,"key":"Poison Potion"},{"floor":44.0,"key":"FearPotion"},{"floor":45.0,"key":"Block Potion"}],"is_trial":false,"path_per_floor":["M","M","M","$","M","R","M","M","T","E","$","?","M","E","R","B",null,"M","?","M","?","M","R","E","M","T","$","E","R","?","M","R","B",null,"M","M","$","?","?","M","R","M","T","M","M","E"],"character_chosen":"THE_SILENT","items_purchased":["Leg Sweep","Whetstone","Footwork+1","Accuracy+1"],"campfire_rested":2,"item_purchase_floors":[4,27,27,37],"current_hp_per_floor":[68,67,67,67,67,67,55,54,64,64,64,48,48,42,42,41,80,80,80,71,71,75,75,75,71,71,71,61,61,45,38,62,39,80,61,53,53,53,53,49,71,67,67,55,15,0],"gold":85,"neow_bonus":"BOSS_RELIC","is_prod":false,"is_daily":false,"chose_seed":false,"campfire_upgraded":4,"win_rate":0,"timestamp":1562725242,"path_taken":["M","M","M","$","M","R","M","M","T","E","$","?","M","E","R","BOSS","M","?","M","?","M","R","E","M","T","$","E","R","?","M","R","BOSS","M","M","$","?","?","M","R","M","T","M","M","E"],"build_version":"2019-07-05","purchased_purges":3,"victory":false,"max_hp_per_floor":[70,70,70,70,70,70,70,70,80,80,80,80,80,80,80,80,80,80,80,80,80,80,80,80,80,80,80,80,80,80,80,80,80,80,80,80,80,76,76,76,76,76,76,76,76,76],"card_choices":[{"not_picked":["Dagger Spray","Backflip"],"picked":"Cloak And Dagger","floor":1.0},{"not_picked":["Deflect","Distraction"],"picked":"Dagger Throw","floor":2.0},{"not_picked":["Endless Agony","Sucker Punch"],"picked":"Caltrops","floor":3.0},{"not_picked":["Sucker Punch","Bane"],"picked":"Acrobatics","floor":5.0},{"not_picked":["Underhanded Strike","Bane"],"picked":"Riddle With Holes","floor":7.0},{"not_picked":["Caltrops","Prepared"],"picked":"Choke","floor":8.0},{"not_picked":["Dagger Throw","Setup"],"picked":"Malaise","floor":10.0},{"not_picked":["Predator+1","Cloak And Dagger"],"picked":"Flying Knee+1","floor":13.0},{"not_picked":["Expertise","Grand Finale+1"],"picked":"Noxious Fumes","floor":14.0},{"not_picked":["Corpse Explosion","Doppelganger"],"picked":"Glass Knife+1","floor":16.0},{"not_picked":["Tactician","Acrobatics"],"picked":"PiercingWail+1","floor":18.0},{"not_picked":["Slice+1","Dagger Throw+1"],"picked":"Flying Knee+1","floor":20.0},{"not_picked":["Dodge and Roll","Blade Dance"],"picked":"Footwork+1","floor":22.0},{"not_picked":["Bullet Time","PiercingWail"],"picked":"Outmaneuver+1","floor":24.0},{"not_picked":["Acrobatics","Accuracy+1"],"picked":"Dagger Spray+1","floor":25.0},{"not_picked":["PiercingWail+1","Blade Dance"],"picked":"Infinite Blades+1","floor":28.0},{"not_picked":["Eviscerate+1","Prepared+1"],"picked":"Bane+1","floor":31.0},{"not_picked":["Wraith Form v2+1","Adrenaline"],"picked":"After Image+1","floor":33.0},{"not_picked":["Deadly Poison","Quick Slash+1"],"picked":"Infinite Blades+1","floor":35.0},{"not_picked":["Predator+1","Prepared"],"picked":"Blur+1","floor":36.0},{"not_picked":["Flying Knee+1","Choke+1"],"picked":"Prepared+1","floor":40.0},{"not_picked":["Bane+1","Outmaneuver"],"picked":"Poisoned Stab+1","floor":42.0},{"not_picked":["Cloak And Dagger","Distraction"],"picked":"Quick Slash+1","floor":44.0},{"not_picked":["After Image+1","Flying Knee+1"],"picked":"Bane+1","floor":45.0}],"player_experience":439263,"relics_obtained":[{"floor":9.0,"key":"Pear"},{"floor":10.0,"key":"Molten Egg 2"},{"floor":14.0,"key":"Ornamental Fan"},{"floor":24.0,"key":"Pen Nib"},{"floor":26.0,"key":"Orichalcum"},{"floor":28.0,"key":"Tingsha"},{"floor":30.0,"key":"Nilry\u0027s Codex"},{"floor":43.0,"key":"Pantograph"}],"event_choices":[{"damage_healed":0.0,"max_hp_gain":0.0,"max_hp_loss":0.0,"gold_gain":0.0,"event_name":"Shining Light","player_choice":"Entered Light","floor":12.0,"gold_loss":0.0,"damage_taken":16.0,"cards_upgraded":["Defend_G","Defend_G"]},{"damage_healed":0.0,"max_hp_gain":0.0,"max_hp_loss":0.0,"gold_gain":0.0,"event_name":"The Mausoleum","player_choice":"Opened","floor":19.0,"gold_loss":0.0,"damage_taken":0.0,"relics_obtained":["Frozen Egg 2"]},{"damage_healed":0.0,"max_hp_gain":0.0,"max_hp_loss":0.0,"gold_gain":0.0,"event_name":"Ghosts","player_choice":"Ignored","floor":21.0,"gold_loss":0.0,"damage_taken":0.0},{"damage_healed":0.0,"max_hp_gain":0.0,"max_hp_loss":0.0,"gold_gain":0.0,"event_name":"Cursed Tome","player_choice":"Obtained Book","floor":30.0,"gold_loss":0.0,"damage_taken":16.0},{"damage_healed":0.0,"max_hp_gain":0.0,"max_hp_loss":4.0,"gold_gain":0.0,"event_name":"Winding Halls","player_choice":"Max HP","floor":38.0,"gold_loss":0.0,"damage_taken":0.0},{"damage_healed":0.0,"max_hp_gain":0.0,"max_hp_loss":0.0,"gold_gain":0.0,"event_name":"Mysterious Sphere","player_choice":"Ignored","floor":39.0,"gold_loss":0.0,"damage_taken":0.0}],"is_beta":false,"boss_relics":[{"not_picked":["Eternal Feather","Calling Bell"],"picked":"Empty Cage"},{"not_picked":["Coffee Dripper","HoveringKite"],"picked":"White Beast Statue"}],"items_purged_floors":[4,11,37],"is_endless":false,"potions_floor_spawned":[2,3,7,10,13,14,20,22,33,35,36,40,42,44,45],"killed_by":"Giant Head","ascension_level":4}