{"gold_per_floor":[114,114,189,189,189,189,222,222,222,241,261,290,42,55,55,132,132,144,158,158,172,183,209,209,238,315,315,331,356,2,17,17,91,91,104,104,104,119,132,132,167,167,167,167,167],"floor_reached":45,"playtime":1814,"items_purged":["Strike_R","Pain"],"score":1022,"play_id":"e2610275-7df5-446f-b903-4d571b37133b","local_time":"20190630224423","is_ascension_mode":true,"campfire_choices":[{"data":"Anger","floor":6,"key":"SMITH"},{"data":"Inflame","floor":8,"key":"SMITH"},{"data":"Armaments","floor":15,"key":"SMITH"},{"data":"Immolate","floor":24,"key":"SMITH"},{"floor":27,"key":"REST"},{"data":"Whirlwind","floor":32,"key":"SMITH"},{"data":"Heavy Blade","floor":40,"key":"SMITH"}],"neow_cost":"CURSE","seed_source_timestamp":559900125187326,"circlet_count":0,"master_deck":["AscendersBane","Strike_R","Strike_R","Strike_R","Strike_R","Defend_R+1","Defend_R","Defend_R","Bash+1","Anger+1","Inflame+1","Uppercut","Armaments+1","Impervious","Shrug It Off+1","Immolate+1","Heavy Blade+1","Fiend Fire","Spot Weakness+1","Thunderclap+1","Whirlwind+1","Shockwave","Spot Weakness","Reaper","Feel No Pain","Doubt"],"relics":["Burning Blood","Self Forming Clay","Ice Cream","Question Card","Bronze Scales","Velvet Choker","WarpedTongs","War Paint","Red Skull","Ancient Tea Set","Cursed Key","Dream Catcher"],"potions_floor_usage":[7,12,23,31,33,41,41],"damage_taken":[{"damage":14,"enemies":"Cultist","floor":1,"turns":5},{"damage":40,"enemies":"Lagavulin","floor":7,"turns":8},{"damage":9,"enemies":"Jaw Worm","floor":10,"turns":4},{"damage":1,"enemies":"Small Slimes","floor":11,"turns":3},{"damage":20,"enemies":"3 Sentries","floor":12,"turns":7},{"damage":11,"enemies":"3 Louse","floor":14,"turns":4},{"damage":17,"enemies":"Hexaghost","floor":16,"turns":9},{"damage":17,"enemies":"Shell Parasite","floor":18,"turns":4},{"damage":10,"enemies":"2 Thieves","floor":19,"turns":3},{"damage":26,"enemies":"Snake Plant","floor":21,"turns":2},{"damage":11,"enemies":"Chosen and Byrds","floor":22,"turns":3},{"damage":14,"enemies":"Book of Stabbing","floor":23,"turns":4},{"damage":20,"enemies":"Slavers","floor":25,"turns":5},{"damage":13,"enemies":"Sentry and Sphere","floor":28,"turns":4},{"damage":44,"enemies":"Gremlin Leader","floor":29,"turns":7},{"damage":13,"enemies":"Snake Plant","floor":31,"turns":2},{"damage":20,"enemies":"Automaton","floor":33,"turns":7},{"damage":10,"enemies":"Orb Walker","floor":35,"turns":3},{"damage":27,"enemies":"3 Shapes","floor":38,"turns":5},{"damage":0,"enemies":"Sphere and 2 Shapes","floor":39,"turns":3},{"damage":61,"enemies":"Nemesis","floor":41,"turns":7},{"damage":133,"enemies":"Giant Head","floor":45,"turns":8}],"seed_played":"-7599689942705957825","potions_obtained":[{"floor":1,"key":"Regen Potion"},{"floor":10,"key":"Explosive Potion"},{"floor":16,"key":"Block Potion"},{"floor":21,"key":"BloodPotion"},{"floor":22,"key":"PowerPotion"},{"floor":25,"key":"LiquidBronze"},{"floor":28,"key":"FairyPotion"},{"floor":35,"key":"Swift Potion"},{"floor":39,"key":"SkillPotion"}],"is_trial":false,"path_per_floor":["M","?","?","?","?","R","E","R","T","M","M","E","$","M","R","B",null,"M","M","?","M","M","E","R","E","T","R","M","E","$","M","R","B",null,"M","$","?","M","M","R","E","?","T","?","E"],"character_chosen":"IRONCLAD","items_purchased":["Bronze Scales","Whirlwind","Shockwave","Spot Weakness","SkillPotion"],"campfire_rested":1,"item_purchase_floors":[13,30,30,30,30],"current_hp_per_floor":[74,79,68,61,61,61,42,42,42,39,44,30,30,25,25,14,74,63,59,59,39,34,26,26,12,12,40,33,15,15,31,31,17,75,87,87,87,66,72,72,17,89,89,89,0],"gold":167,"neow_bonus":"TWENTY_PERCENT_HP_BONUS","is_prod":false,"is_daily":false,"chose_seed":false,"campfire_upgraded":6,"win_rate":0,"timestamp":1561952663,"path_taken":["M","?","?","?","?","R","E","R","T","M","M","E","$","M","R","BOSS","M","?","?","?","M","E","R","E","T","R","M","E","?","M","R","BOSS","M","$","?","M","M","R","E","?","T","?","E"],"build_version":"2019-06-29","purchased_purges":2,"victory":false,"max_hp_per_floor":[89,94,94,94,94,94,94,94,94,94,94,94,94,94,94,94,94,94,94,94,94,94,94,94,94,94,94,94,94,94,94,94,94,94,94,94,89,89,89,89,89,89,89,89,89],"card_choices":[{"not_picked":["Pommel Strike","Shrug It Off"],"picked":"Anger","floor":1},{"not_picked":["True Grit","Iron Wave"],"picked":"Inflame","floor":7},{"not_picked":["Shrug It Off","Whirlwind"],"picked":"Uppercut","floor":10},{"not_picked":["Anger","Thunderclap"],"picked":"Armaments","floor":11},{"not_picked":["Pommel Strike","Rampage"],"picked":"Impervious","floor":12},{"not_picked":["Cleave","Rage","Heavy Blade"],"picked":"Shrug It Off","floor":14},{"not_picked":["Bludgeon","Fiend Fire","Barricade"],"picked":"Immolate","floor":16},{"not_picked":["Rage","Clothesline","Intimidate","Iron Wave"],"picked":"SKIP","floor":18},{"not_picked":["Evolve","Flex","Second Wind","Pommel Strike"],"picked":"SKIP","floor":19},{"not_picked":["Sword Boomerang","Headbutt","Pummel"],"picked":"Heavy Blade","floor":21},{"not_picked":["Flex","Sword Boomerang","Sentinel","Combust"],"picked":"SKIP","floor":22},{"not_picked":["Anger","Fire Breathing","Flex","Clash"],"picked":"SKIP","floor":23},{"not_picked":["Combust","Shrug It Off","Perfected Strike"],"picked":"Fiend Fire","floor":25},{"not_picked":["Carnage","Feel No Pain","Pommel Strike"],"picked":"Spot Weakness+1","floor":28},{"not_picked":["Body Slam","Carnage","Havoc"],"picked":"Thunderclap+1","floor":29},{"not_picked":["Flex","Reckless Charge+1","Second Wind","Evolve"],"picked":"SKIP","floor":31},{"not_picked":["Berserk","Immolate","Fiend Fire"],"picked":"Reaper","floor":33},{"not_picked":["Warcry+1","Wild Strike","Havoc"],"picked":"Feel No Pain","floor":35},{"not_picked":["Evolve","Cleave","Heavy Blade","Immolate"],"picked":"SKIP","floor":38},{"not_picked":["Second Wind","Anger","Heavy Blade","Warcry"],"picked":"SKIP","floor":39},{"not_picked":["Intimidate+1","Twin Strike+1","Power Through+1","Heavy Blade+1"],"picked":"SKIP","floor":41}],"player_experience":1615903,"relics_obtained":[{"floor":7,"key":"Self Forming Clay"},{"floor":9,"key":"Ice Cream"},{"floor":12,"key":"Question Card"},{"floor":23,"key":"War Paint"},{"floor":25,"key":"Red Skull"},{"floor":29,"key":"Ancient Tea Set"},{"floor":41,"key":"Dream Catcher"}],"event_choices":[{"damage_healed":0,"gold_gain":0,"player_choice":"Donut","damage_taken":0,"max_hp_gain":5,"max_hp_loss":0,"event_name":"Big Fish","floor":2,"gold_loss":0},{"damage_healed":0,"gold_gain":75,"player_choice":"Gather Gold","damage_taken":11,"max_hp_gain":0,"max_hp_loss":0,"event_name":"World of Goop","floor":3,"gold_loss":0},{"cards_removed":["Decay"],"damage_healed":0,"gold_gain":0,"player_choice":"Card Removal","damage_taken":7,"max_hp_gain":0,"max_hp_loss":0,"event_name":"Golden Wing","floor":4,"gold_loss":0},{"damage_healed":0,"gold_gain":0,"player_choice":"Upgraded","damage_taken":0,"max_hp_gain":0,"max_hp_loss":0,"event_name":"Upgrade Shrine","floor":5,"gold_loss":0,"cards_upgraded":["Bash"]},{"damage_healed":0,"gold_gain":0,"player_choice":"Rummage","damage_taken":0,"relics_obtained":["WarpedTongs"],"max_hp_gain":0,"max_hp_loss":0,"event_name":"Accursed Blacksmith","floor":20,"gold_loss":0,"cards_obtained":["Pain"]},{"damage_healed":0,"gold_gain":0,"player_choice":"Max HP","damage_taken":0,"max_hp_gain":0,"max_hp_loss":5,"event_name":"Winding Halls","floor":37,"gold_loss":0},{"damage_healed":72,"gold_gain":0,"player_choice":"Heal","damage_taken":0,"max_hp_gain":0,"max_hp_loss":0,"event_name":"MindBloom","floor":42,"gold_loss":0,"cards_obtained":["Doubt"]},{"cards_removed":["Defend_R"],"damage_healed":0,"gold_gain":0,"player_choice":"Removed Skill","damage_taken":0,"max_hp_gain":0,"max_hp_loss":0,"event_name":"Falling","floor":44,"gold_loss":0}],"is_beta":true,"boss_relics":[{"not_picked":["White Beast Statue","Calling Bell"],"picked":"Velvet Choker"},{"not_picked":["Sozu","Eternal Feather"],"picked":"Cursed Key"}],"items_purged_floors":[13,30],"is_endless":false,"potions_floor_spawned":[1,10,16,21,22,25,28,35,39],"killed_by":"Giant Head","ascension_level":20}