{"gold_per_floor":[111,121,135,148,159,159,186,186,212,224,237,237,247,278,278,357,357,371,218,232,232,157,157,175,175,244,256,271,271,306,306,306,379,379,396,411,214,214,89,89,89,89,89,89,89],"floor_reached":45,"playtime":1842,"items_purged":["Zap"],"score":782,"play_id":"ed4f56c8-be77-4956-90b3-c5a9ac632e4c","local_time":"20190713123255","is_ascension_mode":true,"campfire_choices":[{"data":"Zap","floor":6,"key":"SMITH"},{"floor":8,"key":"REST"},{"floor":15,"key":"REST"},{"floor":23,"key":"REST"},{"floor":25,"key":"REST"},{"floor":29,"key":"REST"},{"floor":32,"key":"REST"},{"data":"Streamline","floor":40,"key":"SMITH"},{"data":"Bite","floor":44,"key":"SMITH"}],"neow_cost":"NONE","seed_source_timestamp":132781379516881,"circlet_count":0,"master_deck":["AscendersBane","Defend_B","Defend_B","Defend_B","Defend_B","Zap+1","Dualcast","Glacier","White Noise","Ball Lightning","Leap","Doom and Gloom","Sweeping Beam","Streamline+1","Gash","Biased Cognition","Loop","All For One","Go for the Eyes","Electrodynamics","Bite+1","Bite","Bite","Bite","Beam Cell","Leap+1","FTL+1","Flash of Steel+1","Ball Lightning+1","Go for the Eyes+1","Hyperbeam+1","Gash+1"],"special_seed":0,"relics":["Cracked Core","Mercury Hourglass","Potion Belt","Art of War","Sozu","Molten Egg 2","Ancient Tea Set","Inserter","Bronze Scales"],"potions_floor_usage":[7,14,33],"damage_taken":[{"damage":1.0,"enemies":"Cultist","floor":1.0,"turns":3.0},{"damage":7.0,"enemies":"Jaw Worm","floor":2.0,"turns":5.0},{"damage":9.0,"enemies":"2 Louse","floor":3.0,"turns":2.0},{"damage":0.0,"enemies":"Large Slime","floor":4.0,"turns":5.0},{"damage":9,"enemies":"Exordium Wildlife","floor":5,"turns":5},{"damage":12,"enemies":"Gremlin Nob","floor":7,"turns":4},{"damage":26,"enemies":"Exordium Thugs","floor":10,"turns":5},{"damage":0,"enemies":"Large Slime","floor":11,"turns":5},{"damage":6,"enemies":"Looter","floor":13,"turns":2},{"damage":4,"enemies":"Lagavulin","floor":14,"turns":7},{"damage":25,"enemies":"The Guardian","floor":16,"turns":8},{"damage":22,"enemies":"Shell Parasite","floor":18,"turns":5},{"damage":30,"enemies":"2 Thieves","floor":20,"turns":3},{"damage":4,"enemies":"Centurion and Healer","floor":24,"turns":7},{"damage":3,"enemies":"Snecko","floor":27,"turns":4},{"damage":18,"enemies":"Snake Plant","floor":28,"turns":4},{"damage":26,"enemies":"Book of Stabbing","floor":30,"turns":4},{"damage":54,"enemies":"Automaton","floor":33,"turns":11},{"damage":0,"enemies":"3 Shapes","floor":35,"turns":5},{"damage":15,"enemies":"Orb Walker","floor":36,"turns":4},{"damage":50,"enemies":"Spire Growth","floor":45,"turns":4}],"seed_played":"1570571388471579001","potions_obtained":[{"floor":1.0,"key":"Block Potion"},{"floor":3.0,"key":"LiquidBronze"},{"floor":13,"key":"Regen Potion"},{"floor":16,"key":"Regen Potion"}],"is_trial":false,"path_per_floor":["M","M","M","M","M","R","E","R","T","M","M","?","M","E","R","B",null,"M","$","M","?","?","R","M","R","T","M","M","R","E","?","R","B",null,"M","M","$","?","$","R","$","?","T","R","M"],"character_chosen":"DEFECT","items_purchased":["Electrodynamics","Flash of Steel+1","Ball Lightning+1","Go for the Eyes+1","Gash+1"],"campfire_rested":6,"item_purchase_floors":[19,37,37,37,39],"current_hp_per_floor":[70,63,54,54,45,45,33,56,56,30,30,30,24,35,58,33,67,45,45,15,15,15,31,37,53,53,51,35,51,31,22,39,18,49,51,42,42,42,42,42,42,42,42,42,0],"gold":89,"neow_bonus":"TEN_PERCENT_HP_BONUS","is_prod":false,"is_daily":false,"chose_seed":false,"campfire_upgraded":3,"win_rate":0,"timestamp":1562992375,"path_taken":["M","M","M","?","M","R","E","R","T","M","M","?","M","E","R","BOSS","M","?","M","?","?","R","M","R","T","M","M","R","E","?","R","BOSS","M","M","$","?","?","R","$","?","T","R","M"],"build_version":"2019-07-05","purchased_purges":1,"victory":false,"max_hp_per_floor":[78,78,78,78,78,78,78,78,78,78,78,78,78,78,78,78,78,78,78,78,54,54,54,54,54,54,54,54,54,54,59,59,59,59,59,59,59,59,59,59,59,59,59,59,59],"card_choices":[{"not_picked":["Storm","Melter"],"picked":"Glacier","floor":1.0},{"not_picked":["Blizzard","Fusion"],"picked":"White Noise","floor":2.0},{"not_picked":["Compile Driver","Hologram"],"picked":"Ball Lightning","floor":3.0},{"not_picked":["Stack","Ball Lightning"],"picked":"Leap","floor":4},{"not_picked":["Beam Cell","Darkness"],"picked":"Doom and Gloom","floor":5},{"not_picked":["Rebound","Steam Power"],"picked":"Sweeping Beam","floor":7},{"not_picked":["Barrage","Recycle"],"picked":"Streamline","floor":10},{"not_picked":["Recycle","Leap"],"picked":"Gash","floor":11},{"not_picked":["Rebound","Blizzard","Auto Shields"],"picked":"SKIP","floor":13},{"not_picked":["Fusion","Cold Snap"],"picked":"Loop","floor":14},{"not_picked":["Multi-Cast","Biased Cognition"],"picked":"All For One","floor":16},{"not_picked":["Beam Cell","Lockon"],"picked":"Go for the Eyes","floor":18},{"not_picked":["Doom and Gloom","Sweeping Beam+1","Barrage"],"picked":"SKIP","floor":20},{"not_picked":["Coolheaded+1","Barrage"],"picked":"Beam Cell","floor":24},{"not_picked":["Steam","Ball Lightning+1"],"picked":"Leap+1","floor":27},{"not_picked":["Beam Cell+1","Darkness","Barrage+1"],"picked":"SKIP","floor":28},{"not_picked":["Meteor Strike+1","Scrape+1","Cold Snap+1"],"picked":"SKIP","floor":30},{"not_picked":["Auto Shields+1","Ball Lightning+1"],"picked":"FTL+1","floor":35},{"not_picked":["Compile Driver+1","Sweeping Beam+1","Storm"],"picked":"SKIP","floor":36}],"player_experience":845146,"relics_obtained":[{"floor":7,"key":"Mercury Hourglass"},{"floor":9,"key":"Potion Belt"},{"floor":14,"key":"Art of War"},{"floor":26,"key":"Molten Egg 2"},{"floor":30,"key":"Ancient Tea Set"},{"floor":43,"key":"Bronze Scales"}],"event_choices":[{"damage_healed":0,"gold_gain":0,"player_choice":"1 cards matched","damage_taken":0,"max_hp_gain":0,"max_hp_loss":0,"event_name":"Match and Keep!","floor":12,"gold_loss":0,"cards_obtained":["Biased Cognition"]},{"damage_healed":0,"gold_gain":0,"player_choice":"Became a vampire","damage_taken":0,"max_hp_gain":0,"max_hp_loss":24,"event_name":"Vampires","floor":21,"gold_loss":0,"cards_obtained":["Bite","Bite","Bite","Bite","Bite"]},{"cards_removed":["Bite"],"damage_healed":0,"gold_gain":0,"player_choice":"Gave Gold","damage_taken":0,"max_hp_gain":0,"max_hp_loss":0,"event_name":"Beggar","floor":22,"gold_loss":75},{"damage_healed":0,"gold_gain":0,"player_choice":"Shed Blood","damage_taken":14,"max_hp_gain":5,"max_hp_loss":0,"event_name":"Forgotten Altar","floor":31,"gold_loss":0},{"damage_healed":0,"gold_gain":0,"player_choice":"2 cards matched","damage_taken":0,"max_hp_gain":0,"max_hp_loss":0,"event_name":"Match and Keep!","floor":38,"gold_loss":0,"cards_obtained":["Zap","Hyperbeam"]},{"damage_healed":0,"gold_gain":0,"player_choice":"Ignored","damage_taken":0,"max_hp_gain":0,"max_hp_loss":0,"event_name":"Mysterious Sphere","floor":42,"gold_loss":0}],"is_beta":false,"boss_relics":[{"not_picked":["Orrery","Eternal Feather"],"picked":"Sozu"},{"not_picked":["Astrolabe","White Beast Statue"],"picked":"Inserter"}],"items_purged_floors":[39],"is_endless":false,"potions_floor_spawned":[1,3,13,16,27,28,33,36],"killed_by":"Spire Growth","ascension_level":14}