{"gold_per_floor":[15,25,25,40,59,59,84,84,84,84,95,122,47,12,12,12],"floor_reached":16,"playtime":652,"items_purged":["Parasite"],"score":220,"play_id":"1f729d4e-b418-4c19-bb5b-30130455cd66","local_time":"20190701011238","is_ascension_mode":true,"campfire_choices":[{"floor":6,"key":"REST"},{"data":"Sunder","floor":10,"key":"SMITH"},{"data":"Enlightenment","floor":15,"key":"SMITH"}],"neow_cost":"NO_GOLD","seed_source_timestamp":569956435235852,"circlet_count":0,"master_deck":["AscendersBane","Strike_B","Strike_B","Strike_B","Defend_B+1","Defend_B","Defend_B","Defend_B","Zap","Dualcast","Enlightenment+1","Madness","Coolheaded+1","FTL","Fusion","Hologram","Sweeping Beam","Sunder+1","Conserve Battery","Glacier"],"relics":["Cracked Core","War Paint","PreservedInsect","Question Card"],"potions_floor_usage":[12],"damage_taken":[{"damage":14,"enemies":"Jaw Worm","floor":1,"turns":4},{"damage":0,"enemies":"Cultist","floor":2,"turns":4},{"damage":6,"enemies":"Small Slimes","floor":4,"turns":4},{"damage":16,"enemies":"Blue Slaver","floor":5,"turns":3},{"damage":19,"enemies":"Lagavulin","floor":7,"turns":9},{"damage":0,"enemies":"Large Slime","floor":11,"turns":4},{"damage":6,"enemies":"Gremlin Nob","floor":12,"turns":3},{"damage":44,"enemies":"Hexaghost","floor":16,"turns":14}],"seed_played":"-966202708897879064","potions_obtained":[{"floor":2,"key":"Strength Potion"},{"floor":5,"key":"Fire Potion"}],"is_trial":false,"path_per_floor":["M","M","?","M","M","R","E","?","T","R","M","E","$","?","R","B"],"character_chosen":"DEFECT","items_purchased":[],"campfire_rested":1,"item_purchase_floors":[],"current_hp_per_floor":[50,50,50,44,28,49,30,30,30,30,30,24,24,41,41,0],"gold":12,"neow_bonus":"RANDOM_COLORLESS_2","is_prod":false,"is_daily":false,"chose_seed":false,"campfire_upgraded":2,"win_rate":0,"timestamp":1561961558,"path_taken":["M","M","?","M","?","R","E","?","T","R","?","E","?","?","R","BOSS"],"build_version":"2019-06-29","purchased_purges":1,"victory":false,"max_hp_per_floor":[71,71,71,71,71,71,71,71,71,71,71,71,68,68,68,68],"card_choices":[{"not_picked":["Chaos","Hologram"],"picked":"Coolheaded","floor":1},{"not_picked":["Go for the Eyes","Barrage"],"picked":"FTL","floor":2},{"not_picked":["Reprogram","Turbo"],"picked":"Fusion","floor":4},{"not_picked":["Lockon","Tempest"],"picked":"Hologram","floor":5},{"not_picked":["Darkness","Steam"],"picked":"Sweeping Beam","floor":7},{"not_picked":["Sweeping Beam","Reprogram"],"picked":"Conserve Battery","floor":11},{"not_picked":["Conserve Battery","Streamline"],"picked":"Glacier","floor":12}],"player_experience":1625885,"relics_obtained":[{"floor":7,"key":"War Paint"},{"floor":9,"key":"PreservedInsect"},{"floor":12,"key":"Question Card"}],"event_choices":[{"cards_removed":["Strike_B"],"damage_healed":0,"gold_gain":0,"player_choice":"Card Removal","damage_taken":0,"max_hp_gain":0,"max_hp_loss":0,"event_name":"Wheel of Change","floor":3,"gold_loss":0},{"damage_healed":0,"gold_gain":0,"player_choice":"2 cards matched","damage_taken":0,"max_hp_gain":0,"max_hp_loss":0,"event_name":"Match and Keep!","floor":8,"gold_loss":0,"cards_obtained":["Parasite","Sunder"]},{"damage_healed":17,"gold_gain":0,"player_choice":"Healed","damage_taken":0,"max_hp_gain":0,"max_hp_loss":0,"event_name":"The Cleric","floor":14,"gold_loss":35}],"is_beta":true,"boss_relics":[],"items_purged_floors":[13],"is_endless":false,"potions_floor_spawned":[2,5],"killed_by":"Hexaghost","ascension_level":20}