{"gold_per_floor":[119,119,119,138,63,94,107,107,107,139,158,185,185,201,201,276,276,292,70,90,90,102,102,372,372,372,372,387,416,432,449,449,449],"floor_reached":33,"playtime":1526,"items_purged":["Strike_G"],"score":604,"play_id":"99255836-1e48-40f4-8e27-36f9bc01a832","local_time":"20190601032908","is_ascension_mode":true,"campfire_choices":[{"data":"Deadly Poison","floor":8,"key":"SMITH"},{"data":"Neutralize","floor":13,"key":"SMITH"},{"data":"Cloak And Dagger","floor":15,"key":"SMITH"},{"floor":23,"key":"REST"},{"floor":25,"key":"REST"},{"data":"Malaise","floor":27,"key":"SMITH"},{"floor":32,"key":"REST"}],"neow_cost":"NONE","seed_source_timestamp":253897953684541,"circlet_count":0,"master_deck":["AscendersBane","Defend_G","Defend_G","Defend_G","Defend_G","Defend_G","Survivor","Neutralize+1","Deadly Poison+1","Flying Knee","Finisher","Cloak And Dagger+1","Dash","All Out Attack","Poisoned Stab","Malaise+1","Backflip","Blind","PiercingWail","Dagger Spray+1","Blade Dance+1","Choke","Accuracy+1","Cloak And Dagger"],"relics":["Ring of the Snake","NeowsBlessing","Blue Candle","Regal Pillow","Gremlin Horn","Mercury Hourglass","Odd Mushroom","Empty Cage","Torii","Sundial"],"potions_floor_usage":[16,20,28,33,33],"damage_taken":[{"damage":0,"enemies":"Small Slimes","floor":1,"turns":1},{"damage":0,"enemies":"2 Louse","floor":4,"turns":1},{"damage":0,"enemies":"Gremlin Nob","floor":6,"turns":1},{"damage":7,"enemies":"Jaw Worm","floor":7,"turns":5},{"damage":28,"enemies":"Lagavulin","floor":10,"turns":6},{"damage":0,"enemies":"Large Slime","floor":11,"turns":4},{"damage":0,"enemies":"The Mushroom Lair","floor":12,"turns":3},{"damage":0,"enemies":"3 Louse","floor":14,"turns":2},{"damage":10,"enemies":"Hexaghost","floor":16,"turns":9},{"damage":24,"enemies":"2 Thieves","floor":18,"turns":4},{"damage":13,"enemies":"Spheric Guardian","floor":20,"turns":7},{"damage":14,"enemies":"Chosen and Byrds","floor":22,"turns":8},{"damage":21,"enemies":"Cultist and Chosen","floor":28,"turns":8},{"damage":7,"enemies":"Book of Stabbing","floor":29,"turns":8},{"damage":1,"enemies":"Snecko","floor":30,"turns":7},{"damage":1,"enemies":"Centurion and Healer","floor":31,"turns":6},{"damage":80,"enemies":"Collector","floor":33,"turns":11}],"seed_played":"6730153694815449742","potions_obtained":[{"floor":6,"key":"Explosive Potion"},{"floor":10,"key":"AttackPotion"},{"floor":16,"key":"PowerPotion"},{"floor":18,"key":"Regen Potion"},{"floor":28,"key":"Block Potion"}],"is_trial":false,"path_per_floor":["M","?","?","M","?","E","M","R","T","E","M","?","R","M","R","B",null,"M","$","M","?","M","R","?","R","T","R","M","E","M","M","R","B"],"character_chosen":"THE_SILENT","items_purchased":["Blind","PiercingWail"],"campfire_rested":3,"item_purchase_floors":[19,19],"current_hp_per_floor":[59,48,53,53,53,53,46,46,46,18,18,18,18,18,18,8,55,31,31,33,33,19,55,20,56,56,56,35,28,27,26,62,0],"gold":449,"neow_bonus":"THREE_ENEMY_KILL","is_prod":false,"is_daily":false,"chose_seed":false,"campfire_upgraded":4,"win_rate":0,"timestamp":1559377748,"path_taken":["M","?","?","?","?","E","M","R","T","E","M","?","R","M","R","BOSS","M","$","M","?","?","R","?","R","T","R","M","E","?","M","R","BOSS"],"build_version":"2019-01-23","purchased_purges":1,"victory":false,"max_hp_per_floor":[66,66,71,71,71,71,71,71,71,71,71,71,71,71,71,71,71,71,71,71,71,71,71,71,71,71,71,71,71,71,71,71,71],"card_choices":[{"not_picked":["Dodge and Roll","Dagger Spray"],"picked":"Deadly Poison","floor":1},{"not_picked":["Riddle With Holes","Prepared"],"picked":"Flying Knee","floor":4},{"not_picked":["Accuracy","Deadly Poison"],"picked":"Finisher","floor":6},{"not_picked":["Storm of Steel","Quick Slash","Acrobatics"],"picked":"SKIP","floor":7},{"not_picked":["Slice","Quick Slash"],"picked":"Cloak And Dagger","floor":10},{"not_picked":["Flying Knee","Escape Plan"],"picked":"Dash","floor":11},{"not_picked":["Flying Knee","Deflect"],"picked":"All Out Attack","floor":12},{"not_picked":["Backflip","Escape Plan"],"picked":"Poisoned Stab","floor":14},{"not_picked":["Adrenaline","Doppelganger"],"picked":"Malaise","floor":16},{"not_picked":["Underhanded Strike","Dagger Spray"],"picked":"Backflip","floor":18},{"not_picked":["Underhanded Strike+1","Acrobatics","Leg Sweep"],"picked":"SKIP","floor":20},{"not_picked":["Dash","Deadly Poison+1"],"picked":"Dagger Spray+1","floor":22},{"not_picked":["Backstab","Dagger Spray"],"picked":"Blade Dance+1","floor":28},{"not_picked":["Dash","Heel Hook"],"picked":"Choke","floor":29},{"not_picked":["Burst","Acrobatics"],"picked":"Accuracy+1","floor":30},{"not_picked":["Endless Agony","Dagger Throw"],"picked":"Cloak And Dagger","floor":31}],"player_experience":1645484,"relics_obtained":[{"floor":6,"key":"Regal Pillow"},{"floor":9,"key":"Gremlin Horn"},{"floor":10,"key":"Mercury Hourglass"},{"floor":12,"key":"Odd Mushroom"},{"floor":26,"key":"Torii"},{"floor":29,"key":"Sundial"}],"event_choices":[{"damage_healed":0,"gold_gain":0,"player_choice":"Success","damage_taken":11,"relics_obtained":["Blue Candle"],"max_hp_gain":0,"max_hp_loss":0,"event_name":"Scrap Ooze","floor":2,"gold_loss":0},{"damage_healed":0,"gold_gain":0,"player_choice":"Donut","damage_taken":0,"max_hp_gain":5,"max_hp_loss":0,"event_name":"Big Fish","floor":3,"gold_loss":0},{"cards_removed":["Strike_G"],"damage_healed":0,"gold_gain":0,"player_choice":"Card Removal","damage_taken":0,"max_hp_gain":0,"max_hp_loss":0,"event_name":"The Cleric","floor":5,"gold_loss":75},{"damage_healed":0,"gold_gain":0,"player_choice":"Fought Mushrooms","damage_taken":0,"max_hp_gain":0,"max_hp_loss":0,"event_name":"Mushrooms","floor":12,"gold_loss":0},{"cards_removed":["Strike_G"],"damage_healed":0,"gold_gain":0,"player_choice":"Offered Basic","damage_taken":0,"max_hp_gain":0,"max_hp_loss":0,"event_name":"Bonfire Elementals","floor":21,"gold_loss":0},{"damage_healed":0,"gold_gain":270,"player_choice":"POTION GOLD GOLD GOLD ","damage_taken":35,"max_hp_gain":0,"max_hp_loss":0,"event_name":"Knowing Skull","floor":24,"potions_obtained":["GamblersBrew"],"gold_loss":0,"cards_obtained":[]}],"is_beta":false,"boss_relics":[{"not_picked":["White Beast Statue","Tiny House"],"picked":"Empty Cage"}],"items_purged_floors":[19],"is_endless":false,"potions_floor_spawned":[6,10,16,18,28,31],"killed_by":"Collector","ascension_level":20}