{"gold_per_floor":[118,129,146,221,221,232,247,247,295,18,18,193,226,238,238,338,338,354,368,25,25,25],"floor_reached":22,"playtime":2172,"items_purged":[],"score":211,"play_id":"504bbf2b-e0cb-4fea-a21c-12e0b2b239e2","local_time":"20190704193537","is_ascension_mode":false,"campfire_choices":[{"floor":8,"key":"REST"},{"floor":11,"key":"REST"},{"floor":15,"key":"REST"}],"neow_cost":"NONE","seed_source_timestamp":854457833896895,"circlet_count":0,"master_deck":["Strike_G","Strike_G","Strike_G","Strike_G","Strike_G","Defend_G","Defend_G","Defend_G","Defend_G","Defend_G","Survivor","Neutralize","Underhanded Strike","Dodge and Roll","Deflect","Slice","Escape Plan","Bouncing Flask","Quick Slash","Blur","Deadly Poison","Bullet Time","Terror+1","Poisoned Stab+1","Blade Dance","Noxious Fumes"],"relics":["Ring of the Snake","Omamori","Membership Card","Pear","Black Star","Potion Belt","Darkstone Periapt","TheAbacus"],"potions_floor_usage":[],"damage_taken":[{"damage":3,"enemies":"Jaw Worm","floor":1,"turns":7},{"damage":3,"enemies":"2 Louse","floor":2,"turns":3},{"damage":0,"enemies":"Small Slimes","floor":3,"turns":5},{"damage":20,"enemies":"Exordium Wildlife","floor":6,"turns":9},{"damage":21,"enemies":"Exordium Thugs","floor":7,"turns":8},{"damage":24,"enemies":"3 Sentries","floor":13,"turns":10},{"damage":0,"enemies":"Looter","floor":14,"turns":3},{"damage":27,"enemies":"The Guardian","floor":16,"turns":14},{"damage":16,"enemies":"Chosen","floor":18,"turns":7},{"damage":26,"enemies":"Spheric Guardian","floor":19,"turns":6},{"damage":51,"enemies":"Shelled Parasite and Fungi","floor":22,"turns":6}],"seed_played":"4009106467593489824","potions_obtained":[{"floor":1,"key":"SpeedPotion"},{"floor":7,"key":"Strength Potion"},{"floor":13,"key":"AttackPotion"},{"floor":14,"key":"GhostInAJar"},{"floor":16,"key":"Ancient Potion"}],"is_trial":false,"path_per_floor":["M","M","M","?","?","M","M","R","T","$","R","?","E","M","R","B",null,"M","M","$","?","M"],"character_chosen":"THE_SILENT","items_purchased":["Membership Card","Escape Plan","Bouncing Flask","Quick Slash","Potion Belt","Darkstone Periapt","TheAbacus","Blade Dance","Noxious Fumes"],"campfire_rested":3,"item_purchase_floors":[10,10,10,10,20,20,20,20,20],"current_hp_per_floor":[74,71,71,60,65,45,24,48,48,48,72,72,58,58,85,58,92,76,50,50,50,0],"gold":25,"neow_bonus":"TEN_PERCENT_HP_BONUS","is_prod":false,"is_daily":false,"chose_seed":false,"campfire_upgraded":0,"win_rate":0.0,"timestamp":1562283337,"path_taken":["M","M","M","?","?","M","M","R","T","?","R","?","E","M","R","BOSS","M","M","$","?","?"],"build_version":"2019-07-01","purchased_purges":0,"victory":false,"max_hp_per_floor":[77,77,77,77,82,82,82,82,82,82,82,82,92,92,92,92,92,92,92,92,92,92],"card_choices":[{"not_picked":["Acrobatics","Dagger Spray"],"picked":"Underhanded Strike","floor":1},{"not_picked":["Backstab","Acrobatics"],"picked":"Dodge and Roll","floor":2},{"not_picked":["Underhanded Strike","Infinite Blades"],"picked":"Eviscerate","floor":3},{"not_picked":["Heel Hook","Blade Dance"],"picked":"Deflect","floor":6},{"not_picked":["Prepared","Wraith Form v2"],"picked":"Slice","floor":7},{"not_picked":["Phantasmal Killer","Unload"],"picked":"Blur","floor":13},{"not_picked":["Acrobatics","Masterful Stab"],"picked":"Deadly Poison","floor":14},{"not_picked":["Burst","Envenom"],"picked":"Bullet Time","floor":16},{"not_picked":["Footwork","Heel Hook"],"picked":"Terror+1","floor":18},{"not_picked":["Slice","Blade Dance"],"picked":"Poisoned Stab+1","floor":19}],"player_experience":13112,"relics_obtained":[{"floor":9,"key":"Omamori"},{"floor":13,"key":"Pear"}],"event_choices":[{"damage_healed":0,"gold_gain":75,"player_choice":"Gather Gold","damage_taken":11,"max_hp_gain":0,"max_hp_loss":0,"event_name":"World of Goop","floor":4,"gold_loss":0},{"damage_healed":0,"gold_gain":0,"player_choice":"Donut","damage_taken":0,"max_hp_gain":5,"max_hp_loss":0,"event_name":"Big Fish","floor":5,"gold_loss":0},{"damage_healed":0,"gold_gain":175,"player_choice":"AGREE","damage_taken":0,"max_hp_gain":0,"max_hp_loss":0,"event_name":"Liars Game","floor":12,"gold_loss":0,"cards_obtained":["Doubt"]},{"cards_removed":["Eviscerate"],"damage_healed":0,"gold_gain":0,"player_choice":"Purged","damage_taken":0,"max_hp_gain":0,"max_hp_loss":0,"event_name":"Purifier","floor":21,"gold_loss":0}],"is_beta":false,"boss_relics":[{"not_picked":["Lizard Tail","Snecko Eye"],"picked":"Black Star"}],"items_purged_floors":[],"is_endless":false,"potions_floor_spawned":[1,7,13,14,16],"killed_by":"Shelled Parasite and Fungi","ascension_level":0}