{"gold_per_floor":[111,111,127,143,28,87,87,105,130,149,149,1,19,31,31,132,132,152,171,25,35,35,35,69,89,89,89,89,108,108,137,137,240,240,254,273,283,383,396,396,406,406],"floor_reached":42,"playtime":6731,"items_purged":["Strike_R"],"score":444,"play_id":"d482a198-3b70-44a6-bd5d-420dc5c1a29a","local_time":"20190623075950","is_ascension_mode":false,"campfire_choices":[{"data":"Hemokinesis","floor":7,"key":"SMITH"},{"data":"Inflame","floor":11,"key":"SMITH"},{"data":"Barricade","floor":15,"key":"SMITH"},{"floor":23,"key":"REST"},{"floor":28,"key":"REST"},{"floor":30,"key":"REST"},{"data":"Entrench","floor":32,"key":"SMITH"},{"floor":40,"key":"REST"}],"neow_cost":"NONE","seed_source_timestamp":801282222033706,"circlet_count":0,"master_deck":["Bash+1","Barricade+1","Battle Trance","Hemokinesis+1","Pommel Strike","Inflame+1","Infernal Blade","Shrug It Off","Cleave","Flame Barrier","Spot Weakness","Shrug It Off","Inflame","Limit Break","Body Slam+1","Seeing Red+1","Twin Strike","Entrench+1","Iron Wave+1","Berserk","Metallicize","Shrug It Off","Double Tap","Feed","True Grit+1","Fire Breathing+1","Havoc+1","Combust+1","Rage+1","Rage+1","Iron Wave","Parasite","Sword Boomerang+1","Armaments+1"],"relics":["Burning Blood","Tiny Chest","Bag of Marbles","Empty Cage","Whetstone","Art of War","Darkstone Periapt","Bottled Lightning","Astrolabe","Thread and Needle"],"potions_floor_usage":[6,13,19,24,24,25,33,37,38,39,41],"damage_taken":[{"damage":7,"enemies":"2 Louse","floor":1,"turns":3},{"damage":1,"enemies":"Cultist","floor":3,"turns":3},{"damage":4,"enemies":"Jaw Worm","floor":4,"turns":4},{"damage":19,"enemies":"3 Sentries","floor":6,"turns":7},{"damage":12,"enemies":"3 Louse","floor":8,"turns":4},{"damage":2,"enemies":"2 Fungi Beasts","floor":10,"turns":2},{"damage":2,"enemies":"Blue Slaver","floor":13,"turns":1},{"damage":2,"enemies":"Large Slime","floor":14,"turns":4},{"damage":32,"enemies":"The Guardian","floor":16,"turns":7},{"damage":11,"enemies":"Chosen","floor":18,"turns":5},{"damage":14,"enemies":"Spheric Guardian","floor":19,"turns":6},{"damage":18,"enemies":"Cultist and Chosen","floor":21,"turns":5},{"damage":40,"enemies":"Book of Stabbing","floor":24,"turns":6},{"damage":33,"enemies":"3 Cultists","floor":25,"turns":5},{"damage":30,"enemies":"Snecko","floor":29,"turns":6},{"damage":5,"enemies":"Slavers","floor":31,"turns":6},{"damage":34,"enemies":"Champ","floor":33,"turns":8},{"damage":10,"enemies":"3 Shapes","floor":35,"turns":5},{"damage":23,"enemies":"3 Darklings","floor":36,"turns":4},{"damage":39,"enemies":"Transient","floor":37,"turns":5},{"damage":3,"enemies":"Mind Bloom Boss Battle","floor":38,"turns":5},{"damage":44,"enemies":"Writhing Mass","floor":39,"turns":8},{"damage":13,"enemies":"Sphere and 2 Shapes","floor":41,"turns":4},{"damage":30,"enemies":"3 Darklings","floor":42,"turns":3}],"seed_played":"1287324350344869584","potions_obtained":[{"floor":2,"key":"Weak Potion"},{"floor":2,"key":"SneckoOil"},{"floor":2,"key":"SpeedPotion"},{"floor":3,"key":"Energy Potion"},{"floor":8,"key":"Poison Potion"},{"floor":13,"key":"BloodPotion"},{"floor":21,"key":"Strength Potion"},{"floor":24,"key":"PowerPotion"},{"floor":29,"key":"BloodPotion"},{"floor":36,"key":"Fire Potion"},{"floor":37,"key":"Swift Potion"},{"floor":39,"key":"AttackPotion"}],"is_trial":false,"path_per_floor":["M","?","M","M","$","E","R","M","T","M","R","$","M","M","R","B",null,"M","M","$","M","?","R","E","M","T","?","R","M","R","E","R","B",null,"M","M","M","?","M","R","M","M"],"character_chosen":"IRONCLAD","items_purchased":["Inflame","Infernal Blade","Spot Weakness","Whetstone"],"campfire_rested":4,"item_purchase_floors":[5,5,12,20],"current_hp_per_floor":[79,79,80,80,80,67,67,61,61,65,65,65,69,73,73,47,80,75,67,67,55,55,79,53,26,26,26,50,26,50,51,51,23,80,79,62,29,32,8,34,30,0],"gold":406,"neow_bonus":"TRANSFORM_CARD","is_prod":false,"is_daily":false,"chose_seed":false,"campfire_upgraded":4,"win_rate":0,"timestamp":1561291190,"path_taken":["M","?","?","M","$","E","R","M","T","M","R","$","M","?","R","BOSS","M","M","$","M","?","R","E","M","T","?","R","M","R","E","R","BOSS","M","M","M","?","M","R","M","M"],"build_version":"2019-01-23","purchased_purges":1,"victory":false,"max_hp_per_floor":[80,80,80,80,80,80,80,80,80,80,80,80,80,80,80,80,80,80,80,80,80,80,80,80,80,80,80,80,80,80,80,80,80,80,83,83,83,83,89,89,92,92],"card_choices":[{"not_picked":["Twin Strike","Heavy Blade"],"picked":"Battle Trance","floor":1},{"not_picked":["Sever Soul","Sword Boomerang"],"picked":"Hemokinesis","floor":3},{"not_picked":["Immolate","Havoc"],"picked":"Pommel Strike","floor":4},{"not_picked":["Burning Pact","Wild Strike"],"picked":"Shrug It Off","floor":6},{"not_picked":["Ghostly Armor","Immolate"],"picked":"Cleave","floor":8},{"not_picked":["Reckless Charge","Cleave"],"picked":"Flame Barrier","floor":10},{"not_picked":["Pummel","Sword Boomerang"],"picked":"Shrug It Off","floor":13},{"not_picked":["Clothesline","Hemokinesis"],"picked":"Inflame","floor":14},{"not_picked":["Exhume","Fiend Fire"],"picked":"Limit Break","floor":16},{"not_picked":["Pommel Strike","Perfected Strike"],"picked":"Body Slam","floor":18},{"not_picked":["Wild Strike","Power Through"],"picked":"Seeing Red+1","floor":19},{"not_picked":["Headbutt","Perfected Strike"],"picked":"Twin Strike","floor":21},{"not_picked":["Twin Strike","Power Through+1"],"picked":"Entrench","floor":24},{"not_picked":["Dual Wield","Immolate"],"picked":"Iron Wave+1","floor":25},{"not_picked":["Warcry","Flex"],"picked":"Shrug It Off","floor":29},{"not_picked":["Infernal Blade","Thunderclap"],"picked":"Double Tap","floor":31},{"not_picked":["Exhume","Bludgeon"],"picked":"Feed","floor":33},{"not_picked":["Infernal Blade","Havoc"],"picked":"Combust+1","floor":35},{"not_picked":["Flex+1","Burning Pact+1"],"picked":"Rage+1","floor":36},{"not_picked":["Havoc","Infernal Blade+1"],"picked":"Rage+1","floor":37},{"not_picked":["Evolve","Perfected Strike+1"],"picked":"Iron Wave","floor":38},{"not_picked":["Shockwave+1","Wild Strike"],"picked":"Sword Boomerang+1","floor":39},{"not_picked":["Clash+1","Blood for Blood+1"],"picked":"Armaments+1","floor":41}],"player_experience":183185,"relics_obtained":[{"floor":6,"key":"Tiny Chest"},{"floor":9,"key":"Bag of Marbles"},{"floor":24,"key":"Art of War"},{"floor":26,"key":"Darkstone Periapt"},{"floor":31,"key":"Bottled Lightning"},{"floor":38,"key":"Thread and Needle"}],"event_choices":[{"damage_healed":0,"gold_gain":0,"player_choice":"Got Potions","damage_taken":0,"max_hp_gain":0,"max_hp_loss":0,"event_name":"Lab","floor":2,"gold_loss":0},{"damage_healed":0,"gold_gain":0,"player_choice":"Ignored","damage_taken":0,"max_hp_gain":0,"max_hp_loss":0,"event_name":"Vampires","floor":22,"gold_loss":0},{"damage_healed":0,"gold_gain":0,"cards_transformed":["Strike_R","Defend_R"],"player_choice":"Became Test Subject","damage_taken":0,"max_hp_gain":0,"max_hp_loss":0,"event_name":"Drug Dealer","floor":27,"gold_loss":0,"cards_obtained":["Berserk","Metallicize"]},{"damage_healed":0,"gold_gain":0,"player_choice":"Fight","damage_taken":0,"max_hp_gain":0,"max_hp_loss":0,"event_name":"MindBloom","floor":38,"gold_loss":0}],"is_beta":false,"boss_relics":[{"not_picked":["Runic Dome","Lizard Tail"],"picked":"Empty Cage"},{"not_picked":["Orrery","Busted Crown"],"picked":"Astrolabe"}],"items_purged_floors":[12],"is_endless":false,"potions_floor_spawned":[3,8,13,21,24,29,36,37,39],"killed_by":"3 Darklings","ascension_level":0}