{"gold_per_floor":[210,228,16,31,41,41,75,75,127,69,98,115,190,201,201,278,278,290,290,310,320,340,340,18,18,18,30,49,49,61,79,79,150,150,167,1166,360,374,374,374,389,408,408,408,426,452,464,480,480,480,480,480,480,44,74,74],"floor_reached":56,"playtime":2058,"items_purged":["Strike_R","Defend_R","Normality"],"score":1869,"play_id":"7954de9d-68a4-47d5-ac89-02279bfe1317","local_time":"20190714104107","is_ascension_mode":true,"campfire_choices":[{"data":"Bash","floor":6.0,"key":"SMITH"},{"data":"Perfected Strike","floor":8.0,"key":"SMITH"},{"data":"Perfected Strike","floor":15.0,"key":"SMITH"},{"floor":23.0,"key":"REST"},{"floor":25.0,"key":"REST"},{"data":"Perfected Strike","floor":29.0,"key":"SMITH"},{"floor":32.0,"key":"REST"},{"data":"Barricade","floor":40.0,"key":"SMITH"},{"floor":49.0,"key":"RECALL"},{"data":"Burning Pact","floor":53.0,"key":"SMITH"}],"neow_cost":"NONE","seed_source_timestamp":0,"circlet_count":0,"master_deck":["AscendersBane","Strike_R","Strike_R","Strike_R","Defend_R","Defend_R","Defend_R","Bash+1","Sword Boomerang","Flame Barrier","Shrug It Off","Evolve","Anger","Perfected Strike+1","Perfected Strike+1","Power Through","Shrug It Off","Power Through","Immolate","Body Slam","Clothesline","Shockwave","Battle Trance","Perfected Strike+1","Combust","Perfected Strike","Body Slam+1","Dual Wield","Burning Pact+1","Barricade+1","Pommel Strike","Normality","Pommel Strike","Perfected Strike+1","Shrug It Off","Power Through","Perfected Strike+1","Body Slam+1","Bandage Up","Parasite","Entrench+1","Warcry+1","Armaments+1","Entrench","Entrench"],"special_seed":0,"relics":["Burning Blood","Paper Frog","Dream Catcher","Bag of Marbles","Philosopher\u0027s Stone","Regal Pillow","Mummified Hand","Velvet Choker","DollysMirror","Lantern","Orichalcum","Kunai","Toy Ornithopter","Strawberry"],"potions_floor_usage":[56,56],"damage_taken":[{"damage":14.0,"enemies":"Jaw Worm","floor":1.0,"turns":5.0},{"damage":6.0,"enemies":"Cultist","floor":2.0,"turns":3.0},{"damage":1.0,"enemies":"Small Slimes","floor":4.0,"turns":4.0},{"damage":3.0,"enemies":"3 Louse","floor":5.0,"turns":4.0},{"damage":8.0,"enemies":"Gremlin Nob","floor":7.0,"turns":3.0},{"damage":20.0,"enemies":"Lagavulin","floor":11.0,"turns":4.0},{"damage":2.0,"enemies":"Large Slime","floor":12.0,"turns":3.0},{"damage":10.0,"enemies":"Gremlin Gang","floor":14.0,"turns":6.0},{"damage":25.0,"enemies":"Hexaghost","floor":16.0,"turns":9.0},{"damage":0.0,"enemies":"Chosen","floor":18.0,"turns":3.0},{"damage":3.0,"enemies":"Shell Parasite","floor":20.0,"turns":3.0},{"damage":18.0,"enemies":"Snecko","floor":21.0,"turns":5.0},{"damage":53.0,"enemies":"Chosen and Byrds","floor":22.0,"turns":7.0},{"damage":21.0,"enemies":"Snake Plant","floor":27.0,"turns":3.0},{"damage":33.0,"enemies":"Sentry and Sphere","floor":28.0,"turns":6.0},{"damage":2.0,"enemies":"3 Cultists","floor":30.0,"turns":3.0},{"damage":10.0,"enemies":"Snecko","floor":31.0,"turns":4.0},{"damage":42.0,"enemies":"Collector","floor":33.0,"turns":6.0},{"damage":12.0,"enemies":"3 Shapes","floor":35.0,"turns":5.0},{"damage":4.0,"enemies":"3 Darklings","floor":38.0,"turns":3.0},{"damage":18.0,"enemies":"Sphere and 2 Shapes","floor":41.0,"turns":5.0},{"damage":0.0,"enemies":"4 Shapes","floor":42.0,"turns":3.0},{"damage":25.0,"enemies":"Writhing Mass","floor":45.0,"turns":5.0},{"damage":2.0,"enemies":"Reptomancer","floor":46.0,"turns":4.0},{"damage":0.0,"enemies":"Spire Growth","floor":47.0,"turns":2.0},{"damage":6.0,"enemies":"Jaw Worm Horde","floor":48.0,"turns":4.0},{"damage":24.0,"enemies":"Awakened One","floor":50.0,"turns":13.0},{"damage":36.0,"enemies":"Time Eater","floor":51.0,"turns":11.0},{"damage":54.0,"enemies":"Shield and Spear","floor":55.0,"turns":7.0},{"damage":40,"enemies":"The Heart","floor":56,"turns":2}],"seed_played":"-1127279443883099617","potions_obtained":[{"floor":5.0,"key":"AttackPotion"},{"floor":7.0,"key":"Explosive Potion"},{"floor":11.0,"key":"Swift Potion"},{"floor":12.0,"key":"PowerPotion"},{"floor":22.0,"key":"SmokeBomb"},{"floor":30.0,"key":"Dexterity Potion"},{"floor":33.0,"key":"Regen Potion"},{"floor":55.0,"key":"FearPotion"}],"is_trial":false,"path_per_floor":["M","M","$","M","M","R","E","R","T","$","E","M","?","M","R","B",null,"M","?","M","M","M","R","$","R","T","M","M","R","M","M","R","B",null,"M","?","$","M","?","R","M","M","T","?","M","E","M","M","R","B","B",null,"R","$","E","B"],"character_chosen":"IRONCLAD","items_purchased":["Shrug It Off","Evolve","Perfected Strike","Perfected Strike","Regal Pillow","Pommel Strike","DollysMirror","Lantern","Orichalcum","Shrug It Off","Entrench","Ancient Potion","AttackPotion","Toy Ornithopter"],"campfire_rested":3,"item_purchase_floors":[3,3,10,24,24,37,37,37,37,37,54,54,54,54],"current_hp_per_floor":[60,60,60,65,68,68,66,66,66,66,52,56,45,41,41,22,62,68,68,71,59,12,34,34,71,71,56,29,29,33,29,66,30,64,58,58,58,60,60,60,48,54,54,54,39,47,53,53,53,54,28,60,60,60,24,0],"gold":74,"neow_bonus":"HUNDRED_GOLD","is_prod":false,"is_daily":false,"chose_seed":false,"campfire_upgraded":6,"win_rate":0,"timestamp":1563068467,"path_taken":["M","M","$","M","M","R","E","R","T","$","E","M","?","M","R","BOSS","M","?","M","M","M","R","$","R","T","M","?","R","M","M","R","BOSS","M","?","$","M","?","R","M","M","T","?","M","E","M","M","R","BOSS","BOSS","R","$","E","BOSS"],"build_version":"2019-07-05","purchased_purges":3,"victory":false,"max_hp_per_floor":[75,75,75,75,75,75,75,75,75,75,75,75,75,75,75,75,75,75,75,75,75,75,75,75,75,75,75,75,75,75,75,75,75,75,75,75,75,75,71,71,71,71,71,71,71,71,71,71,71,71,71,71,71,71,78,78],"card_choices":[{"not_picked":["Iron Wave","Havoc"],"picked":"Sword Boomerang","floor":1.0},{"not_picked":["Warcry","Heavy Blade"],"picked":"Flame Barrier","floor":2.0},{"not_picked":["Dropkick","Dual Wield","Body Slam"],"picked":"SKIP","floor":4.0},{"not_picked":["Dropkick","Searing Blow"],"picked":"Anger","floor":5.0},{"not_picked":["Brutality","Cleave"],"picked":"Perfected Strike","floor":7.0},{"not_picked":["Demon Form","Body Slam"],"picked":"Power Through","floor":11.0},{"not_picked":["Headbutt","Wild Strike"],"picked":"Shrug It Off","floor":12.0},{"not_picked":["Armaments","Body Slam"],"picked":"Power Through","floor":14.0},{"not_picked":["Double Tap","Barricade"],"picked":"Immolate","floor":16.0},{"not_picked":["Sentinel","Thunderclap"],"picked":"Body Slam","floor":18.0},{"not_picked":["Entrench","Feel No Pain"],"picked":"Shockwave","floor":20.0},{"not_picked":["Flex","Headbutt"],"picked":"Battle Trance","floor":21.0},{"not_picked":["Anger","Cleave"],"picked":"Perfected Strike","floor":22.0},{"not_picked":["Ghostly Armor","Uppercut"],"picked":"Combust","floor":23.0},{"not_picked":["Battle Trance","Thunderclap","Shockwave"],"picked":"SKIP","floor":27.0},{"not_picked":["Feed","Clothesline"],"picked":"Body Slam+1","floor":28.0},{"not_picked":["Evolve+1","Twin Strike+1","True Grit"],"picked":"SKIP","floor":30.0},{"not_picked":["Infernal Blade","Evolve+1"],"picked":"Dual Wield","floor":31.0},{"not_picked":["Feel No Pain","Havoc"],"picked":"Burning Pact","floor":32.0},{"not_picked":["Demon Form","Dark Embrace"],"picked":"Barricade","floor":33.0},{"not_picked":["Havoc","Flex"],"picked":"Pommel Strike","floor":35.0},{"not_picked":["Iron Wave+1","Flame Barrier"],"picked":"Power Through","floor":38.0},{"not_picked":["Armaments","Clothesline"],"picked":"Perfected Strike+1","floor":41.0},{"not_picked":["Juggernaut","Iron Wave"],"picked":"Body Slam+1","floor":42.0},{"not_picked":["Chrysalis","Enlightenment"],"picked":"Bandage Up","floor":44.0},{"not_picked":["Wild Strike+1","Rage"],"picked":"Entrench+1","floor":45.0},{"not_picked":["Headbutt","Metallicize"],"picked":"Warcry+1","floor":46.0},{"not_picked":["True Grit","Twin Strike+1","Power Through"],"picked":"SKIP","floor":47.0},{"not_picked":["Dropkick+1","Flame Barrier"],"picked":"Armaments+1","floor":48.0},{"not_picked":["Wild Strike","Burning Pact"],"picked":"Entrench","floor":55.0}],"player_experience":780022,"relics_obtained":[{"floor":7.0,"key":"Paper Frog"},{"floor":9.0,"key":"Dream Catcher"},{"floor":11.0,"key":"Bag of Marbles"},{"floor":26.0,"key":"Mummified Hand"},{"floor":46.0,"key":"Kunai"},{"floor":55.0,"key":"Strawberry"}],"event_choices":[{"damage_healed":0.0,"max_hp_gain":0.0,"max_hp_loss":0.0,"gold_gain":75.0,"event_name":"World of Goop","player_choice":"Gather Gold","floor":13.0,"gold_loss":0.0,"damage_taken":11.0},{"damage_healed":0.0,"max_hp_gain":0.0,"max_hp_loss":0.0,"gold_gain":0.0,"cards_transformed":["Strike_R"],"event_name":"Transmorgrifier","player_choice":"Transformed","floor":19.0,"gold_loss":0.0,"damage_taken":0.0,"cards_obtained":["Clothesline"]},{"damage_healed":0.0,"max_hp_gain":0.0,"max_hp_loss":0.0,"gold_gain":999.0,"event_name":"MindBloom","player_choice":"Gold","floor":36.0,"gold_loss":0.0,"damage_taken":0.0,"cards_obtained":["Normality","Normality"]},{"damage_healed":0.0,"max_hp_gain":0.0,"max_hp_loss":4.0,"gold_gain":0.0,"event_name":"Winding Halls","player_choice":"Max HP","floor":39.0,"gold_loss":0.0,"damage_taken":0.0},{"damage_healed":0.0,"max_hp_gain":0.0,"max_hp_loss":0.0,"gold_gain":0.0,"event_name":"SensoryStone","player_choice":"Memory 1","floor":44.0,"gold_loss":0.0,"damage_taken":0.0}],"is_beta":false,"boss_relics":[{"not_picked":["Calling Bell","Orrery"],"picked":"Philosopher\u0027s Stone"},{"not_picked":["Sozu","Black Star"],"picked":"Velvet Choker"}],"items_purged_floors":[3,24,37],"is_endless":false,"potions_floor_spawned":[5,7,11,12,14,18,22,30,31,33,35,42,47,48,55],"killed_by":"The Heart","ascension_level":20}