{"gold_per_floor":[118,132,5,155,155,155,168,200,278,5,5,5,15,27,27,27],"floor_reached":16,"playtime":396,"items_purged":["Strike_B","Doubt"],"score":200,"play_id":"99270ac7-7c07-4497-ab0c-147d5d7b4d7e","local_time":"20190609172032","is_ascension_mode":true,"campfire_choices":[{"data":"Zap","floor":6,"key":"SMITH"},{"floor":15,"key":"REST"}],"neow_cost":"NONE","seed_source_timestamp":996112397506815,"circlet_count":0,"master_deck":["AscendersBane","Strike_B","Strike_B","Strike_B","Defend_B","Defend_B","Defend_B+1","Defend_B+1","Zap+1","Dualcast","Defragment","Conserve Battery","Cold Snap","Compile Driver","Pain","Conserve Battery","Tempest"],"relics":["Cracked Core","NeowsBlessing","Orichalcum","Question Card","Bag of Preparation","War Paint","WarpedTongs"],"potions_floor_usage":[8],"damage_taken":[{"damage":0,"enemies":"Cultist","floor":1,"turns":1},{"damage":0,"enemies":"Small Slimes","floor":2,"turns":1},{"damage":0,"enemies":"Jaw Worm","floor":7,"turns":1},{"damage":23,"enemies":"Lagavulin","floor":8,"turns":6},{"damage":13,"enemies":"Exordium Wildlife","floor":13,"turns":5},{"damage":4,"enemies":"2 Fungi Beasts","floor":14,"turns":4},{"damage":45,"enemies":"Hexaghost","floor":16,"turns":9}],"seed_played":"-7071339063166714557","potions_obtained":[{"floor":1,"key":"FearPotion"},{"floor":14,"key":"Fire Potion"}],"is_trial":false,"path_per_floor":["M","M","$","?","?","R","M","E","T","$","?","?","M","M","R","B"],"character_chosen":"DEFECT","items_purchased":["Cold Snap","Bag of Preparation"],"campfire_rested":1,"item_purchase_floors":[3,10],"current_hp_per_floor":[64,64,64,64,69,69,69,46,46,46,35,35,22,18,40,0],"gold":27,"neow_bonus":"THREE_ENEMY_KILL","is_prod":false,"is_daily":false,"chose_seed":false,"campfire_upgraded":1,"win_rate":0,"timestamp":1560118832,"path_taken":["M","M","$","?","?","R","?","E","T","$","?","?","M","?","R","BOSS"],"build_version":"2019-01-23","purchased_purges":2,"victory":false,"max_hp_per_floor":[71,71,71,71,76,76,76,76,76,76,76,76,76,76,76,76],"card_choices":[{"not_picked":["White Noise","Rebound"],"picked":"Defragment","floor":1},{"not_picked":["Leap","Skim"],"picked":"Conserve Battery","floor":2},{"not_picked":["Leap","Redo"],"picked":"Compile Driver","floor":7},{"not_picked":["Rebound","Meteor Strike","Steam"],"picked":"SKIP","floor":8},{"not_picked":["Leap","Compile Driver","Turbo"],"picked":"Conserve Battery","floor":13},{"not_picked":["Redo","Force Field","Leap"],"picked":"Tempest","floor":14}],"player_experience":1730371,"relics_obtained":[{"floor":8,"key":"Orichalcum"},{"floor":9,"key":"Question Card"}],"event_choices":[{"damage_healed":0,"gold_gain":150,"player_choice":"AGREE","damage_taken":0,"max_hp_gain":0,"max_hp_loss":0,"event_name":"Liars Game","floor":4,"gold_loss":0,"cards_obtained":["Doubt"]},{"damage_healed":0,"gold_gain":0,"player_choice":"Donut","damage_taken":0,"max_hp_gain":5,"max_hp_loss":0,"event_name":"Big Fish","floor":5,"gold_loss":0},{"damage_healed":0,"gold_gain":0,"player_choice":"Success","damage_taken":11,"relics_obtained":["War Paint"],"max_hp_gain":0,"max_hp_loss":0,"event_name":"Scrap Ooze","floor":11,"gold_loss":0},{"damage_healed":0,"gold_gain":0,"player_choice":"Rummage","damage_taken":0,"relics_obtained":["WarpedTongs"],"max_hp_gain":0,"max_hp_loss":0,"event_name":"Accursed Blacksmith","floor":12,"gold_loss":0,"cards_obtained":["Pain"]}],"is_beta":false,"boss_relics":[],"items_purged_floors":[3,10],"is_endless":false,"potions_floor_spawned":[1,14],"killed_by":"Hexaghost","ascension_level":20}