{"gold_per_floor":[109,109,126,126,51,51,51,67,136,149,182,194,206,244,256,369,381,407,445,457,469,481,493,519,551,636,648,671,683,605,643,655,765,777,802,29,110,110,10,10,10,63,63,63,74,74,84,116,116,221,221,236,236,236,236,252,252,262,272,272,272,34,52,80,112,112,212,212,228,143,143,143,160,160,41,73,100,100,100,132,132,132,132,229,229,247,347,347,366,588,588,588,588,614,614,614,614,614,644,644,749,749],"floor_reached":102,"playtime":4138,"items_purged":["Regret","Brutality","Normality","Decay"],"score":2560,"play_id":"412b9a51-7db7-4420-869c-6bc98a86e91e","local_time":"20190707131802","daily_mods":["SealedDeck","Heirloom","Time Dilation","Flight"],"is_ascension_mode":false,"campfire_choices":[{"data":"Demon Form","floor":6,"key":"SMITH"},{"data":"Echo Form","floor":7,"key":"SMITH"},{"data":"Havoc","floor":13,"key":"SMITH"},{"data":"Havoc","floor":15,"key":"SMITH"},{"data":"Wraith Form v2","floor":23,"key":"SMITH"},{"data":"Ghostly Armor","floor":27,"key":"SMITH"},{"data":"Reaper","floor":29,"key":"SMITH"},{"data":"Carnage","floor":32,"key":"SMITH"},{"data":"Demon Form","floor":40,"key":"SMITH"},{"data":"Flame Barrier","floor":41,"key":"SMITH"},{"data":"Spot Weakness","floor":44,"key":"SMITH"},{"data":"Heavy Blade","floor":46,"key":"SMITH"},{"data":"Havoc","floor":49,"key":"SMITH"},{"data":"Heavy Blade","floor":57,"key":"SMITH"},{"data":"Dual Wield","floor":61,"key":"SMITH"},{"data":"Reaper","floor":66,"key":"SMITH"},{"data":"RitualDagger","floor":74,"key":"SMITH"},{"data":"Burning Pact","floor":78,"key":"SMITH"},{"data":"Sword Boomerang","floor":79,"key":"SMITH"},{"data":"Sword Boomerang","floor":81,"key":"SMITH"},{"floor":83,"key":"DIG"},{"data":"Limit Break","floor":91,"key":"SMITH"},{"floor":92,"key":"DIG"},{"floor":96,"key":"DIG"},{"data":"Madness","floor":97,"key":"SMITH"},{"data":"Madness","floor":98,"key":"SMITH"},{"floor":100,"key":"DIG"}],"neow_cost":"","seed_source_timestamp":667447475603490,"circlet_count":0,"master_deck":["Demon Form+1","Wraith Form v2+1","Echo Form+1","Body Slam","Heavy Blade+1","Spot Weakness+1","Seeing Red+1","Pommel Strike","Shrug It Off+1","Sword Boomerang+1","Heavy Blade+1","Havoc+1","Sword Boomerang+1","Dual Wield+1","Havoc+1","Reaper+1","Uppercut+1","Heavy Blade+1","J.A.X.","Necronomicurse","Ghostly Armor+1","Carnage+1","Disarm+1","Demon Form+1","Flame Barrier+1","Corruption+1","Infernal Blade+1","Havoc+1","Reaper+1","RitualDagger+1","Burning Pact+1","Uppercut+1","Limit Break+1","Decay","Madness+1","Madness+1"],"relics":["Unceasing Top","Prayer Wheel","War Paint","The Courier","MawBank","Red Skull","Cursed Key","Red Mask","Necronomicon","Singing Bowl","Bird Faced Urn","Empty Cage","ClockworkSouvenir","Pocketwatch","Bottled Lightning","Whetstone","Gremlin Horn","Du-Vu Doll","Paper Frog","Potion Belt","Coffee Dripper","Dream Catcher","Ornamental Fan","Blood Vial","Philosopher\u0027s Stone","Shovel","Happy Flower","Molten Egg 2","Sozu","Ice Cream","Bronze Scales","Pantograph","PreservedInsect","Fusion Hammer"],"potions_floor_usage":[14,16,67,76,77,101,101],"damage_taken":[{"damage":0,"enemies":"Cultist","floor":1,"turns":3},{"damage":3,"enemies":"Jaw Worm","floor":3,"turns":3},{"damage":0,"enemies":"2 Louse","floor":8,"turns":1},{"damage":0,"enemies":"2 Fungi Beasts","floor":10,"turns":3},{"damage":0,"enemies":"Lagavulin","floor":11,"turns":4},{"damage":25,"enemies":"Gremlin Nob","floor":14,"turns":5},{"damage":36,"enemies":"Slime Boss","floor":16,"turns":6},{"damage":10,"enemies":"Spheric Guardian","floor":18,"turns":4},{"damage":20,"enemies":"Masked Bandits","floor":19,"turns":4},{"damage":3,"enemies":"Chosen","floor":24,"turns":3},{"damage":6,"enemies":"Shelled Parasite and Fungi","floor":25,"turns":2},{"damage":5,"enemies":"Snecko","floor":28,"turns":3},{"damage":19,"enemies":"Gremlin Leader","floor":31,"turns":4},{"damage":26,"enemies":"Automaton","floor":33,"turns":5},{"damage":9,"enemies":"3 Shapes","floor":35,"turns":3},{"damage":10,"enemies":"2 Orb Walkers","floor":42,"turns":4},{"damage":0,"enemies":"Orb Walker","floor":45,"turns":2},{"damage":15,"enemies":"Transient","floor":47,"turns":5},{"damage":51,"enemies":"Reptomancer","floor":48,"turns":4},{"damage":55,"enemies":"Donu and Deca","floor":50,"turns":6},{"damage":0,"enemies":"2 Louse","floor":52,"turns":1},{"damage":0,"enemies":"Cultist","floor":56,"turns":1},{"damage":0,"enemies":"Jaw Worm","floor":58,"turns":1},{"damage":0,"enemies":"Looter","floor":59,"turns":1},{"damage":0,"enemies":"2 Fungi Beasts","floor":63,"turns":2},{"damage":3,"enemies":"Gremlin Nob","floor":64,"turns":2},{"damage":3,"enemies":"3 Sentries","floor":65,"turns":3},{"damage":25,"enemies":"Slime Boss","floor":67,"turns":4},{"damage":0,"enemies":"Spheric Guardian","floor":69,"turns":2},{"damage":0,"enemies":"Shell Parasite","floor":73,"turns":1},{"damage":8,"enemies":"Book of Stabbing","floor":76,"turns":2},{"damage":0,"enemies":"Slavers","floor":77,"turns":2},{"damage":3,"enemies":"Gremlin Leader","floor":80,"turns":3},{"damage":6,"enemies":"Champ","floor":84,"turns":6},{"damage":0,"enemies":"Orb Walker","floor":86,"turns":2},{"damage":3,"enemies":"Mind Bloom Boss Battle","floor":87,"turns":5},{"damage":0,"enemies":"3 Shapes","floor":89,"turns":2},{"damage":9,"enemies":"Giant Head","floor":94,"turns":3},{"damage":7,"enemies":"Nemesis","floor":99,"turns":3},{"damage":71,"enemies":"Awakened One","floor":101,"turns":4}],"seed_played":"-5226702308280917837","potions_obtained":[{"floor":3,"key":"FairyPotion"},{"floor":10,"key":"Weak Potion"},{"floor":14,"key":"Explosive Potion"},{"floor":24,"key":"FearPotion"},{"floor":25,"key":"FearPotion"},{"floor":50,"key":"AttackPotion"},{"floor":58,"key":"Dexterity Potion"},{"floor":64,"key":"Regen Potion"},{"floor":67,"key":"Swift Potion"},{"floor":76,"key":"GamblersBrew"},{"floor":77,"key":"AttackPotion"}],"is_trial":true,"path_per_floor":["M","?","M","?","$","R","R","M","T","M","E","$","R","E","R","B",null,"M","?","?","?","$","R","M","M","T","R","M","R","?","E","R","B",null,"M","$","T","?","$","R","R","?","T","R","M","R","M","E","R","B",null,"M","?","?","?","M","R","M","M","T","R","$","M","E","E","R","B",null,"M","?","?","?","M","R","$","E","E","R","R","E","R","?","R","B",null,"M","?","?","M","?","R","R","?","E","?","R","R","R","E","R","B",null],"character_chosen":"IRONCLAD","items_purchased":["ClockworkSouvenir","Pocketwatch","Bottled Lightning","Whetstone","Blood Vial","Happy Flower"],"campfire_rested":0,"item_purchase_floors":[36,36,36,36,62,75],"current_hp_per_floor":[80,80,77,77,77,77,77,77,77,77,77,77,77,52,52,16,80,80,60,60,44,44,44,41,35,35,35,46,46,46,60,60,71,82,73,73,73,73,73,73,73,84,84,84,88,88,77,41,41,62,92,96,96,89,71,75,75,79,83,83,83,83,89,109,114,114,116,116,120,120,114,114,120,120,120,116,126,126,126,128,128,128,128,130,130,134,134,134,138,138,138,138,138,140,122,122,122,122,137,137,132,144],"gold":749,"neow_bonus":"","is_prod":false,"is_daily":false,"chose_seed":false,"campfire_upgraded":23,"win_rate":0,"timestamp":1562473082,"path_taken":["M","?","?","?","?","R","R","?","T","M","E","?","R","E","R","BOSS","M","?","?","?","?","R","?","M","T","R","M","R","?","E","R","BOSS","M","$","?","?","?","R","R","?","T","R","?","R","?","E","R","BOSS","M","?","?","?","M","R","M","M","T","R","?","M","E","E","R","BOSS","M","?","?","?","?","R","?","E","E","R","R","E","R","?","R","BOSS","M","?","?","?","?","R","R","?","E","?","R","R","R","E","R","BOSS"],"build_version":"2019-07-05","purchased_purges":4,"victory":false,"max_hp_per_floor":[80,80,80,80,80,80,80,80,80,80,80,80,80,80,80,80,80,80,80,80,80,80,80,80,80,80,80,82,82,82,82,82,82,82,82,82,82,82,82,82,82,84,84,84,88,88,90,90,90,92,92,96,96,96,96,100,100,104,108,108,108,108,112,112,114,114,116,116,120,120,120,120,124,124,124,124,126,126,126,128,128,128,128,130,130,134,134,134,138,138,138,138,138,140,140,140,140,140,142,142,144,144],"card_choices":[{"not_picked":["Iron Wave","True Grit"],"picked":"Shrug It Off","floor":1},{"not_picked":["Iron Wave","Fire Breathing"],"picked":"Anger","floor":1},{"not_picked":["Rupture","Pommel Strike"],"picked":"Heavy Blade","floor":3},{"not_picked":["Anger","Hemokinesis"],"picked":"Brutality","floor":3},{"not_picked":["Cleave","Blood for Blood"],"picked":"Havoc","floor":8},{"not_picked":["Havoc","Sever Soul"],"picked":"Entrench","floor":8},{"not_picked":["Cleave","Metallicize"],"picked":"Sword Boomerang","floor":10},{"not_picked":["Anger","Havoc"],"picked":"Dual Wield","floor":10},{"not_picked":["Inflame","Armaments"],"picked":"Havoc","floor":11},{"not_picked":["Dropkick","Sword Boomerang"],"picked":"Battle Trance","floor":14},{"not_picked":["Dark Embrace","Double Tap"],"picked":"Reaper","floor":16},{"not_picked":["Cleave+1","Headbutt"],"picked":"Uppercut","floor":18},{"not_picked":["Dropkick","Wild Strike","Fire Breathing+1"],"picked":"SKIP","floor":18},{"not_picked":["Uppercut","Headbutt"],"picked":"Heavy Blade","floor":19},{"not_picked":["Clothesline","Wild Strike","Twin Strike"],"picked":"SKIP","floor":24},{"not_picked":["Cleave+1","Flex","Rage+1"],"picked":"SKIP","floor":24},{"not_picked":["Inflame","Body Slam"],"picked":"Ghostly Armor","floor":25},{"not_picked":["Brutality","Thunderclap","Cleave"],"picked":"SKIP","floor":25},{"not_picked":["Warcry","Pommel Strike","Cleave"],"picked":"Singing Bowl","floor":28},{"not_picked":["Blood for Blood","Flex"],"picked":"Carnage","floor":28},{"not_picked":["Blood for Blood","Evolve"],"picked":"Disarm+1","floor":31},{"not_picked":["Brutality","Berserk"],"picked":"Demon Form","floor":33},{"not_picked":["Headbutt","Flex"],"picked":"Flame Barrier","floor":35},{"not_picked":["Sword Boomerang+1","Whirlwind+1"],"picked":"Corruption+1","floor":35},{"not_picked":["Havoc","Clash+1","Sentinel"],"picked":"Singing Bowl","floor":42},{"not_picked":["Perfected Strike+1","Cleave+1","Flex+1"],"picked":"Singing Bowl","floor":45},{"not_picked":["Battle Trance","True Grit+1","Anger+1"],"picked":"Singing Bowl","floor":45},{"not_picked":["True Grit","Armaments+1"],"picked":"Infernal Blade+1","floor":47},{"not_picked":["Entrench","Flex+1","Twin Strike+1"],"picked":"Singing Bowl","floor":47},{"not_picked":["Iron Wave","Seeing Red"],"picked":"Havoc","floor":48},{"not_picked":["Double Tap","Offering","Brutality"],"picked":"Singing Bowl","floor":50},{"not_picked":["Pommel Strike","True Grit","Carnage"],"picked":"Singing Bowl","floor":52},{"not_picked":["Flex","Headbutt","Juggernaut"],"picked":"Singing Bowl","floor":52},{"not_picked":["Whirlwind","Heavy Blade","True Grit"],"picked":"Singing Bowl","floor":56},{"not_picked":["Anger","Warcry","Havoc"],"picked":"Singing Bowl","floor":56},{"not_picked":["Entrench","Thunderclap","Heavy Blade"],"picked":"Singing Bowl","floor":58},{"not_picked":["Clash","Flex","Cleave"],"picked":"Singing Bowl","floor":58},{"not_picked":["Twin Strike","Cleave","Reckless Charge"],"picked":"Singing Bowl","floor":59},{"not_picked":["Rage","Evolve","Carnage"],"picked":"Singing Bowl","floor":59},{"not_picked":["Whirlwind","Pummel","Infernal Blade"],"picked":"Singing Bowl","floor":63},{"not_picked":["Wild Strike","Hemokinesis","Sever Soul"],"picked":"Singing Bowl","floor":63},{"not_picked":["Wild Strike","Hemokinesis"],"picked":"Reaper","floor":64},{"not_picked":["Warcry","True Grit","Intimidate"],"picked":"Singing Bowl","floor":65},{"not_picked":["Double Tap","Offering","Berserk"],"picked":"Singing Bowl","floor":67},{"not_picked":["Havoc","Heavy Blade","Spot Weakness"],"picked":"Singing Bowl","floor":69},{"not_picked":["Wild Strike+1","Shrug It Off","Anger"],"picked":"Singing Bowl","floor":69},{"not_picked":["Brutality","Clothesline+1","Carnage"],"picked":"Singing Bowl","floor":73},{"not_picked":["Wild Strike","Body Slam","Armaments+1"],"picked":"Singing Bowl","floor":73},{"not_picked":["Double Tap","Body Slam"],"picked":"Uppercut+1","floor":76},{"not_picked":["Iron Wave","Headbutt+1","Anger"],"picked":"Singing Bowl","floor":77},{"not_picked":["Whirlwind","Immolate","Rage"],"picked":"Singing Bowl","floor":80},{"not_picked":["Double Tap","Barricade","Demon Form"],"picked":"Singing Bowl","floor":84},{"not_picked":["True Grit+1","Feel No Pain+1","Bloodletting"],"picked":"Singing Bowl","floor":86},{"not_picked":["Body Slam+1","Pommel Strike+1","Bloodletting"],"picked":"Singing Bowl","floor":86},{"not_picked":["Twin Strike+1","Armaments"],"picked":"Limit Break","floor":87},{"not_picked":["True Grit+1","Thunderclap+1","Clash+1"],"picked":"Singing Bowl","floor":89},{"not_picked":["Perfected Strike+1","Second Wind+1","Iron Wave+1"],"picked":"Singing Bowl","floor":89},{"not_picked":["Ghostly Armor","Pommel Strike+1","Havoc+1"],"picked":"Singing Bowl","floor":94},{"not_picked":["Warcry","Demon Form","Power Through"],"picked":"Singing Bowl","floor":99},{"not_picked":["Offering","Feed+1","Demon Form"],"picked":"Singing Bowl","floor":101}],"player_experience":94252,"relics_obtained":[{"floor":9,"key":"The Courier"},{"floor":11,"key":"MawBank"},{"floor":14,"key":"Red Skull"},{"floor":19,"key":"Red Mask"},{"floor":21,"key":"Necronomicon"},{"floor":26,"key":"Singing Bowl"},{"floor":31,"key":"Bird Faced Urn"},{"floor":37,"key":"Gremlin Horn"},{"floor":42,"key":"Du-Vu Doll"},{"floor":43,"key":"Paper Frog"},{"floor":48,"key":"Potion Belt"},{"floor":60,"key":"Ornamental Fan"},{"floor":83,"key":"Molten Egg 2"},{"floor":87,"key":"Ice Cream"},{"floor":92,"key":"Bronze Scales"},{"floor":96,"key":"Pantograph"},{"floor":100,"key":"PreservedInsect"}],"event_choices":[{"damage_healed":0,"gold_gain":0,"player_choice":"Bought 0 Potions","damage_taken":0,"max_hp_gain":0,"max_hp_loss":0,"event_name":"The Woman in Blue","floor":2,"gold_loss":0},{"damage_healed":0,"gold_gain":0,"player_choice":"Box","damage_taken":0,"relics_obtained":["War Paint"],"max_hp_gain":0,"max_hp_loss":0,"event_name":"Big Fish","floor":4,"gold_loss":0,"cards_obtained":["Regret"]},{"damage_healed":0,"gold_gain":0,"player_choice":"Fought Bandits","damage_taken":0,"max_hp_gain":0,"max_hp_loss":0,"event_name":"Masked Bandits","floor":19,"gold_loss":0},{"damage_healed":0,"gold_gain":0,"player_choice":"Obtain J.A.X.","damage_taken":0,"max_hp_gain":0,"max_hp_loss":0,"event_name":"Drug Dealer","floor":20,"gold_loss":0,"cards_obtained":["J.A.X."]},{"damage_healed":0,"gold_gain":0,"player_choice":"Obtained Book","damage_taken":16,"max_hp_gain":0,"max_hp_loss":0,"event_name":"Cursed Tome","floor":21,"gold_loss":0},{"cards_removed":["Injury"],"damage_healed":0,"gold_gain":0,"player_choice":"Upgrade and Remove","damage_taken":0,"max_hp_gain":0,"max_hp_loss":0,"event_name":"Designer","floor":30,"gold_loss":90,"cards_upgraded":["Heavy Blade"]},{"cards_removed":["Anger"],"damage_healed":0,"gold_gain":0,"player_choice":"Removed Attack","damage_taken":0,"max_hp_gain":0,"max_hp_loss":0,"event_name":"Falling","floor":38,"gold_loss":0},{"damage_healed":0,"gold_gain":0,"player_choice":"Fight","damage_taken":0,"max_hp_gain":0,"max_hp_loss":0,"event_name":"Mysterious Sphere","floor":42,"gold_loss":0},{"cards_removed":["Normality"],"damage_healed":0,"gold_gain":0,"player_choice":"Forget","damage_taken":0,"max_hp_gain":0,"max_hp_loss":0,"event_name":"Living Wall","floor":53,"gold_loss":0},{"cards_removed":["Entrench"],"damage_healed":0,"gold_gain":0,"player_choice":"Card Removal","damage_taken":7,"max_hp_gain":0,"max_hp_loss":0,"event_name":"Golden Wing","floor":54,"gold_loss":0},{"damage_healed":0,"gold_gain":0,"player_choice":"Success","damage_taken":18,"relics_obtained":["Dream Catcher"],"max_hp_gain":0,"max_hp_loss":0,"event_name":"Scrap Ooze","floor":55,"gold_loss":0},{"damage_healed":0,"gold_gain":0,"player_choice":"Obtained Relic","damage_taken":0,"relics_obtained":["Shovel"],"max_hp_gain":0,"max_hp_loss":0,"event_name":"Addict","floor":70,"gold_loss":85},{"damage_healed":0,"gold_gain":0,"player_choice":"Joined the Cult","damage_taken":6,"max_hp_gain":0,"max_hp_loss":0,"event_name":"Nest","floor":71,"gold_loss":0,"cards_obtained":["RitualDagger"]},{"damage_healed":0,"gold_gain":0,"cards_transformed":["Shrug It Off"],"player_choice":"Transformed","damage_taken":0,"max_hp_gain":0,"max_hp_loss":0,"event_name":"Transmorgrifier","floor":72,"gold_loss":0,"cards_obtained":["Burning Pact"]},{"cards_removed":["Battle Trance"],"damage_healed":0,"gold_gain":0,"player_choice":"Elegance","damage_taken":0,"max_hp_gain":0,"max_hp_loss":0,"event_name":"Back to Basics","floor":82,"gold_loss":0},{"damage_healed":0,"gold_gain":0,"player_choice":"Fight","damage_taken":0,"max_hp_gain":0,"max_hp_loss":0,"event_name":"MindBloom","floor":87,"gold_loss":0},{"damage_healed":0,"gold_gain":0,"player_choice":"Cursed","damage_taken":0,"max_hp_gain":0,"max_hp_loss":0,"event_name":"Wheel of Change","floor":88,"gold_loss":0,"cards_obtained":["Decay"]},{"damage_healed":0,"gold_gain":222,"player_choice":"Wore Mask","damage_taken":0,"max_hp_gain":0,"max_hp_loss":0,"event_name":"Tomb of Lord Red Mask","floor":90,"gold_loss":0},{"cards_removed":["Shrug It Off"],"damage_healed":0,"gold_gain":0,"player_choice":"Removed Skill","damage_taken":0,"max_hp_gain":0,"max_hp_loss":0,"event_name":"Falling","floor":93,"gold_loss":0},{"damage_healed":0,"gold_gain":0,"player_choice":"Embrace Madness","damage_taken":18,"max_hp_gain":0,"max_hp_loss":0,"event_name":"Winding Halls","floor":95,"gold_loss":0,"cards_obtained":["Madness","Madness"]}],"is_beta":false,"boss_relics":[{"not_picked":["Snecko Eye","Velvet Choker"],"picked":"Cursed Key"},{"not_picked":["Lizard Tail","Orrery"],"picked":"Empty Cage"},{"not_picked":["Black Star","Fusion Hammer"],"picked":"Coffee Dripper"},{"not_picked":["Calling Bell","Runic Pyramid"],"picked":"Philosopher\u0027s Stone"},{"not_picked":["Tiny House","Eternal Feather"],"picked":"Sozu"},{"not_picked":["Busted Crown","Orrery"],"picked":"Fusion Hammer"}],"items_purged_floors":[5,36,39,62],"is_endless":true,"potions_floor_spawned":[3,10,14,24,25,31,47,50,58,64,67,76,77,80,94,101],"ascension_level":0}