{"gold_per_floor":[209,227,241,21,36,68,68,87,87,87,99,99,126,142,142,214,214,134,150,20,39,54,54,54],"floor_reached":24,"playtime":1230,"items_purged":["Strike_B"],"score":470,"play_id":"c84d1348-aa60-4805-a981-640d279a844a","local_time":"20190620005948","is_ascension_mode":true,"campfire_choices":[{"data":"Zap","floor":7,"key":"SMITH"},{"floor":12,"key":"REST"},{"data":"Dualcast","floor":15,"key":"SMITH"},{"floor":23,"key":"REST"}],"neow_cost":"NONE","seed_source_timestamp":1886834271529503,"circlet_count":0,"master_deck":["AscendersBane","Strike_B","Strike_B","Strike_B","Defend_B","Defend_B","Defend_B","Defend_B","Zap+1","Dualcast+1","Cold Snap","Compile Driver","Melter","Auto Shields+1","Ball Lightning","BootSequence","Echo Form","Glacier","Seek","Coolheaded","Turbo+1","Rip and Tear","Blizzard"],"relics":["Cracked Core","ClockworkSouvenir","Bag of Preparation","Dodecahedron","Black Star"],"potions_floor_usage":[6,6,13,22,22,24],"damage_taken":[{"damage":1,"enemies":"Cultist","floor":1,"turns":4},{"damage":7,"enemies":"Small Slimes","floor":2,"turns":4},{"damage":2,"enemies":"2 Louse","floor":3,"turns":3},{"damage":11,"enemies":"Red Slaver","floor":5,"turns":3},{"damage":25,"enemies":"Gremlin Nob","floor":6,"turns":4},{"damage":5,"enemies":"Gremlin Gang","floor":8,"turns":4},{"damage":7,"enemies":"Exordium Thugs","floor":11,"turns":4},{"damage":0,"enemies":"3 Sentries","floor":13,"turns":2},{"damage":1,"enemies":"Looter","floor":14,"turns":3},{"damage":25,"enemies":"Hexaghost","floor":16,"turns":12},{"damage":9,"enemies":"2 Thieves","floor":18,"turns":4},{"damage":22,"enemies":"Chosen","floor":19,"turns":6},{"damage":18,"enemies":"Centurion and Healer","floor":21,"turns":14},{"damage":3,"enemies":"3 Cultists","floor":22,"turns":6},{"damage":25,"enemies":"Book of Stabbing","floor":24,"turns":5}],"seed_played":"-4789419429755233189","potions_obtained":[{"floor":1,"key":"Fire Potion"},{"floor":5,"key":"Fire Potion"},{"floor":6,"key":"SmokeBomb"},{"floor":11,"key":"AttackPotion"},{"floor":13,"key":"Dexterity Potion"},{"floor":14,"key":"SpeedPotion"},{"floor":19,"key":"AttackPotion"},{"floor":22,"key":"EssenceOfSteel"}],"is_trial":false,"path_per_floor":["M","M","M","$","M","E","R","M","T","?","M","R","E","M","R","B",null,"M","M","$","M","M","R","E"],"character_chosen":"DEFECT","items_purchased":["ClockworkSouvenir","PowerPotion"],"campfire_rested":2,"item_purchase_floors":[4,20],"current_hp_per_floor":[63,56,54,54,43,18,18,13,13,13,6,27,27,26,26,1,54,45,23,23,5,2,23,0],"gold":54,"neow_bonus":"HUNDRED_GOLD","is_prod":false,"is_daily":false,"chose_seed":false,"campfire_upgraded":2,"win_rate":0,"timestamp":1561010388,"path_taken":["M","M","M","$","?","E","R","M","T","?","?","R","E","M","R","BOSS","M","M","$","M","M","R","E"],"build_version":"2019-01-23","purchased_purges":1,"victory":false,"max_hp_per_floor":[71,71,71,71,71,71,71,71,71,71,71,71,71,71,71,71,71,71,71,71,71,71,71,71],"card_choices":[{"not_picked":["Chill","Undo"],"picked":"Cold Snap","floor":1},{"not_picked":["Hologram","Beam Cell"],"picked":"Compile Driver","floor":2},{"not_picked":["Force Field","Steam Power"],"picked":"Melter","floor":3},{"not_picked":["Skim","Fusion"],"picked":"Auto Shields","floor":5},{"not_picked":["Redo","Skim"],"picked":"Ball Lightning","floor":6},{"not_picked":["Reprogram","Ball Lightning"],"picked":"BootSequence","floor":8},{"not_picked":["Streamline","Go for the Eyes"],"picked":"Echo Form","floor":11},{"not_picked":["Turbo","Skim","Go for the Eyes"],"picked":"SKIP","floor":13},{"not_picked":["Go for the Eyes","Scrape"],"picked":"Glacier","floor":14},{"not_picked":["Hyperbeam","Reboot"],"picked":"Seek","floor":16},{"not_picked":["Turbo","Beam Cell"],"picked":"Coolheaded","floor":18},{"not_picked":["Ball Lightning","Go for the Eyes"],"picked":"Turbo+1","floor":19},{"not_picked":["Hello World+1","Tempest"],"picked":"Rip and Tear","floor":21},{"not_picked":["Coolheaded","Cold Snap"],"picked":"Blizzard","floor":22}],"player_experience":1817117,"relics_obtained":[{"floor":6,"key":"Bag of Preparation"},{"floor":13,"key":"Dodecahedron"}],"event_choices":[{"damage_healed":0,"gold_gain":0,"player_choice":"Upgraded","damage_taken":0,"max_hp_gain":0,"max_hp_loss":0,"event_name":"Upgrade Shrine","floor":10,"gold_loss":0,"cards_upgraded":["Auto Shields"]}],"is_beta":false,"boss_relics":[{"not_picked":["Tiny House","Coffee Dripper"],"picked":"Black Star"}],"items_purged_floors":[20],"is_endless":false,"potions_floor_spawned":[1,5,6,11,13,14,19,22],"killed_by":"Book of Stabbing","ascension_level":20}