{"gold_per_floor":[118,68,68,78,78,78,26,55,80,92,124,193,219,239,239,341,341,360,106,123,123,123,123,123,123,191,204,236,236,271,291,291,291],"floor_reached":33,"playtime":2488,"items_purged":[],"score":301,"play_id":"d0a51a3f-dbe1-47c6-95a3-d06f1ea06d7d","local_time":"20190304123842","is_ascension_mode":false,"campfire_choices":[{"data":"Armaments","floor":6,"key":"SMITH"},{"floor":15,"key":"REST"},{"data":"Whirlwind","floor":23,"key":"SMITH"},{"floor":29,"key":"REST"},{"floor":32,"key":"REST"}],"neow_cost":"PERCENT_DAMAGE","seed_source_timestamp":605415980745003,"circlet_count":0,"master_deck":["Strike_R+1","Strike_R","Strike_R","Strike_R","Defend_R+1","Defend_R+1","Defend_R","Defend_R","Bash+1","Armaments+1","Uppercut+1","Battle Trance","Impervious","Whirlwind+1","Shrug It Off+1","Shrug It Off","Shrug It Off","Pommel Strike"],"relics":["Burning Blood","StoneCalendar","Blood Vial","Whetstone","Dodecahedron","War Paint","Orrery","Matryoshka","MutagenicStrength","Lantern","Bottled Lightning","Omamori","Pear"],"potions_floor_usage":[13,16,16,28,30,30],"damage_taken":[{"damage":7,"enemies":"2 Louse","floor":1,"turns":4},{"damage":3,"enemies":"Jaw Worm","floor":4,"turns":6},{"damage":31,"enemies":"3 Sentries","floor":8,"turns":7},{"damage":2,"enemies":"Small Slimes","floor":10,"turns":4},{"damage":13,"enemies":"Lagavulin","floor":11,"turns":7},{"damage":31,"enemies":"3 Sentries","floor":13,"turns":7},{"damage":0,"enemies":"2 Fungi Beasts","floor":14,"turns":4},{"damage":32,"enemies":"Slime Boss","floor":16,"turns":7},{"damage":21,"enemies":"Shell Parasite","floor":18,"turns":7},{"damage":26,"enemies":"Chosen","floor":20,"turns":5},{"damage":12,"enemies":"Snake Plant","floor":27,"turns":4},{"damage":43,"enemies":"Book of Stabbing","floor":28,"turns":7},{"damage":50,"enemies":"Gremlin Leader","floor":30,"turns":6},{"damage":14,"enemies":"Sentry and Sphere","floor":31,"turns":4},{"damage":67,"enemies":"Collector","floor":33,"turns":5}],"seed_played":"7144863732998446848","potions_obtained":[{"floor":10,"key":"FearPotion"},{"floor":13,"key":"SkillPotion"},{"floor":14,"key":"AttackPotion"},{"floor":16,"key":"SteroidPotion"},{"floor":20,"key":"LiquidBronze"},{"floor":28,"key":"FearPotion"},{"floor":31,"key":"Swift Potion"}],"is_trial":false,"path_per_floor":["M","?","?","M","?","R","$","E","T","M","E","?","E","M","R","B",null,"M","$","M","?","?","R","?","$","T","M","E","R","E","M","R","B"],"character_chosen":"IRONCLAD","items_purchased":["Weak Potion","Matryoshka"],"campfire_rested":3,"item_purchase_floors":[7,19],"current_hp_per_floor":[55,55,55,58,58,58,58,33,33,39,34,34,11,19,43,19,80,65,65,47,47,73,73,73,73,73,69,34,58,26,20,47,0],"gold":291,"neow_bonus":"ONE_RARE_RELIC","is_prod":false,"is_daily":false,"chose_seed":false,"campfire_upgraded":2,"win_rate":0,"timestamp":1551721122,"path_taken":["M","?","?","M","?","R","$","E","T","M","E","?","E","?","R","BOSS","M","$","M","?","?","R","?","?","T","?","E","R","E","M","R","BOSS"],"build_version":"2019-01-23","purchased_purges":0,"victory":false,"max_hp_per_floor":[80,80,80,80,80,80,80,80,80,80,80,80,80,80,80,80,80,80,80,80,80,80,80,80,80,80,80,80,80,90,90,90,90],"card_choices":[{"not_picked":["Body Slam","Warcry"],"picked":"Armaments","floor":1},{"not_picked":["Combust","Infernal Blade"],"picked":"Uppercut","floor":4},{"not_picked":["Armaments","Clothesline","Twin Strike"],"picked":"SKIP","floor":8},{"not_picked":["Spot Weakness","Flex","Barricade"],"picked":"SKIP","floor":10},{"not_picked":["Rupture","Headbutt","Sentinel"],"picked":"SKIP","floor":11},{"not_picked":["True Grit","Sword Boomerang","Sentinel"],"picked":"SKIP","floor":13},{"not_picked":["Thunderclap","Pommel Strike"],"picked":"Battle Trance","floor":14},{"not_picked":["Reaper","Feed"],"picked":"Impervious","floor":16},{"not_picked":["Sword Boomerang","Bludgeon"],"picked":"Whirlwind","floor":17},{"not_picked":["Armaments","Sentinel"],"picked":"Shrug It Off+1","floor":18},{"not_picked":["Iron Wave+1","Bludgeon","Wild Strike+1"],"picked":"SKIP","floor":20},{"not_picked":["Warcry","Flex"],"picked":"Shrug It Off","floor":27},{"not_picked":["Dual Wield","Entrench"],"picked":"Shrug It Off","floor":28},{"not_picked":["Headbutt","Burning Pact"],"picked":"Pommel Strike","floor":30},{"not_picked":["Warcry+1","Armaments+1","Body Slam"],"picked":"SKIP","floor":31}],"player_experience":79590,"relics_obtained":[{"floor":8,"key":"Blood Vial"},{"floor":9,"key":"Whetstone"},{"floor":11,"key":"Dodecahedron"},{"floor":13,"key":"War Paint"},{"floor":26,"key":"Lantern"},{"floor":26,"key":"Bottled Lightning"},{"floor":28,"key":"Omamori"},{"floor":30,"key":"Pear"}],"event_choices":[{"cards_removed":["Strike_R"],"damage_healed":0,"gold_gain":0,"player_choice":"Card Removal","damage_taken":0,"max_hp_gain":0,"max_hp_loss":0,"event_name":"The Cleric","floor":2,"gold_loss":50},{"damage_healed":0,"gold_gain":0,"player_choice":"Ignored","damage_taken":0,"max_hp_gain":0,"max_hp_loss":0,"event_name":"Golden Idol","floor":3,"gold_loss":0},{"damage_healed":0,"gold_gain":0,"player_choice":"Grow","damage_taken":0,"max_hp_gain":0,"max_hp_loss":0,"event_name":"Living Wall","floor":5,"gold_loss":0,"cards_upgraded":["Uppercut"]},{"damage_healed":0,"gold_gain":69,"player_choice":"Gained Gold","damage_taken":0,"max_hp_gain":0,"max_hp_loss":0,"event_name":"Golden Wing","floor":12,"gold_loss":0},{"damage_healed":0,"gold_gain":0,"player_choice":"Inject Mutagens","damage_taken":0,"relics_obtained":["MutagenicStrength"],"max_hp_gain":0,"max_hp_loss":0,"event_name":"Drug Dealer","floor":21,"gold_loss":0},{"damage_healed":26,"gold_gain":0,"player_choice":"Heal","damage_taken":0,"max_hp_gain":0,"max_hp_loss":0,"event_name":"The Library","floor":22,"gold_loss":0},{"damage_healed":0,"gold_gain":0,"player_choice":"Ignored","damage_taken":0,"max_hp_gain":0,"max_hp_loss":0,"event_name":"Vampires","floor":24,"gold_loss":0}],"is_beta":false,"boss_relics":[{"not_picked":["Astrolabe","Fusion Hammer"],"picked":"Orrery"}],"items_purged_floors":[],"is_endless":false,"potions_floor_spawned":[10,13,14,16,20,28,31],"killed_by":"Collector","ascension_level":0}