{"gold_per_floor":[112,8,8,23,38,38,64,82,82,94,94,113,113,132,132,210,210,210,135,135,135,135,135,135,135,135,135,135,135,135,135,135,135],"floor_reached":33,"playtime":2307,"items_purged":[],"score":493,"play_id":"64323a05-16ae-4eb4-a832-0aceffd636e0","local_time":"20190103004102","is_ascension_mode":true,"campfire_choices":[{"data":"Whirlwind","floor":6.0,"key":"SMITH"},{"data":"Heavy Blade","floor":11.0,"key":"SMITH"},{"data":"Heavy Blade","floor":15.0,"key":"SMITH"},{"floor":23.0,"key":"REST"},{"floor":25.0,"key":"REST"},{"floor":32.0,"key":"REST"}],"neow_cost":"NONE","seed_source_timestamp":109901402903016,"circlet_count":0,"master_deck":["AscendersBane","Strike_R","Strike_R","Defend_R","Defend_R","Defend_R+1","Defend_R","Bash","Spot Weakness+1","Heavy Blade+1","Twin Strike","Heavy Blade+1","Whirlwind+1","Reaper","Entrench","Disarm","Rampage","Demon Form","Thunderclap"],"special_seed":0,"relics":["Burning Blood","NeowsBlessing","War Paint","Centennial Puzzle","Ectoplasm","Meat on the Bone","Bronze Scales"],"potions_floor_usage":[33],"damage_taken":[{"damage":0.0,"enemies":"Jaw Worm","floor":1.0,"turns":1.0},{"damage":0.0,"enemies":"Cultist","floor":4.0,"turns":1.0},{"damage":0.0,"enemies":"Small Slimes","floor":5.0,"turns":1.0},{"damage":25.0,"enemies":"3 Sentries","floor":7.0,"turns":6.0},{"damage":16.0,"enemies":"Exordium Wildlife","floor":8.0,"turns":2.0},{"damage":3.0,"enemies":"Blue Slaver","floor":10.0,"turns":3.0},{"damage":0.0,"enemies":"3 Louse","floor":12.0,"turns":1.0},{"damage":1.0,"enemies":"Large Slime","floor":14.0,"turns":6.0},{"damage":28.0,"enemies":"Hexaghost","floor":16.0,"turns":7.0},{"damage":27.0,"enemies":"Shell Parasite","floor":18.0,"turns":3.0},{"damage":33.0,"enemies":"Chosen","floor":21.0,"turns":4.0},{"damage":36.0,"enemies":"Snake Plant","floor":24.0,"turns":4.0},{"damage":60.0,"enemies":"Centurion and Healer","floor":27.0,"turns":5.0},{"damage":41.0,"enemies":"Shelled Parasite and Fungi","floor":29.0,"turns":3.0},{"damage":22.0,"enemies":"Cultist and Chosen","floor":30.0,"turns":5.0},{"damage":36.0,"enemies":"Snake Plant","floor":31.0,"turns":4.0},{"damage":46,"enemies":"Automaton","floor":33,"turns":6}],"seed_played":"8618317881469923038","potions_obtained":[{"floor":1.0,"key":"Weak Potion"},{"floor":8.0,"key":"Poison Potion"},{"floor":12.0,"key":"FearPotion"},{"floor":13.0,"key":"Fruit Juice"},{"floor":13.0,"key":"Strength Potion"},{"floor":18.0,"key":"SneckoOil"},{"floor":21.0,"key":"FearPotion"},{"floor":30.0,"key":"Swift Potion"}],"is_trial":false,"path_per_floor":["M","$","?","M","M","R","E","M","T","M","R","M","?","M","R","B",null,"M","?","T","M","?","R","M","R","T","M","?","M","M","M","R","B"],"character_chosen":"IRONCLAD","items_purchased":["Heavy Blade","Twin Strike"],"campfire_rested":3,"item_purchase_floors":[2,2],"current_hp_per_floor":[74,74,63,69,75,75,56,46,46,49,49,55,60,65,65,43,71,50,50,50,35,35,59,50,74,74,52,52,31,39,30,54,40],"gold":135,"neow_bonus":"THREE_ENEMY_KILL","is_prod":false,"is_daily":false,"chose_seed":false,"campfire_upgraded":3,"win_rate":0,"timestamp":1546494062,"path_taken":["M","$","?","M","?","R","E","M","T","M","R","M","?","?","R","BOSS","M","?","?","M","?","R","?","R","T","M","?","M","M","M","R","BOSS"],"build_version":"2018-12-20","purchased_purges":0,"victory":false,"max_hp_per_floor":[75,75,75,75,75,75,75,75,75,75,75,75,80,80,80,80,80,80,80,80,80,80,80,80,80,80,80,80,80,80,80,80,80],"card_choices":[{"not_picked":["Burning Pact","Sever Soul"],"picked":"Spot Weakness","floor":1.0},{"not_picked":["Blood for Blood","Thunderclap"],"picked":"Heavy Blade","floor":4.0},{"not_picked":["Body Slam","Heavy Blade"],"picked":"Whirlwind","floor":5.0},{"not_picked":["Dropkick","Feel No Pain","Body Slam"],"picked":"SKIP","floor":7.0},{"not_picked":["Iron Wave","Clash","Fiend Fire"],"picked":"SKIP","floor":8.0},{"not_picked":["Spot Weakness","Twin Strike","Body Slam"],"picked":"SKIP","floor":10.0},{"not_picked":["Sever Soul","Entrench","Thunderclap"],"picked":"SKIP","floor":12.0},{"not_picked":["Thunderclap","Cleave","Headbutt"],"picked":"SKIP","floor":14.0},{"not_picked":["Double Tap","Juggernaut"],"picked":"Reaper","floor":16.0},{"not_picked":["Power Through","Havoc","Twin Strike"],"picked":"SKIP","floor":18.0},{"not_picked":["Infernal Blade","Perfected Strike"],"picked":"Entrench","floor":21.0},{"not_picked":["Pommel Strike","Seeing Red","True Grit"],"picked":"SKIP","floor":24.0},{"not_picked":["Body Slam","Combust"],"picked":"Disarm","floor":27.0},{"not_picked":["Thunderclap","Headbutt","True Grit"],"picked":"SKIP","floor":29.0},{"not_picked":["Limit Break","Rampage"],"picked":"Thunderclap","floor":30.0},{"not_picked":["Armaments","Whirlwind","Havoc"],"picked":"SKIP","floor":31.0}],"player_experience":2777307,"relics_obtained":[{"floor":7.0,"key":"War Paint"},{"floor":9.0,"key":"Centennial Puzzle"},{"floor":20.0,"key":"Meat on the Bone"},{"floor":26.0,"key":"Bronze Scales"}],"event_choices":[{"damage_healed":0.0,"max_hp_gain":0.0,"max_hp_loss":0.0,"gold_gain":0.0,"event_name":"Wheel of Change","player_choice":"Damaged","floor":3.0,"gold_loss":0.0,"damage_taken":11.0},{"damage_healed":0.0,"max_hp_gain":0.0,"max_hp_loss":0.0,"gold_gain":0.0,"event_name":"Lab","player_choice":"Got Potions","floor":13.0,"gold_loss":0.0,"damage_taken":0.0},{"cards_removed":["Strike_R"],"damage_healed":0.0,"max_hp_gain":0.0,"max_hp_loss":0.0,"gold_gain":0.0,"event_name":"Beggar","player_choice":"Gave Gold","floor":19.0,"gold_loss":75.0,"damage_taken":0.0},{"damage_healed":0.0,"max_hp_gain":0.0,"max_hp_loss":0.0,"gold_gain":0.0,"event_name":"Ghosts","player_choice":"Ignored","floor":22.0,"gold_loss":0.0,"damage_taken":0.0},{"damage_healed":0.0,"max_hp_gain":0.0,"max_hp_loss":0.0,"gold_gain":0.0,"cards_transformed":["Strike_R","Strike_R"],"event_name":"Drug Dealer","player_choice":"Became Test Subject","floor":28.0,"gold_loss":0.0,"damage_taken":0.0,"cards_obtained":["Rampage","Demon Form"]}],"is_beta":false,"boss_relics":[{"not_picked":["Runic Cube","Coffee Dripper"],"picked":"Ectoplasm"}],"items_purged_floors":[],"is_endless":false,"potions_floor_spawned":[1,8,12,14,18,21,30],"killed_by":"Automaton","ascension_level":19}