{"gold_per_floor":[109,109,121,52,52,52,77,77,77,112,124,155,155,172,172,267,267,281,295,308,223,147,147,30,30,55,55,69,19,19,33,33,137,137,148,148,148,148,23,23,39,0,0,15,15,30,40,57,57,57],"floor_reached":50,"playtime":3063,"items_purged":["Doubt"],"score":506,"play_id":"c5f8d004-d25d-46c1-bb26-d2a8bfd6a8d6","local_time":"20190310045236","is_ascension_mode":true,"campfire_choices":[{"floor":6,"key":"REST"},{"floor":8,"key":"REST"},{"floor":13,"key":"REST"},{"floor":15,"key":"REST"},{"data":"Hologram","floor":23,"key":"SMITH"},{"floor":27,"key":"REST"},{"data":"Multi-Cast","floor":30,"key":"SMITH"},{"floor":32,"key":"REST"},{"floor":40,"key":"RECALL"},{"floor":49,"key":"REST"}],"neow_cost":"NONE","seed_source_timestamp":751940853226,"circlet_count":0,"master_deck":["Defend_B","Defend_B","Defend_B","Defend_B","Zap+1","Dualcast","Cold Snap","Coolheaded","Compile Driver+1","Hologram+1","Go for the Eyes+1","Compile Driver+1","Multi-Cast+1","Electrodynamics","Auto Shields+1","Sunder+1","Capacitor+1","Ball Lightning+1","Stack","Blizzard+1","Melter+1","Doom and Gloom+1","Steam","Rainbow","Reboot+1","Hologram+1","Capacitor+1","Sweeping Beam+1","Coolheaded+1","Coolheaded+1","Ball Lightning+1","Darkness+1"],"relics":["Cracked Core","MawBank","Molten Egg 2","Pocketwatch","DataDisk","Art of War","Cursed Key","Anchor","Enchiridion","Astrolabe","Red Mask"],"potions_floor_usage":[10,16,16,33,33,33,48,50],"damage_taken":[{"damage":0,"enemies":"Small Slimes","floor":1,"turns":3},{"damage":32,"enemies":"Lagavulin","floor":7,"turns":6},{"damage":14,"enemies":"Gremlin Nob","floor":10,"turns":3},{"damage":1,"enemies":"Jaw Worm","floor":11,"turns":2},{"damage":7,"enemies":"Lagavulin","floor":12,"turns":4},{"damage":0,"enemies":"Cultist","floor":14,"turns":2},{"damage":19,"enemies":"The Guardian","floor":16,"turns":8},{"damage":1,"enemies":"3 Byrds","floor":18,"turns":3},{"damage":7,"enemies":"Shell Parasite","floor":19,"turns":4},{"damage":5,"enemies":"Centurion and Healer","floor":20,"turns":4},{"damage":12,"enemies":"Snake Plant","floor":28,"turns":3},{"damage":0,"enemies":"Snecko","floor":31,"turns":2},{"damage":25,"enemies":"Collector","floor":33,"turns":9},{"damage":4,"enemies":"Orb Walker","floor":35,"turns":4},{"damage":11,"enemies":"3 Darklings","floor":41,"turns":4},{"damage":0,"enemies":"Sphere and 2 Shapes","floor":44,"turns":3},{"damage":16,"enemies":"Maw","floor":46,"turns":6},{"damage":11,"enemies":"Transient","floor":47,"turns":5},{"damage":1,"enemies":"4 Shapes","floor":48,"turns":3},{"damage":63,"enemies":"Donu and Deca","floor":50,"turns":7}],"seed_played":"-3044977331685863920","potions_obtained":[{"floor":7,"key":"SkillPotion"},{"floor":11,"key":"Poison Potion"},{"floor":12,"key":"Poison Potion"},{"floor":16,"key":"Strength Potion"},{"floor":19,"key":"Dexterity Potion"},{"floor":28,"key":"AttackPotion"},{"floor":33,"key":"SkillPotion"},{"floor":41,"key":"FocusPotion"},{"floor":46,"key":"Explosive Potion"},{"floor":47,"key":"LiquidBronze"}],"is_trial":false,"path_per_floor":["M","?","?","$","?","R","E","R","T","E","M","E","R","M","R","B",null,"M","M","M","?","$","R","$","?","T","R","M","$","R","M","R","B",null,"M","?","?","T","$","R","M","?","T","M","T","M","M","M","R","B"],"character_chosen":"DEFECT","items_purchased":["Sunder","Ball Lightning+1","Stack","Blizzard+1","Melter+1","Steam","Sweeping Beam+1"],"campfire_rested":7,"item_purchase_floors":[4,22,22,24,24,29,39],"current_hp_per_floor":[75,42,42,42,42,64,32,54,54,40,39,32,54,54,75,56,75,74,67,62,62,62,62,62,46,46,68,56,56,56,56,75,50,75,71,71,71,71,71,71,60,60,60,60,60,44,33,32,53,0],"gold":57,"neow_bonus":"TRANSFORM_CARD","is_prod":false,"is_daily":false,"chose_seed":false,"campfire_upgraded":2,"win_rate":0,"timestamp":1552207956,"path_taken":["M","?","?","$","?","R","E","R","T","E","M","E","R","M","R","BOSS","M","M","?","?","$","R","$","?","T","R","M","?","R","?","R","BOSS","M","?","?","?","?","R","M","?","T","?","?","M","M","M","R","BOSS"],"build_version":"2019-01-23","purchased_purges":1,"victory":false,"max_hp_per_floor":[75,75,75,75,75,75,75,75,75,75,75,75,75,75,75,75,75,75,75,75,75,75,75,75,75,75,75,75,75,75,75,75,75,75,75,71,71,71,71,71,71,71,71,71,71,71,71,71,71,71],"card_choices":[{"not_picked":["Cold Snap","Steam"],"picked":"Coolheaded","floor":1},{"not_picked":["Rebound","Storm"],"picked":"Compile Driver","floor":7},{"not_picked":["Skim","Barrage+1"],"picked":"Hologram","floor":10},{"not_picked":["Reprogram","Rebound+1"],"picked":"Go for the Eyes+1","floor":11},{"not_picked":["Auto Shields","Force Field"],"picked":"Compile Driver+1","floor":12},{"not_picked":["Beam Cell+1","Coolheaded"],"picked":"Multi-Cast","floor":14},{"not_picked":["Buffer","Fission"],"picked":"Electrodynamics","floor":16},{"not_picked":["Go for the Eyes+1","Streamline+1"],"picked":"Auto Shields+1","floor":18},{"not_picked":["Cold Snap+1","Stack"],"picked":"Sunder+1","floor":19},{"not_picked":["Cold Snap+1","Compile Driver+1"],"picked":"Capacitor+1","floor":20},{"not_picked":["Streamline+1","Conserve Battery"],"picked":"Doom and Gloom+1","floor":28},{"not_picked":["Steam Power","Rip and Tear+1"],"picked":"Coolheaded","floor":31},{"not_picked":["Amplify","Multi-Cast"],"picked":"Rainbow","floor":33},{"not_picked":["Streamline+1","Force Field","Rebound+1"],"picked":"SKIP","floor":35},{"not_picked":["Doom and Gloom+1","Self Repair"],"picked":"Coolheaded+1","floor":41},{"not_picked":["Rebound+1","Streamline+1"],"picked":"Coolheaded+1","floor":44},{"not_picked":["Chaos","Gash+1","Scrape+1"],"picked":"SKIP","floor":46},{"not_picked":["Redo","Compile Driver+1"],"picked":"Ball Lightning+1","floor":47},{"not_picked":["Cold Snap+1","Undo+1"],"picked":"Darkness+1","floor":48}],"player_experience":241879,"relics_obtained":[{"floor":7,"key":"Molten Egg 2"},{"floor":9,"key":"Pocketwatch"},{"floor":10,"key":"DataDisk"},{"floor":12,"key":"Art of War"},{"floor":25,"key":"Enchiridion"}],"event_choices":[{"damage_healed":0,"gold_gain":0,"player_choice":"Success","damage_taken":33,"relics_obtained":["MawBank"],"max_hp_gain":0,"max_hp_loss":0,"event_name":"Scrap Ooze","floor":2,"gold_loss":0},{"damage_healed":0,"gold_gain":0,"player_choice":"Grow","damage_taken":0,"max_hp_gain":0,"max_hp_loss":0,"event_name":"Living Wall","floor":3,"gold_loss":0,"cards_upgraded":["Zap"]},{"cards_removed":["Strike_B"],"damage_healed":0,"gold_gain":0,"player_choice":"Purged","damage_taken":0,"max_hp_gain":0,"max_hp_loss":0,"event_name":"Purifier","floor":5,"gold_loss":0},{"damage_healed":0,"gold_gain":0,"player_choice":"Obtained Relic","damage_taken":0,"relics_obtained":["Anchor"],"max_hp_gain":0,"max_hp_loss":0,"event_name":"Addict","floor":21,"gold_loss":85},{"damage_healed":0,"gold_gain":0,"player_choice":"Obtained Book","damage_taken":16,"max_hp_gain":0,"max_hp_loss":0,"event_name":"Cursed Tome","floor":25,"gold_loss":0},{"damage_healed":0,"gold_gain":0,"player_choice":"Max HP","damage_taken":0,"max_hp_gain":0,"max_hp_loss":4,"event_name":"Winding Halls","floor":36,"gold_loss":0},{"cards_removed":["Coolheaded"],"damage_healed":0,"gold_gain":0,"player_choice":"Removed Skill","damage_taken":0,"max_hp_gain":0,"max_hp_loss":0,"event_name":"Falling","floor":37,"gold_loss":0},{"damage_healed":0,"gold_gain":0,"player_choice":"Paid","damage_taken":0,"relics_obtained":["Red Mask"],"max_hp_gain":0,"max_hp_loss":0,"event_name":"Tomb of Lord Red Mask","floor":42,"gold_loss":39}],"is_beta":false,"boss_relics":[{"not_picked":["Coffee Dripper","Empty Cage"],"picked":"Cursed Key"},{"not_picked":["Runic Dome","Fusion Hammer"],"picked":"Astrolabe"}],"items_purged_floors":[39],"is_endless":false,"potions_floor_spawned":[7,11,12,16,19,28,33,41,46,47],"killed_by":"Donu and Deca","ascension_level":1}