{"gold_per_floor":[112,112,128,153,153,153,172,172,196,471,471,487,14,49,49,168,168,182,27,27,27,47,47,66,105,105,105,126,140,140,159,159,287,287,306,321,340,340,465,465,489,528,573,593,28,28,28,51,51,51,51,51,16,55,55],"floor_reached":55,"playtime":5941,"items_purged":["Regret"],"score":830,"play_id":"e9a61ba8-f225-4bcd-8324-8cb93799089a","local_time":"20190311030831","is_ascension_mode":true,"campfire_choices":[{"data":"Zap","floor":6,"key":"SMITH"},{"data":"Dualcast","floor":8,"key":"SMITH"},{"data":"Go for the Eyes","floor":11,"key":"SMITH"},{"data":"Apotheosis","floor":15,"key":"SMITH"},{"floor":23,"key":"RECALL"},{"floor":27,"key":"REST"},{"floor":32,"key":"REST"},{"floor":40,"key":"REST"},{"floor":46,"key":"REST"},{"floor":49,"key":"REST"},{"floor":52,"key":"REST"}],"neow_cost":"NONE","seed_source_timestamp":4070082588866,"circlet_count":0,"master_deck":["Strike_B","Strike_B","Strike_B","Strike_B","Defend_B","Defend_B","Defend_B","Defend_B","Zap+1","Dualcast+1","Electrodynamics","Go for the Eyes+1","Sweeping Beam","Seek","Conserve Battery","White Noise","Cold Snap","Apotheosis+1","Defragment","Turbo+1","Genetic Algorithm","Darkness","Doom and Gloom","Blizzard","Defragment+1","Seek","Compile Driver","Ghostly","Ghostly","Ghostly","Ghostly","Ghostly","Coolheaded","Hologram","Biased Cognition","Cold Snap","Skim","Coolheaded+1","Compile Driver+1","Tempest+1","Ball Lightning+1","Chrysalis","Bandage Up","Ball Lightning+1","Hologram+1","Chaos+1","Loop"],"relics":["Cracked Core","Golden Idol","Regal Pillow","ClockworkSouvenir","Dream Catcher","Fusion Hammer","Bronze Scales","Oddly Smooth Stone","Incense Burner","Inserter","StoneCalendar","Omamori","Thread and Needle","Vajra"],"potions_floor_usage":[16,16,16,33,33,33,33,50,50,50,55],"damage_taken":[{"damage":7,"enemies":"Jaw Worm","floor":1,"turns":4},{"damage":0,"enemies":"Small Slimes","floor":3,"turns":3},{"damage":0,"enemies":"Cultist","floor":4,"turns":3},{"damage":2,"enemies":"Large Slime","floor":7,"turns":4},{"damage":1,"enemies":"Exordium Wildlife","floor":12,"turns":2},{"damage":11,"enemies":"3 Sentries","floor":14,"turns":2},{"damage":19,"enemies":"Hexaghost","floor":16,"turns":6},{"damage":0,"enemies":"Chosen","floor":18,"turns":4},{"damage":4,"enemies":"3 Byrds","floor":22,"turns":4},{"damage":11,"enemies":"Cultist and Chosen","floor":24,"turns":4},{"damage":11,"enemies":"Gremlin Leader","floor":25,"turns":4},{"damage":0,"enemies":"Snecko","floor":28,"turns":3},{"damage":6,"enemies":"Shelled Parasite and Fungi","floor":29,"turns":5},{"damage":0,"enemies":"Snake Plant","floor":31,"turns":4},{"damage":0,"enemies":"Automaton","floor":33,"turns":8},{"damage":3,"enemies":"3 Darklings","floor":35,"turns":3},{"damage":0,"enemies":"3 Shapes","floor":36,"turns":3},{"damage":1,"enemies":"Writhing Mass","floor":37,"turns":5},{"damage":0,"enemies":"Mind Bloom Boss Battle","floor":39,"turns":8},{"damage":2,"enemies":"Jaw Worm Horde","floor":41,"turns":4},{"damage":4,"enemies":"Giant Head","floor":42,"turns":6},{"damage":15,"enemies":"Transient","floor":44,"turns":5},{"damage":23,"enemies":"4 Shapes","floor":48,"turns":4},{"damage":2,"enemies":"Time Eater","floor":50,"turns":10},{"damage":24,"enemies":"Shield and Spear","floor":54,"turns":5},{"damage":24,"enemies":"The Heart","floor":55,"turns":8}],"seed_played":"2304898626965827161","potions_obtained":[{"floor":7,"key":"FearPotion"},{"floor":12,"key":"PowerPotion"},{"floor":14,"key":"GamblersBrew"},{"floor":16,"key":"GamblersBrew"},{"floor":21,"key":"Dexterity Potion"},{"floor":21,"key":"FocusPotion"},{"floor":21,"key":"Swift Potion"},{"floor":25,"key":"EntropicBrew"},{"floor":36,"key":"Explosive Potion"},{"floor":42,"key":"LiquidBronze"},{"floor":54,"key":"SteroidPotion"}],"is_trial":false,"path_per_floor":["M","?","M","M","?","R","M","R","T","?","R","M","$","E","R","B",null,"M","$","?","?","M","R","M","E","T","R","M","M","?","M","R","B",null,"M","M","M","?","?","R","M","E","T","M","$","R","$","M","R","B",null,"R","$","E","B"],"character_chosen":"DEFECT","items_purchased":["Cold Snap","Apotheosis","ClockworkSouvenir","Bronze Scales","Thread and Needle","Chrysalis","Bandage Up","Loop"],"campfire_rested":6,"item_purchase_floors":[13,13,13,19,45,45,45,53],"current_hp_per_floor":[68,50,50,50,75,75,73,73,73,73,73,72,72,61,61,42,75,75,75,75,75,71,71,60,49,49,75,75,69,37,37,37,37,37,34,34,33,33,33,35,33,29,29,14,14,35,35,18,35,33,35,35,35,17,0],"gold":55,"neow_bonus":"ONE_RANDOM_RARE_CARD","is_prod":false,"is_daily":false,"chose_seed":false,"campfire_upgraded":4,"win_rate":0,"timestamp":1552288111,"path_taken":["M","?","M","M","?","R","M","R","T","?","R","?","$","E","R","BOSS","M","$","?","?","M","R","?","E","T","R","M","M","?","M","R","BOSS","M","M","M","?","?","R","M","E","T","M","$","R","?","M","R","BOSS","R","$","E","BOSS"],"build_version":"2019-01-23","purchased_purges":1,"victory":false,"max_hp_per_floor":[75,75,75,75,75,75,75,75,75,75,75,75,75,75,75,75,75,75,75,75,75,75,75,75,75,75,75,75,75,37,37,37,37,37,37,37,37,35,35,35,35,35,35,35,35,35,35,35,35,35,35,35,35,35,35],"card_choices":[{"not_picked":["Beam Cell","Aggregate"],"picked":"Go for the Eyes","floor":1},{"not_picked":["Auto Shields","Turbo"],"picked":"Sweeping Beam","floor":3},{"not_picked":["Ball Lightning","Gash"],"picked":"Seek","floor":4},{"not_picked":["Beam Cell","Cold Snap"],"picked":"Conserve Battery","floor":7},{"not_picked":["Double Energy","Go for the Eyes"],"picked":"White Noise","floor":12},{"not_picked":["Skim","Capacitor"],"picked":"Defragment","floor":14},{"not_picked":["Coolheaded","Go for the Eyes"],"picked":"Turbo+1","floor":18},{"not_picked":["Steam+1","Stack"],"picked":"Darkness","floor":22},{"not_picked":["Go for the Eyes","Gash+1"],"picked":"Doom and Gloom","floor":24},{"not_picked":["Steam Power+1","Redo"],"picked":"Blizzard","floor":25},{"not_picked":["Ball Lightning","Auto Shields+1"],"picked":"Defragment+1","floor":27},{"not_picked":["Static Discharge","Storm+1"],"picked":"Seek","floor":28},{"not_picked":["Chill","Double Energy"],"picked":"Compile Driver","floor":29},{"not_picked":["Compile Driver","Scrape"],"picked":"Coolheaded","floor":31},{"not_picked":["FTL","Thunder Strike"],"picked":"Hologram","floor":32},{"not_picked":["Core Surge","Seek"],"picked":"Biased Cognition","floor":33},{"not_picked":["Beam Cell+1","Heatsinks"],"picked":"Cold Snap","floor":35},{"not_picked":["Redo","Darkness"],"picked":"Skim","floor":36},{"not_picked":["Genetic Algorithm","BootSequence+1"],"picked":"Coolheaded+1","floor":37},{"not_picked":["Heatsinks","Steam+1"],"picked":"Compile Driver+1","floor":39},{"not_picked":["Cold Snap","Barrage+1"],"picked":"Tempest+1","floor":40},{"not_picked":["Sweeping Beam","Glacier"],"picked":"Ball Lightning+1","floor":41},{"not_picked":["Gash","Hello World","Barrage"],"picked":"SKIP","floor":42},{"not_picked":["Gash","Rip and Tear+1","Amplify"],"picked":"SKIP","floor":44},{"not_picked":["Hello World+1","Storm"],"picked":"Ball Lightning+1","floor":46},{"not_picked":["Conserve Battery+1","Rebound"],"picked":"Hologram+1","floor":48},{"not_picked":["Sweeping Beam+1","Rebound"],"picked":"Chaos+1","floor":49},{"not_picked":["Heatsinks","Fusion+1","Rebound"],"picked":"SKIP","floor":54}],"player_experience":250818,"relics_obtained":[{"floor":9,"key":"Regal Pillow"},{"floor":14,"key":"Dream Catcher"},{"floor":25,"key":"Oddly Smooth Stone"},{"floor":26,"key":"Incense Burner"},{"floor":39,"key":"StoneCalendar"},{"floor":42,"key":"Omamori"},{"floor":54,"key":"Vajra"}],"event_choices":[{"damage_healed":0,"gold_gain":0,"player_choice":"Take Damage","damage_taken":18,"relics_obtained":["Golden Idol"],"max_hp_gain":0,"max_hp_loss":0,"event_name":"Golden Idol","floor":2,"gold_loss":0},{"damage_healed":25,"gold_gain":0,"player_choice":"Banana","damage_taken":0,"max_hp_gain":0,"max_hp_loss":0,"event_name":"Big Fish","floor":5,"gold_loss":0},{"damage_healed":0,"gold_gain":275,"player_choice":"Desecrate","damage_taken":0,"max_hp_gain":0,"max_hp_loss":0,"event_name":"Golden Shrine","floor":10,"gold_loss":0,"cards_obtained":["Regret"]},{"damage_healed":0,"gold_gain":0,"player_choice":"Read","damage_taken":0,"max_hp_gain":0,"max_hp_loss":0,"event_name":"The Library","floor":20,"gold_loss":0,"cards_obtained":["Genetic Algorithm"]},{"damage_healed":0,"gold_gain":0,"player_choice":"Got Potions","damage_taken":0,"max_hp_gain":0,"max_hp_loss":0,"event_name":"Lab","floor":21,"gold_loss":0},{"damage_healed":0,"gold_gain":0,"player_choice":"Became a Ghost","damage_taken":0,"max_hp_gain":0,"max_hp_loss":38,"event_name":"Ghosts","floor":30,"gold_loss":0,"cards_obtained":["Ghostly","Ghostly","Ghostly","Ghostly","Ghostly"]},{"damage_healed":0,"gold_gain":0,"player_choice":"Max HP","damage_taken":0,"max_hp_gain":0,"max_hp_loss":2,"event_name":"Winding Halls","floor":38,"gold_loss":0},{"damage_healed":0,"gold_gain":0,"player_choice":"Fight","damage_taken":0,"max_hp_gain":0,"max_hp_loss":0,"event_name":"MindBloom","floor":39,"gold_loss":0}],"is_beta":false,"boss_relics":[{"not_picked":["Ectoplasm","Tiny House"],"picked":"Fusion Hammer"},{"not_picked":["Sozu","Coffee Dripper"],"picked":"Inserter"}],"items_purged_floors":[13],"is_endless":false,"potions_floor_spawned":[7,12,14,16,24,25,28,31,36,39,42,44,54],"killed_by":"The Heart","ascension_level":1}