{"gold_per_floor":[115,40,40,60,75,101,101,132,157,157,175,194,218,232,232,307,307,320,320,333,351,351,351,351,368,422,437,437,437],"floor_reached":29,"playtime":853,"items_purged":[],"score":539,"play_id":"c1784716-781c-4f01-847b-b19843e26c95","local_time":"20190325114549","is_ascension_mode":true,"campfire_choices":[{"data":"Defragment","floor":7,"key":"SMITH"},{"data":"Rainbow","floor":10,"key":"SMITH"},{"floor":15,"key":"REST"},{"floor":28,"key":"REST"}],"neow_cost":"NONE","seed_source_timestamp":433633681363138,"circlet_count":0,"master_deck":["AscendersBane","Defend_B","Defend_B","Defend_B","Defend_B","Zap","Dualcast","Ball Lightning","Rainbow+1","Capacitor","Coolheaded","Defragment+1","Conserve Battery","Conserve Battery","Core Surge","White Noise+1","Consume","Self Repair","Bite","Bite","Bite","Bite","Bite","Self Repair"],"relics":["Cracked Core","NeowsBlessing","Lantern","Bag of Preparation","Vajra","Nuclear Battery","Bronze Scales"],"potions_floor_usage":[6,8,16,16,23,29],"damage_taken":[{"damage":0,"enemies":"Jaw Worm","floor":1,"turns":1},{"damage":0,"enemies":"Cultist","floor":4,"turns":1},{"damage":0,"enemies":"Small Slimes","floor":5,"turns":1},{"damage":3,"enemies":"Lagavulin","floor":6,"turns":7},{"damage":23,"enemies":"3 Sentries","floor":8,"turns":7},{"damage":7,"enemies":"Red Slaver","floor":11,"turns":3},{"damage":7,"enemies":"Blue Slaver","floor":12,"turns":3},{"damage":6,"enemies":"Looter","floor":14,"turns":2},{"damage":13,"enemies":"Hexaghost","floor":16,"turns":8},{"damage":17,"enemies":"Shell Parasite","floor":18,"turns":4},{"damage":21,"enemies":"3 Byrds","floor":20,"turns":4},{"damage":24,"enemies":"Snake Plant","floor":21,"turns":4},{"damage":13,"enemies":"Book of Stabbing","floor":23,"turns":3},{"damage":16,"enemies":"Sentry and Sphere","floor":25,"turns":4},{"damage":20,"enemies":"Cultist and Chosen","floor":27,"turns":5},{"damage":58,"enemies":"Slavers","floor":29,"turns":4}],"seed_played":"-595739560541996624","potions_obtained":[{"floor":1,"key":"Weak Potion"},{"floor":4,"key":"LiquidBronze"},{"floor":8,"key":"GamblersBrew"},{"floor":11,"key":"Poison Potion"},{"floor":12,"key":"PowerPotion"},{"floor":21,"key":"SmokeBomb"},{"floor":27,"key":"Energy Potion"}],"is_trial":false,"path_per_floor":["M","$","?","M","M","E","R","E","T","R","M","M","T","M","R","B",null,"M","?","M","M","?","E","?","M","T","M","R","E"],"character_chosen":"DEFECT","items_purchased":["Rainbow"],"campfire_rested":2,"item_purchase_floors":[2],"current_hp_per_floor":[64,64,64,64,64,61,61,38,38,38,33,28,28,24,45,34,62,47,47,28,6,20,16,16,15,15,19,40,0],"gold":437,"neow_bonus":"THREE_ENEMY_KILL","is_prod":false,"is_daily":false,"chose_seed":false,"campfire_upgraded":2,"win_rate":0,"timestamp":1553510749,"path_taken":["M","$","?","M","?","E","R","E","T","R","?","M","?","M","R","BOSS","M","?","?","M","?","E","?","M","T","?","R","E"],"build_version":"2019-01-23","purchased_purges":0,"victory":false,"max_hp_per_floor":[71,71,71,71,71,71,71,71,71,71,71,71,71,71,71,71,71,71,71,71,71,71,71,71,71,71,71,71,71],"card_choices":[{"not_picked":["Chaos","Stack"],"picked":"Ball Lightning","floor":1},{"not_picked":["Beam Cell","Double Energy"],"picked":"Capacitor","floor":4},{"not_picked":["Turbo","Recycle"],"picked":"Coolheaded","floor":5},{"not_picked":["Reinforced Body","Barrage"],"picked":"Defragment","floor":6},{"not_picked":["Coolheaded","Turbo"],"picked":"Conserve Battery","floor":8},{"not_picked":["Sunder","Scrape","Reprogram"],"picked":"SKIP","floor":11},{"not_picked":["Steam","Go for the Eyes","Fusion"],"picked":"SKIP","floor":12},{"not_picked":["Streamline","Stack"],"picked":"Conserve Battery","floor":14},{"not_picked":["Creative AI","Machine Learning"],"picked":"Core Surge","floor":16},{"not_picked":["Streamline","Stack"],"picked":"White Noise","floor":18},{"not_picked":["Reprogram","Leap"],"picked":"Consume","floor":20},{"not_picked":["Chaos","Rebound"],"picked":"Self Repair","floor":21},{"not_picked":["Stack","Streamline"],"picked":"Self Repair","floor":25},{"not_picked":["Stack","Sweeping Beam","Beam Cell"],"picked":"SKIP","floor":27}],"player_experience":1111050,"relics_obtained":[{"floor":6,"key":"Lantern"},{"floor":8,"key":"Bag of Preparation"},{"floor":9,"key":"Blood Vial"},{"floor":13,"key":"Vajra"},{"floor":26,"key":"Bronze Scales"}],"event_choices":[{"cards_removed":["Strike_B"],"damage_healed":0,"gold_gain":0,"player_choice":"Card Removal","damage_taken":0,"max_hp_gain":0,"max_hp_loss":0,"event_name":"Wheel of Change","floor":3,"gold_loss":0},{"damage_healed":0,"gold_gain":0,"player_choice":"Forge","damage_taken":0,"max_hp_gain":0,"max_hp_loss":0,"event_name":"Accursed Blacksmith","floor":19,"gold_loss":0,"cards_upgraded":["White Noise"]},{"damage_healed":14,"gold_gain":0,"player_choice":"Heal","damage_taken":0,"max_hp_gain":0,"max_hp_loss":0,"event_name":"The Library","floor":22,"gold_loss":0},{"damage_healed":0,"gold_gain":0,"player_choice":"Became a vampire (Vial)","damage_taken":0,"max_hp_gain":0,"max_hp_loss":0,"event_name":"Vampires","floor":24,"relics_lost":["Blood Vial"],"gold_loss":0,"cards_obtained":["Bite","Bite","Bite","Bite","Bite"]}],"is_beta":false,"boss_relics":[{"not_picked":["Snecko Eye","Tiny House"],"picked":"Nuclear Battery"}],"items_purged_floors":[],"is_endless":false,"potions_floor_spawned":[1,4,8,11,12,21,27],"killed_by":"Slavers","ascension_level":20}