{"gold_per_floor":[213,213,234,184,32,32,51,51,51,51,64,64,82,121,121,252,252,271,271,271,271,291,291,291],"floor_reached":24,"playtime":491,"items_purged":["Strike_R"],"score":194,"play_id":"a8d0ae4c-1131-4ce9-8065-281639f16d9c","local_time":"20190321230257","is_ascension_mode":false,"campfire_choices":[{"data":"Searing Blow","floor":6,"key":"SMITH"},{"data":"Searing Blow+1","floor":10,"key":"SMITH"},{"data":"Searing Blow+2","floor":12,"key":"SMITH"},{"data":"Searing Blow+3","floor":15,"key":"SMITH"},{"data":"Searing Blow+4","floor":23,"key":"SMITH"}],"neow_cost":"NONE","seed_source_timestamp":1167030851195,"circlet_count":0,"master_deck":["Strike_R","Strike_R","Strike_R","Defend_R","Defend_R","Defend_R","Defend_R","Bash","Inflame","Thunderclap","Searing Blow+5","Immolate","Corruption","Demon Form","True Grit","Armaments"],"relics":["Burning Blood","Golden Idol","Regal Pillow","Shuriken","Sozu","Nilry\u0027s Codex"],"potions_floor_usage":[2,16],"damage_taken":[{"damage":0,"enemies":"2 Louse","floor":1,"turns":5},{"damage":6,"enemies":"Jaw Worm","floor":3,"turns":3},{"damage":0,"enemies":"Small Slimes","floor":7,"turns":3},{"damage":4,"enemies":"2 Fungi Beasts","floor":11,"turns":4},{"damage":0,"enemies":"3 Louse","floor":13,"turns":1},{"damage":22,"enemies":"3 Sentries","floor":14,"turns":4},{"damage":68,"enemies":"Hexaghost","floor":16,"turns":9},{"damage":30,"enemies":"3 Byrds","floor":18,"turns":4},{"damage":19,"enemies":"Shell Parasite","floor":22,"turns":4},{"damage":38,"enemies":"Book of Stabbing","floor":24,"turns":4}],"seed_played":"7049669530489629137","potions_obtained":[{"floor":1,"key":"Fruit Juice"},{"floor":11,"key":"BloodPotion"}],"is_trial":false,"path_per_floor":["M","?","M","?","$","R","M","?","T","R","M","R","M","E","R","B",null,"M","?","?","?","M","R","E"],"character_chosen":"IRONCLAD","items_purchased":["Searing Blow"],"campfire_rested":0,"item_purchase_floors":[5],"current_hp_per_floor":[80,65,65,65,65,65,71,76,76,76,78,78,84,68,68,15,90,66,50,50,50,37,37,0],"gold":291,"neow_bonus":"HUNDRED_GOLD","is_prod":false,"is_daily":false,"chose_seed":false,"campfire_upgraded":5,"win_rate":0,"timestamp":1553230977,"path_taken":["M","?","M","?","$","R","M","?","T","R","M","R","M","E","R","BOSS","M","?","?","?","?","R","E"],"build_version":"2019-01-23","purchased_purges":1,"victory":false,"max_hp_per_floor":[80,85,85,85,85,85,85,90,90,90,90,90,90,90,90,90,90,90,90,90,90,90,90,90],"card_choices":[{"not_picked":["Entrench","Pommel Strike"],"picked":"Inflame","floor":1},{"not_picked":["Clothesline","True Grit"],"picked":"Thunderclap","floor":3},{"not_picked":["Body Slam","Combust","Cleave"],"picked":"SKIP","floor":7},{"not_picked":["Clash","Metallicize"],"picked":"Immolate","floor":11},{"not_picked":["Infernal Blade","Flex"],"picked":"Corruption","floor":13},{"not_picked":["Reckless Charge","Hemokinesis","Perfected Strike"],"picked":"SKIP","floor":14},{"not_picked":["Feed","Berserk"],"picked":"Demon Form","floor":16},{"not_picked":["Thunderclap","Clothesline","True Grit"],"picked":"SKIP","floor":18},{"not_picked":["Thunderclap","Clothesline"],"picked":"True Grit","floor":18},{"not_picked":["Thunderclap","Flex"],"picked":"Armaments","floor":22}],"player_experience":1110874,"relics_obtained":[{"floor":9,"key":"Regal Pillow"},{"floor":14,"key":"Shuriken"},{"floor":19,"key":"Nilry\u0027s Codex"}],"event_choices":[{"damage_healed":0,"gold_gain":0,"player_choice":"Take Damage","damage_taken":20,"relics_obtained":["Golden Idol"],"max_hp_gain":0,"max_hp_loss":0,"event_name":"Golden Idol","floor":2,"gold_loss":0},{"cards_removed":["Strike_R"],"damage_healed":0,"gold_gain":0,"player_choice":"Card Removal","damage_taken":0,"max_hp_gain":0,"max_hp_loss":0,"event_name":"The Cleric","floor":4,"gold_loss":50},{"damage_healed":0,"gold_gain":0,"player_choice":"Donut","damage_taken":0,"max_hp_gain":5,"max_hp_loss":0,"event_name":"Big Fish","floor":8,"gold_loss":0},{"damage_healed":0,"gold_gain":0,"player_choice":"Obtained Book","damage_taken":16,"max_hp_gain":0,"max_hp_loss":0,"event_name":"Cursed Tome","floor":19,"gold_loss":0},{"damage_healed":0,"gold_gain":0,"player_choice":"Ignored","damage_taken":0,"max_hp_gain":0,"max_hp_loss":0,"event_name":"Ghosts","floor":20,"gold_loss":0},{"damage_healed":0,"gold_gain":0,"player_choice":"Bought 0 Potions","damage_taken":0,"max_hp_gain":0,"max_hp_loss":0,"event_name":"The Woman in Blue","floor":21,"gold_loss":0}],"is_beta":false,"boss_relics":[{"not_picked":["Cursed Key","Black Blood"],"picked":"Sozu"}],"items_purged_floors":[5],"is_endless":false,"potions_floor_spawned":[1,11],"killed_by":"Book of Stabbing","ascension_level":0}