{"gold_per_floor":[115,130,147,147,160,160,185,185,185,197,284,296],"floor_reached":12,"playtime":208,"items_purged":[],"score":156,"play_id":"59d74105-e955-4381-b160-5f6121e2bd01","local_time":"20190325214556","is_ascension_mode":true,"campfire_choices":[{"floor":6,"key":"REST"},{"data":"Defragment","floor":10,"key":"SMITH"}],"neow_cost":"NONE","seed_source_timestamp":470289042946399,"circlet_count":0,"master_deck":["AscendersBane","Strike_B","Strike_B","Strike_B","Strike_B","Defend_B","Defend_B","Defend_B","Defend_B","Zap","Dualcast","Madness","Defragment+1","Hologram","Conserve Battery","Self Repair","Capacitor"],"relics":["Cracked Core","Pocketwatch","Mummified Hand","Shuriken","MawBank"],"potions_floor_usage":[7,7],"damage_taken":[{"damage":0,"enemies":"2 Louse","floor":1,"turns":1},{"damage":24,"enemies":"Jaw Worm","floor":2,"turns":4},{"damage":2,"enemies":"Cultist","floor":3,"turns":4},{"damage":11,"enemies":"Blue Slaver","floor":5,"turns":4},{"damage":17,"enemies":"Lagavulin","floor":7,"turns":5}],"seed_played":"-8532369413261131326","potions_obtained":[{"floor":1,"key":"FearPotion"},{"floor":3,"key":"AttackPotion"},{"floor":7,"key":"FearPotion"}],"is_trial":false,"path_per_floor":["M","M","M","?","M","R","E","T","T","R","?","?"],"character_chosen":"DEFECT","items_purchased":[],"campfire_rested":1,"item_purchase_floors":[],"current_hp_per_floor":[64,40,38,27,16,37,27,27,27,27,16,0],"gold":296,"neow_bonus":"RANDOM_COLORLESS","is_prod":false,"is_daily":false,"chose_seed":false,"campfire_upgraded":1,"win_rate":0,"timestamp":1553546756,"path_taken":["M","M","M","?","M","R","E","?","T","R","?","?"],"build_version":"2019-01-23","purchased_purges":0,"victory":false,"max_hp_per_floor":[71,71,71,71,71,71,71,71,71,71,71,71],"card_choices":[{"not_picked":["Leap","Barrage"],"picked":"Defragment","floor":1},{"not_picked":["Beam Cell","Barrage"],"picked":"Hologram","floor":2},{"not_picked":["Melter","Hologram"],"picked":"Conserve Battery","floor":3},{"not_picked":["Hello World","Streamline"],"picked":"Self Repair","floor":5},{"not_picked":["Storm","Tempest"],"picked":"Capacitor","floor":7}],"player_experience":1118086,"relics_obtained":[{"floor":7,"key":"Mummified Hand"},{"floor":8,"key":"Shuriken"},{"floor":9,"key":"MawBank"}],"event_choices":[{"damage_healed":0,"gold_gain":0,"player_choice":"Success","damage_taken":11,"relics_obtained":["Pocketwatch"],"max_hp_gain":0,"max_hp_loss":0,"event_name":"Scrap Ooze","floor":4,"gold_loss":0},{"damage_healed":0,"gold_gain":75,"player_choice":"Gather Gold","damage_taken":11,"max_hp_gain":0,"max_hp_loss":0,"event_name":"World of Goop","floor":11,"gold_loss":0}],"is_beta":false,"boss_relics":[],"items_purged_floors":[],"is_endless":false,"potions_floor_spawned":[1,3,5,7],"ascension_level":20}