{"gold_per_floor":[113,38,50,50,50,50,50,50,50,82,82,95,128,146,146,245,245,258,104,104,116,116,145,145,162,162,162,197,209,227,246,246,350,350,367,367,380,25,45,45,57,57,57,6,6,25,25,37,37,37],"floor_reached":50,"playtime":4705,"items_purged":["Defend_G","Strike_G","Strike_G"],"score":517,"play_id":"d78fb024-7c34-4df6-9cef-e6b22e112f9f","local_time":"20190221132521","is_ascension_mode":false,"campfire_choices":[{"data":"Dagger Spray","floor":6,"key":"SMITH"},{"floor":15,"key":"REST"},{"data":"Blade Dance","floor":24,"key":"SMITH"},{"floor":27,"key":"REST"},{"floor":32,"key":"REST"},{"floor":40,"key":"REST"},{"data":"Accuracy","floor":42,"key":"SMITH"},{"floor":49,"key":"REST"}],"neow_cost":"NONE","seed_source_timestamp":383941328123738,"circlet_count":0,"master_deck":["Defend_G+1","Defend_G","Defend_G+1","Defend_G","Strike_G","Strike_G","Survivor","Neutralize","Dagger Spray+1","After Image+1","Endless Agony+1","Flying Knee+1","Blade Dance+1","Flying Knee+1","Backflip+1","Die Die Die+1","Quick Slash+1","Sucker Punch+1","Accuracy+1","Slice+1","Backflip","Quick Slash+1","Quick Slash+1","Well Laid Plans","Underhanded Strike+1","PanicButton","Cloak And Dagger"],"relics":["Ring of the Serpent","NeowsBlessing","Blood Vial","Shuriken","Sundial","Molten Egg 2","WristBlade","Regal Pillow","Tingsha","Pen Nib","Unceasing Top"],"potions_floor_usage":[13,14,16,23,29,30,39,46,50],"damage_taken":[{"damage":0,"enemies":"Small Slimes","floor":1,"turns":1},{"damage":0,"enemies":"2 Louse","floor":3,"turns":1},{"damage":0,"enemies":"Gremlin Nob","floor":10,"turns":1},{"damage":4,"enemies":"Cultist","floor":12,"turns":3},{"damage":15,"enemies":"Lagavulin","floor":13,"turns":7},{"damage":13,"enemies":"Large Slime","floor":14,"turns":5},{"damage":26,"enemies":"Hexaghost","floor":16,"turns":13},{"damage":14,"enemies":"Shell Parasite","floor":18,"turns":5},{"damage":11,"enemies":"Spheric Guardian","floor":21,"turns":5},{"damage":21,"enemies":"Book of Stabbing","floor":23,"turns":6},{"damage":6,"enemies":"Cultist and Chosen","floor":25,"turns":5},{"damage":71,"enemies":"Slavers","floor":28,"turns":6},{"damage":5,"enemies":"Shelled Parasite and Fungi","floor":29,"turns":5},{"damage":0,"enemies":"Centurion and Healer","floor":30,"turns":6},{"damage":0,"enemies":"Cultist and Chosen","floor":31,"turns":4},{"damage":38,"enemies":"Collector","floor":33,"turns":9},{"damage":7,"enemies":"Orb Walker","floor":35,"turns":3},{"damage":29,"enemies":"3 Shapes","floor":37,"turns":4},{"damage":2,"enemies":"Transient","floor":39,"turns":5},{"damage":21,"enemies":"Spire Growth","floor":41,"turns":5},{"damage":10,"enemies":"Jaw Worm Horde","floor":46,"turns":3},{"damage":39,"enemies":"Sphere and 2 Shapes","floor":48,"turns":5},{"damage":45,"enemies":"Donu and Deca","floor":50,"turns":5}],"seed_played":"-5403799618514233874","potions_obtained":[{"floor":1,"key":"LiquidBronze"},{"floor":3,"key":"PowerPotion"},{"floor":12,"key":"FairyPotion"},{"floor":13,"key":"SteroidPotion"},{"floor":21,"key":"AttackPotion"},{"floor":28,"key":"Fire Potion"},{"floor":29,"key":"EssenceOfSteel"},{"floor":35,"key":"PowerPotion"},{"floor":39,"key":"Strength Potion"},{"floor":46,"key":"Swift Potion"}],"is_trial":false,"path_per_floor":["M","$","M","$","?","R","?","?","T","E","T","M","E","M","R","B",null,"M","$","$","M","?","E","R","M","T","R","E","M","M","M","R","B",null,"M","?","M","$","M","R","M","R","T","$","?","M","?","M","R","B"],"character_chosen":"THE_SILENT","items_purchased":["Flying Knee+1","Sucker Punch+1","Accuracy","Pen Nib","Quick Slash+1"],"campfire_rested":5,"item_purchase_floors":[19,38,38,38,44],"current_hp_per_floor":[70,70,70,70,70,70,70,56,56,58,58,56,43,32,53,29,70,56,56,56,47,47,28,28,24,24,60,7,4,6,8,44,8,70,63,63,36,36,36,70,49,49,49,49,49,41,41,4,38,0],"gold":37,"neow_bonus":"THREE_ENEMY_KILL","is_prod":false,"is_daily":false,"chose_seed":false,"campfire_upgraded":3,"win_rate":0.0,"timestamp":1550773521,"path_taken":["M","$","M","$","?","R","?","?","T","E","?","M","E","M","R","BOSS","M","?","$","M","?","E","R","M","T","R","E","M","M","M","R","BOSS","M","?","M","$","M","R","M","R","T","$","?","M","?","?","R","BOSS"],"build_version":"2019-01-23","purchased_purges":3,"victory":false,"max_hp_per_floor":[70,70,70,70,70,70,70,70,70,70,70,70,70,70,70,70,70,70,70,70,70,70,70,70,70,70,70,70,70,70,70,70,70,70,70,70,70,70,70,70,70,70,70,70,66,66,66,66,66,66],"card_choices":[{"not_picked":["Escape Plan","Masterful Stab","Underhanded Strike"],"picked":"SKIP","floor":1},{"not_picked":["Sucker Punch","Bouncing Flask"],"picked":"Dagger Spray","floor":3},{"not_picked":["Prepared","Finisher"],"picked":"After Image","floor":10},{"not_picked":["Expertise","Dagger Throw","Masterful Stab"],"picked":"SKIP","floor":12},{"not_picked":["Blur","Tactician","PiercingWail"],"picked":"SKIP","floor":13},{"not_picked":["Riddle With Holes+1","All Out Attack+1"],"picked":"Endless Agony+1","floor":14},{"not_picked":["Prepared","Dagger Throw+1","Sucker Punch+1"],"picked":"SKIP","floor":18},{"not_picked":["Underhanded Strike+1","Outmaneuver"],"picked":"Blade Dance","floor":21},{"not_picked":["Underhanded Strike+1","Well Laid Plans","Distraction"],"picked":"SKIP","floor":23},{"not_picked":["Cloak And Dagger","Acrobatics+1"],"picked":"Flying Knee+1","floor":25},{"not_picked":["Grand Finale+1","Acrobatics+1","Blur"],"picked":"SKIP","floor":28},{"not_picked":["All Out Attack+1","Flying Knee+1"],"picked":"Backflip+1","floor":29},{"not_picked":["Leg Sweep","Sucker Punch+1","Slice+1"],"picked":"SKIP","floor":30},{"not_picked":["Outmaneuver","Bane+1","Setup"],"picked":"SKIP","floor":31},{"not_picked":["Storm of Steel","Night Terror"],"picked":"Die Die Die+1","floor":33},{"not_picked":["Noxious Fumes+1","Heel Hook+1"],"picked":"Quick Slash+1","floor":35},{"not_picked":["Poisoned Stab+1","Dagger Throw+1","Dodge and Roll"],"picked":"SKIP","floor":37},{"not_picked":["Dodge and Roll+1","Poisoned Stab+1"],"picked":"Slice+1","floor":39},{"not_picked":["Riddle With Holes+1","Poisoned Stab+1"],"picked":"Backflip","floor":41},{"not_picked":["Well Laid Plans","Venomology"],"picked":"Quick Slash+1","floor":46},{"not_picked":["Riddle With Holes+1","Deflect+1"],"picked":"Cloak And Dagger","floor":48}],"player_experience":61468,"relics_obtained":[{"floor":9,"key":"Blood Vial"},{"floor":10,"key":"Shuriken"},{"floor":11,"key":"Sundial"},{"floor":13,"key":"Molten Egg 2"},{"floor":23,"key":"Regal Pillow"},{"floor":28,"key":"Tingsha"},{"floor":43,"key":"Unceasing Top"}],"event_choices":[{"cards_removed":["Strike_G"],"damage_healed":0,"gold_gain":0,"player_choice":"Forget","damage_taken":0,"max_hp_gain":0,"max_hp_loss":0,"event_name":"Living Wall","floor":5,"gold_loss":0},{"damage_healed":0,"gold_gain":0,"player_choice":"Searched \u00270\u0027 times","damage_taken":0,"max_hp_gain":0,"max_hp_loss":0,"event_name":"Dead Adventurer","floor":7,"gold_loss":0},{"damage_healed":0,"gold_gain":0,"player_choice":"Entered Light","damage_taken":14,"max_hp_gain":0,"max_hp_loss":0,"event_name":"Shining Light","floor":8,"gold_loss":0,"cards_upgraded":["Defend_G","Defend_G"]},{"damage_healed":0,"gold_gain":0,"player_choice":"Upgraded","damage_taken":0,"max_hp_gain":0,"max_hp_loss":0,"event_name":"Upgrade Shrine","floor":22,"gold_loss":0,"cards_upgraded":["After Image"]},{"damage_healed":0,"gold_gain":0,"player_choice":"Memory 1","damage_taken":0,"max_hp_gain":0,"max_hp_loss":0,"event_name":"SensoryStone","floor":36,"gold_loss":0},{"damage_healed":0,"gold_gain":0,"player_choice":"Max HP","damage_taken":0,"max_hp_gain":0,"max_hp_loss":4,"event_name":"Winding Halls","floor":45,"gold_loss":0},{"damage_healed":0,"gold_gain":0,"player_choice":"3 cards matched","damage_taken":0,"max_hp_gain":0,"max_hp_loss":0,"event_name":"Match and Keep!","floor":47,"gold_loss":0,"cards_obtained":["Well Laid Plans","Underhanded Strike","PanicButton"]}],"is_beta":false,"boss_relics":[{"not_picked":["Runic Dome","Orrery"],"picked":"WristBlade"},{"not_picked":["Tiny House","Coffee Dripper"],"picked":"Ring of the Serpent"}],"items_purged_floors":[2,19,38],"is_endless":false,"potions_floor_spawned":[1,3,12,13,21,28,29,35,39,46],"killed_by":"Donu and Deca","ascension_level":0}