{"gold_per_floor":[112,126,126,141,141,141,159,159,183,238,238,254,254,254,254,350,350,368,383,230,240,193,193,225,225,225,244,244,258,258],"floor_reached":30,"playtime":3183,"items_purged":[],"score":250,"play_id":"3fccdb97-fba4-471d-bc30-a1aa670cf370","local_time":"20190228233017","is_ascension_mode":false,"campfire_choices":[{"data":"Darkness","floor":6.0,"key":"SMITH"},{"data":"Dualcast","floor":8.0,"key":"SMITH"},{"floor":11.0,"key":"REST"},{"floor":13.0,"key":"RECALL"},{"floor":15.0,"key":"REST"},{"data":"Multi-Cast","floor":23.0,"key":"SMITH"},{"floor":28.0,"key":"REST"}],"neow_cost":"NONE","seed_source_timestamp":0,"circlet_count":0,"master_deck":["Strike_B","Strike_B","Strike_B","Defend_B","Defend_B","Defend_B","Defend_B+1","Zap+1","Dualcast+1","Darkness+1","Beam Cell","Coolheaded","Steam+1","Glacier","Biased Cognition","Sweeping Beam+1","White Noise","Multi-Cast+1","Ball Lightning","Echo Form","Go for the Eyes"],"special_seed":0,"relics":["Cracked Core","NeowsBlessing","Tiny Chest","Inserter","Bottled Lightning","Peace Pipe"],"potions_floor_usage":[],"damage_taken":[{"damage":0.0,"enemies":"2 Louse","floor":1.0,"turns":1.0},{"damage":0.0,"enemies":"Jaw Worm","floor":2.0,"turns":1.0},{"damage":0.0,"enemies":"Cultist","floor":4.0,"turns":1.0},{"damage":5.0,"enemies":"Looter","floor":7.0,"turns":2.0},{"damage":18.0,"enemies":"3 Sentries","floor":10.0,"turns":4.0},{"damage":5.0,"enemies":"Blue Slaver","floor":12.0,"turns":2.0},{"damage":20.0,"enemies":"Hexaghost","floor":16.0,"turns":10.0},{"damage":0.0,"enemies":"Shell Parasite","floor":18.0,"turns":4.0},{"damage":0.0,"enemies":"Spheric Guardian","floor":19.0,"turns":3.0},{"damage":16.0,"enemies":"Centurion and Healer","floor":21.0,"turns":7.0},{"damage":34.0,"enemies":"Slavers","floor":24.0,"turns":3.0},{"damage":17.0,"enemies":"Snake Plant","floor":27.0,"turns":4.0},{"damage":19,"enemies":"Shelled Parasite and Fungi","floor":29,"turns":6},{"damage":19,"enemies":"3 Cultists","floor":30,"turns":3}],"seed_played":"-4230925802554553442","potions_obtained":[{"floor":1.0,"key":"Block Potion"},{"floor":4.0,"key":"FocusPotion"},{"floor":7.0,"key":"Poison Potion"},{"floor":21.0,"key":"GamblersBrew"},{"floor":27.0,"key":"LiquidBronze"},{"floor":29,"key":"Poison Potion"}],"is_trial":false,"path_per_floor":["M","M","?","M","?","R","M","R","T","E","R","M","R","?","R","B",null,"M","M","$","M","$","R","E","?","T","M","R","M","M"],"character_chosen":"DEFECT","items_purchased":["Multi-Cast","Ball Lightning"],"campfire_rested":3,"item_purchase_floors":[20,22],"current_hp_per_floor":[75,75,75,75,68,68,63,63,63,45,67,62,62,47,69,49,75,75,75,75,59,59,59,25,25,25,8,30,11,0],"gold":258,"neow_bonus":"THREE_ENEMY_KILL","is_prod":false,"is_daily":false,"chose_seed":false,"campfire_upgraded":3,"win_rate":0,"timestamp":1551414617,"path_taken":["M","M","?","M","?","R","M","R","T","E","R","M","R","?","R","BOSS","M","M","$","M","$","R","E","?","T","M","R","M","M"],"build_version":"2019-01-23","purchased_purges":0,"victory":false,"max_hp_per_floor":[75,75,75,75,75,75,75,75,75,75,75,75,75,75,75,75,75,75,75,75,75,75,75,75,75,75,75,75,75,75],"card_choices":[{"not_picked":["Rebound","Double Energy"],"picked":"Darkness","floor":1.0},{"not_picked":["Steam Power","Auto Shields"],"picked":"Beam Cell","floor":2.0},{"not_picked":["Steam","Redo"],"picked":"Coolheaded","floor":4.0},{"not_picked":["Rebound","Leap"],"picked":"Steam","floor":7.0},{"not_picked":["Rip and Tear","Undo","Streamline"],"picked":"SKIP","floor":10.0},{"not_picked":["Aggregate","Undo"],"picked":"Glacier","floor":12.0},{"not_picked":["Rainbow","Echo Form"],"picked":"Biased Cognition","floor":16.0},{"not_picked":["FTL+1","Conserve Battery"],"picked":"Sweeping Beam+1","floor":18.0},{"not_picked":["Force Field+1","Doom and Gloom"],"picked":"White Noise","floor":19.0},{"not_picked":["Stack","Leap","Force Field"],"picked":"SKIP","floor":21.0},{"not_picked":["Streamline","Rip and Tear"],"picked":"Echo Form","floor":24.0},{"not_picked":["Rebound","Gash"],"picked":"Go for the Eyes","floor":27.0},{"not_picked":["Rip and Tear","Reinforced Body","White Noise"],"picked":"SKIP","floor":29}],"player_experience":98823,"relics_obtained":[{"floor":10.0,"key":"Tiny Chest"},{"floor":24.0,"key":"Bottled Lightning"},{"floor":26.0,"key":"Peace Pipe"}],"event_choices":[{"damage_healed":0.0,"max_hp_gain":0.0,"max_hp_loss":0.0,"gold_gain":0.0,"event_name":"Living Wall","player_choice":"Grow","floor":3.0,"gold_loss":0.0,"damage_taken":0.0,"cards_upgraded":["Zap"]},{"cards_removed":["Strike_B"],"damage_healed":0.0,"max_hp_gain":0.0,"max_hp_loss":0.0,"gold_gain":0.0,"event_name":"Golden Wing","player_choice":"Card Removal","floor":5.0,"gold_loss":0.0,"damage_taken":7.0},{"damage_healed":0.0,"max_hp_gain":0.0,"max_hp_loss":0.0,"gold_gain":0.0,"event_name":"Shining Light","player_choice":"Entered Light","floor":14.0,"gold_loss":0.0,"damage_taken":15.0,"cards_upgraded":["Defend_B","Steam"]},{"damage_healed":0.0,"max_hp_gain":0.0,"max_hp_loss":0.0,"gold_gain":0.0,"event_name":"Cursed Tome","player_choice":"Ignored","floor":25.0,"gold_loss":0.0,"damage_taken":0.0}],"is_beta":false,"boss_relics":[{"not_picked":["Black Star","Cursed Key"],"picked":"Inserter"}],"items_purged_floors":[],"is_endless":false,"potions_floor_spawned":[1,4,7,21,27,29],"killed_by":"3 Cultists","ascension_level":0}