{"gold_per_floor":[118,118,133,133,133,161,161,188,188,188,202,39,39,54,54,127,127,140,55,55,55,69,69,86,58,107,107,157,21,38,52,52,52],"floor_reached":33,"playtime":2331,"items_purged":[],"score":542,"play_id":"31c9c540-7cda-46ca-916c-b88d6318b95b","local_time":"20190107221534","is_ascension_mode":true,"campfire_choices":[{"data":"Clothesline","floor":7.0,"key":"SMITH"},{"data":"Bash","floor":10,"key":"SMITH"},{"data":"Inflame","floor":13,"key":"SMITH"},{"floor":15,"key":"REST"},{"data":"Warcry","floor":23,"key":"SMITH"},{"floor":32,"key":"REST"}],"neow_cost":"NONE","seed_source_timestamp":0,"circlet_count":0,"master_deck":["AscendersBane","Strike_R","Strike_R","Strike_R","Strike_R","Strike_R","Defend_R","Defend_R","Defend_R","Defend_R","Bash+1","Battle Trance+1","Sever Soul","Clothesline+1","Reckless Charge","Anger","Inflame+1","Burning Pact","Disarm","Immolate","Warcry+1","True Grit","Shrug It Off","Decay","Shockwave","Pommel Strike","Feel No Pain","Havoc+1"],"special_seed":0,"relics":["Burning Blood","NeowsBlessing","Meat on the Bone","Dead Branch","Kunai","Paper Frog","Philosopher\u0027s Stone","Boot","Blood Vial"],"potions_floor_usage":[8,22,33,33],"damage_taken":[{"damage":0.0,"enemies":"2 Louse","floor":1.0,"turns":1.0},{"damage":0.0,"enemies":"Jaw Worm","floor":3.0,"turns":1.0},{"damage":0.0,"enemies":"3 Sentries","floor":6.0,"turns":2.0},{"damage":6,"enemies":"Gremlin Nob","floor":8,"turns":3},{"damage":10,"enemies":"Small Slimes","floor":11,"turns":3},{"damage":22,"enemies":"Gremlin Gang","floor":14,"turns":4},{"damage":42,"enemies":"Slime Boss","floor":16,"turns":8},{"damage":9,"enemies":"Chosen","floor":18,"turns":3},{"damage":21,"enemies":"Shell Parasite","floor":22,"turns":3},{"damage":14,"enemies":"Cultist and Chosen","floor":24,"turns":4},{"damage":16,"enemies":"Centurion and Healer","floor":30,"turns":4},{"damage":9,"enemies":"Snake Plant","floor":31,"turns":4},{"damage":90,"enemies":"Champ","floor":33,"turns":8}],"seed_played":"739474079469148850","potions_obtained":[{"floor":3.0,"key":"Energy Potion"},{"floor":16,"key":"SteroidPotion"},{"floor":18,"key":"SkillPotion"},{"floor":22,"key":"SkillPotion"}],"is_trial":false,"path_per_floor":["M","?","M","?","?","E","R","E","T","R","M","$","R","M","R","B",null,"M","?","$","?","M","R","M","$","T","?","?","$","M","M","R","B"],"character_chosen":"IRONCLAD","items_purchased":["Inflame","Burning Pact","Shrug It Off","Shockwave","Pommel Strike"],"campfire_rested":2,"item_purchase_floors":[12,12,25,29,29],"current_hp_per_floor":[74,56,62,62,62,68,68,68,68,68,64,64,64,48,70,46,68,65,65,65,65,50,50,54,54,54,54,54,54,46,45,67,0],"gold":52,"neow_bonus":"THREE_ENEMY_KILL","is_prod":false,"is_daily":false,"chose_seed":false,"campfire_upgraded":4,"win_rate":0,"timestamp":1546917334,"path_taken":["M","?","M","?","?","E","R","E","T","R","?","$","R","M","R","BOSS","M","?","$","?","M","R","?","$","T","?","?","?","M","M","R","BOSS"],"build_version":"2019-01-03v4","purchased_purges":0,"victory":false,"max_hp_per_floor":[75,75,75,75,75,75,75,75,75,75,75,75,75,75,75,75,75,75,75,75,75,75,75,75,75,75,75,75,75,75,75,75,75],"card_choices":[{"not_picked":["Warcry","Wild Strike"],"picked":"Battle Trance","floor":1.0},{"not_picked":["Wild Strike","Clash"],"picked":"Sever Soul","floor":3.0},{"not_picked":["Headbutt","Heavy Blade"],"picked":"Clothesline","floor":6.0},{"not_picked":["Bloodletting","Dropkick"],"picked":"Reckless Charge","floor":8},{"not_picked":["Wild Strike","Combust"],"picked":"Anger","floor":11},{"not_picked":["Flex","Anger"],"picked":"Disarm","floor":14},{"not_picked":["Berserk","Double Tap"],"picked":"Immolate","floor":16},{"not_picked":["Havoc","Combust"],"picked":"Warcry","floor":18},{"not_picked":["Thunderclap","Body Slam","Perfected Strike"],"picked":"SKIP","floor":22},{"not_picked":["Iron Wave","Flex"],"picked":"True Grit","floor":24},{"not_picked":["True Grit+1","Dual Wield"],"picked":"Feel No Pain","floor":30},{"not_picked":["Thunderclap","Twin Strike"],"picked":"Havoc+1","floor":31}],"player_experience":2839202,"relics_obtained":[{"floor":6.0,"key":"Dead Branch"},{"floor":8,"key":"Kunai"},{"floor":9,"key":"Paper Frog"},{"floor":26,"key":"Blood Vial"}],"event_choices":[{"damage_healed":0.0,"max_hp_gain":0.0,"max_hp_loss":0.0,"gold_gain":0.0,"event_name":"Scrap Ooze","player_choice":"Success","floor":2.0,"gold_loss":0.0,"damage_taken":18.0,"relics_obtained":["Meat on the Bone"]},{"damage_healed":0.0,"max_hp_gain":0.0,"max_hp_loss":0.0,"gold_gain":0.0,"event_name":"Liars Game","player_choice":"Ignored","floor":4.0,"gold_loss":0.0,"damage_taken":0.0},{"damage_healed":0.0,"max_hp_gain":0.0,"max_hp_loss":0.0,"gold_gain":0.0,"event_name":"Accursed Blacksmith","player_choice":"Forge","floor":5.0,"gold_loss":0.0,"damage_taken":0.0,"cards_upgraded":["Battle Trance"]},{"damage_healed":0,"gold_gain":0,"player_choice":"Obtained Relic","damage_taken":0,"relics_obtained":["Boot"],"max_hp_gain":0,"max_hp_loss":0,"event_name":"Addict","floor":19,"gold_loss":85},{"damage_healed":0,"gold_gain":0,"player_choice":"Ignored","damage_taken":0,"max_hp_gain":0,"max_hp_loss":0,"event_name":"N\u0027loth","floor":21,"gold_loss":0},{"damage_healed":0,"gold_gain":0,"player_choice":"Smashed Altar","damage_taken":0,"max_hp_gain":0,"max_hp_loss":0,"event_name":"Forgotten Altar","floor":27,"gold_loss":0,"cards_obtained":["Decay"]},{"damage_healed":0,"gold_gain":50,"player_choice":"Stole From Cult","damage_taken":0,"max_hp_gain":0,"max_hp_loss":0,"event_name":"Nest","floor":28,"gold_loss":0}],"is_beta":false,"boss_relics":[{"not_picked":["White Beast Statue","Black Star"],"picked":"Philosopher\u0027s Stone"}],"items_purged_floors":[],"is_endless":false,"potions_floor_spawned":[3,16,18,22,31],"killed_by":"Champ","ascension_level":19}