{"gold_per_floor":[113,178,328,342,342,371,371,390,390,408,442,459,475,22,22,98,98,116,131,18,18,38,65,65,75,75,75,87,98,98,115,115,115],"floor_reached":33,"playtime":5084,"items_purged":["Doubt"],"score":597,"play_id":"19e8e828-7761-45fb-87f7-ceeff5f40c6f","local_time":"20190109033924","is_ascension_mode":true,"campfire_choices":[{"data":"Disarm","floor":7.0,"key":"SMITH"},{"floor":15.0,"key":"REST"},{"floor":24.0,"key":"REST"},{"floor":32.0,"key":"REST"}],"neow_cost":"NONE","seed_source_timestamp":0,"circlet_count":0,"master_deck":["AscendersBane","Strike_R","Strike_R","Strike_R","Defend_R","Defend_R","Defend_R","Bash","Clothesline","Cleave","Disarm+1","Flame Barrier","Iron Wave","Spot Weakness+1","Second Wind+1","Good Instincts+1","Double Tap+1","Battle Trance+1","Armaments+1","Iron Wave+1","Headbutt","Pommel Strike","Entrench+1","True Grit+1","Warcry+1","Shrug It Off+1","Shrug It Off+1","Seeing Red+1","Sword Boomerang"],"special_seed":0,"relics":["Burning Blood","NeowsBlessing","Ice Cream","Regal Pillow","Question Card","Toxic Egg 2","Meat on the Bone","Astrolabe","Blue Candle","Art of War"],"potions_floor_usage":[],"damage_taken":[{"damage":0.0,"enemies":"Jaw Worm","floor":1.0,"turns":1.0},{"damage":0.0,"enemies":"Cultist","floor":4.0,"turns":1.0},{"damage":0.0,"enemies":"3 Sentries","floor":6.0,"turns":1.0},{"damage":5.0,"enemies":"Small Slimes","floor":8.0,"turns":3.0},{"damage":24.0,"enemies":"Gremlin Gang","floor":10.0,"turns":6.0},{"damage":7.0,"enemies":"Lagavulin","floor":11.0,"turns":8.0},{"damage":14.0,"enemies":"3 Louse","floor":12.0,"turns":3.0},{"damage":7.0,"enemies":"2 Fungi Beasts","floor":13.0,"turns":3.0},{"damage":37.0,"enemies":"Hexaghost","floor":16.0,"turns":12.0},{"damage":21.0,"enemies":"Spheric Guardian","floor":18.0,"turns":7.0},{"damage":17.0,"enemies":"3 Byrds","floor":19.0,"turns":4.0},{"damage":11.0,"enemies":"Snake Plant","floor":22.0,"turns":7.0},{"damage":44.0,"enemies":"Book of Stabbing","floor":23.0,"turns":8.0},{"damage":22.0,"enemies":"Cultist and Chosen","floor":25.0,"turns":11.0},{"damage":11.0,"enemies":"Shelled Parasite and Fungi","floor":28.0,"turns":6.0},{"damage":11.0,"enemies":"Sentry and Sphere","floor":29.0,"turns":8.0},{"damage":37.0,"enemies":"Colosseum Slavers","floor":30.0,"turns":7.0},{"damage":0.0,"enemies":"Cultist and Chosen","floor":31.0,"turns":8.0},{"damage":90,"enemies":"Collector","floor":33,"turns":7}],"seed_played":"3047330366508920897","potions_obtained":[{"floor":10.0,"key":"PowerPotion"},{"floor":11.0,"key":"Energy Potion"},{"floor":13.0,"key":"Swift Potion"},{"floor":22.0,"key":"AttackPotion"},{"floor":23.0,"key":"Fire Potion"},{"floor":25.0,"key":"SkillPotion"},{"floor":29.0,"key":"Regen Potion"}],"is_trial":false,"path_per_floor":["M","?","?","M","T","E","R","M","T","M","E","M","M","$","R","B",null,"M","M","$","?","M","E","R","M","T","$","M","M","?","M","R","B"],"character_chosen":"IRONCLAD","items_purchased":["Meat on the Bone","Good Instincts+1","Entrench+1","True Grit+1"],"campfire_rested":3,"item_purchase_floors":[14,14,20,20],"current_hp_per_floor":[74,74,74,75,75,75,75,75,75,57,56,48,47,47,75,44,67,52,53,53,53,48,22,59,55,55,55,50,45,26,47,75,0],"gold":115,"neow_bonus":"THREE_ENEMY_KILL","is_prod":false,"is_daily":false,"chose_seed":false,"campfire_upgraded":1,"win_rate":0,"timestamp":1547023164,"path_taken":["M","?","?","M","?","E","R","M","T","?","E","M","M","$","R","BOSS","M","?","$","?","M","E","R","M","T","$","M","?","?","M","R","BOSS"],"build_version":"2019-01-03v4","purchased_purges":1,"victory":false,"max_hp_per_floor":[75,75,75,75,75,75,75,75,75,75,75,75,75,75,75,75,75,75,75,75,75,75,75,75,75,75,75,75,75,75,75,75,75],"card_choices":[{"not_picked":["Clash","Sever Soul"],"picked":"Clothesline","floor":1.0},{"not_picked":["Havoc","Entrench"],"picked":"Cleave","floor":4.0},{"not_picked":["Clothesline","Hemokinesis"],"picked":"Disarm","floor":6.0},{"not_picked":["Berserk","Burning Pact"],"picked":"Flame Barrier","floor":8.0},{"not_picked":["Corruption","Warcry","Rampage"],"picked":"Iron Wave","floor":10.0},{"not_picked":["Heavy Blade","Havoc","Pummel"],"picked":"Spot Weakness","floor":11.0},{"not_picked":["Thunderclap","Clash","Cleave","Blood for Blood"],"picked":"SKIP","floor":12.0},{"not_picked":["Wild Strike","Clothesline","Pommel Strike"],"picked":"Second Wind+1","floor":13.0},{"not_picked":["Brutality","Dark Embrace","Bludgeon"],"picked":"Double Tap+1","floor":16.0},{"not_picked":["Twin Strike","Flex+1","Havoc+1"],"picked":"Headbutt","floor":18.0},{"not_picked":["Heavy Blade","Exhume+1","Clothesline"],"picked":"Pommel Strike","floor":19.0},{"not_picked":["Clash","Sword Boomerang","Perfected Strike"],"picked":"Warcry+1","floor":22.0},{"not_picked":["Spot Weakness+1","Blood for Blood","Intimidate+1"],"picked":"Shrug It Off+1","floor":23.0},{"not_picked":["Thunderclap","Spot Weakness+1","Havoc+1"],"picked":"Shrug It Off+1","floor":25.0},{"not_picked":["Havoc+1","Warcry+1","Clash"],"picked":"Seeing Red+1","floor":28.0},{"not_picked":["Twin Strike","Cleave","Infernal Blade+1","Flex+1"],"picked":"SKIP","floor":29.0},{"not_picked":["Cleave","Metallicize","Sever Soul+1"],"picked":"Sword Boomerang","floor":31.0}],"player_experience":2845661,"relics_obtained":[{"floor":5.0,"key":"Ice Cream"},{"floor":6.0,"key":"Regal Pillow"},{"floor":9.0,"key":"Question Card"},{"floor":11.0,"key":"Toxic Egg 2"},{"floor":23.0,"key":"Blue Candle"},{"floor":26.0,"key":"Art of War"}],"event_choices":[{"damage_healed":0.0,"max_hp_gain":0.0,"max_hp_loss":0.0,"gold_gain":65.0,"event_name":"Golden Wing","player_choice":"Gained Gold","floor":2.0,"gold_loss":0.0,"damage_taken":0.0},{"damage_healed":0.0,"max_hp_gain":0.0,"max_hp_loss":0.0,"gold_gain":150.0,"event_name":"Liars Game","player_choice":"AGREE","floor":3.0,"gold_loss":0.0,"damage_taken":0.0,"cards_obtained":["Doubt"]},{"damage_healed":0.0,"max_hp_gain":0.0,"max_hp_loss":0.0,"gold_gain":0.0,"event_name":"N\u0027loth","player_choice":"Ignored","floor":21.0,"gold_loss":0.0,"damage_taken":0.0},{"damage_healed":0.0,"max_hp_gain":0.0,"max_hp_loss":0.0,"gold_gain":0.0,"event_name":"Colosseum","player_choice":"Fight","floor":30.0,"gold_loss":0.0,"damage_taken":0.0},{"damage_healed":0.0,"max_hp_gain":0.0,"max_hp_loss":0.0,"gold_gain":0.0,"event_name":"Colosseum","player_choice":"Fled From Nobs","floor":30.0,"gold_loss":0.0,"damage_taken":0.0}],"is_beta":false,"boss_relics":[{"not_picked":["Eternal Feather","Pandora\u0027s Box"],"picked":"Astrolabe"}],"items_purged_floors":[14],"is_endless":false,"potions_floor_spawned":[10,11,13,22,23,25,29],"killed_by":"Collector","ascension_level":19}