{"gold_per_floor":[20,30,30,42,42,42,68,68,68,82,32,44,44,44,44,148,148,165,165,125,75,85,85,115,134,185,195,195,38,38,137,137,238,238,251,251,271,284,337,337,349,349,349,367,213,224,51,51,51,51],"floor_reached":51,"playtime":5835,"items_purged":["Strike_G","Strike_G"],"score":665,"play_id":"874847af-d0cc-41c7-ab11-c76d38c27092","local_time":"20190216160131","is_ascension_mode":false,"campfire_choices":[{"data":"Noxious Fumes","floor":6.0,"key":"SMITH"},{"floor":8.0,"key":"REST"},{"data":"Noxious Fumes","floor":15.0,"key":"SMITH"},{"data":"Catalyst","floor":23.0,"key":"SMITH"},{"data":"Corpse Explosion","floor":28.0,"key":"SMITH"},{"data":"Neutralize","floor":32,"key":"SMITH"},{"floor":40,"key":"REST"},{"data":"Sucker Punch","floor":42,"key":"SMITH"},{"data":"Caltrops","floor":49,"key":"SMITH"}],"neow_cost":"NO_GOLD","seed_source_timestamp":0,"circlet_count":0,"master_deck":["Defend_G","Defend_G","Defend_G","Defend_G","Defend_G","Survivor+1","Neutralize+1","Deadly Poison","Catalyst+1","Noxious Fumes+1","Sucker Punch+1","Noxious Fumes+1","Dodge and Roll","Corpse Explosion+1","Dash+1","Ghostly","Ghostly","Ghostly+1","Ghostly","Ghostly","Backstab","Backflip","Die Die Die","Sucker Punch+1","Poisoned Stab+1","Backflip+1","Blur","Riddle With Holes","Malaise","Caltrops+1","Predator"],"special_seed":0,"relics":["Ring of the Snake","Mango","Potion Belt","Juzu Bracelet","Pantograph","Velvet Choker","Boot","Vajra","Oddly Smooth Stone","Eternal Feather","Torii","Regal Pillow"],"potions_floor_usage":[39,39,50,50,50,50,50],"damage_taken":[{"damage":1.0,"enemies":"Jaw Worm","floor":1.0,"turns":6.0},{"damage":0.0,"enemies":"Cultist","floor":2.0,"turns":4.0},{"damage":1.0,"enemies":"2 Louse","floor":4.0,"turns":3.0},{"damage":22.0,"enemies":"3 Sentries","floor":7.0,"turns":8.0},{"damage":0.0,"enemies":"Gremlin Gang","floor":10.0,"turns":2.0},{"damage":6.0,"enemies":"Red Slaver","floor":12.0,"turns":4.0},{"damage":22.0,"enemies":"Slime Boss","floor":16.0,"turns":6.0},{"damage":1.0,"enemies":"Spheric Guardian","floor":18.0,"turns":3.0},{"damage":0.0,"enemies":"2 Thieves","floor":22.0,"turns":4.0},{"damage":5.0,"enemies":"Gremlin Leader","floor":24.0,"turns":7.0},{"damage":7.0,"enemies":"Snake Plant","floor":25.0,"turns":4.0},{"damage":6.0,"enemies":"Chosen and Byrds","floor":27.0,"turns":5.0},{"damage":18,"enemies":"Collector","floor":33,"turns":9},{"damage":2,"enemies":"3 Darklings","floor":35,"turns":2},{"damage":14,"enemies":"Orb Walker","floor":37,"turns":5},{"damage":0,"enemies":"Maw","floor":38,"turns":6},{"damage":19,"enemies":"2 Orb Walkers","floor":39,"turns":6},{"damage":2,"enemies":"Transient","floor":41,"turns":5},{"damage":0,"enemies":"4 Shapes","floor":44,"turns":4},{"damage":2,"enemies":"Writhing Mass","floor":46,"turns":7},{"damage":8,"enemies":"Donu and Deca","floor":50,"turns":5}],"seed_played":"4046074422310491764","potions_obtained":[{"floor":1.0,"key":"Fire Potion"},{"floor":4.0,"key":"Block Potion"},{"floor":7.0,"key":"AttackPotion"},{"floor":12.0,"key":"PowerPotion"},{"floor":18.0,"key":"Energy Potion"},{"floor":27.0,"key":"Weak Potion"},{"floor":37,"key":"Fire Potion"},{"floor":38,"key":"Fire Potion"},{"floor":41,"key":"LiquidBronze"},{"floor":44,"key":"EssenceOfSteel"}],"is_trial":false,"path_per_floor":["M","M","?","M","?","R","E","R","T","M","?","M","?","$","R","B",null,"M","?","?","?","M","R","E","M","T","M","R","$","$","?","R","B",null,"M","?","M","M","?","R","M","R","T","M","$","M","$","?","R","B",null],"character_chosen":"THE_SILENT","items_purchased":["Oddly Smooth Stone","Caltrops","Predator"],"campfire_rested":2,"item_purchase_floors":[29,45,47],"current_hp_per_floor":[83,83,71,70,70,70,48,73,73,73,73,67,72,72,72,67,89,88,44,44,44,44,44,39,32,32,26,26,26,26,26,26,26,44,42,42,28,28,9,40,38,44,44,44,44,42,42,42,44,36],"gold":51,"neow_bonus":"ONE_RARE_RELIC","is_prod":false,"is_daily":false,"chose_seed":false,"campfire_upgraded":7,"win_rate":0.0,"timestamp":1550350891,"path_taken":["M","M","?","M","?","R","E","R","T","M","?","M","?","$","R","BOSS","M","?","?","?","M","R","E","M","T","M","R","?","$","?","R","BOSS","M","?","M","M","?","R","M","R","T","M","$","M","$","?","R","BOSS"],"build_version":"2019-01-23","purchased_purges":2,"victory":true,"max_hp_per_floor":[84,84,84,84,84,84,84,84,84,84,84,84,89,89,89,89,89,89,44,44,44,44,44,44,44,44,44,44,44,44,44,44,44,44,44,44,44,44,44,44,44,44,44,44,44,44,44,44,44,44],"card_choices":[{"not_picked":["Deflect","Quick Slash"],"picked":"Deadly Poison","floor":1.0},{"not_picked":["Eviscerate","Calculated Gamble"],"picked":"Catalyst","floor":2.0},{"not_picked":["Infinite Blades","Dagger Spray"],"picked":"Noxious Fumes","floor":4.0},{"not_picked":["Terror","Poisoned Stab"],"picked":"Sucker Punch","floor":7.0},{"not_picked":["Dagger Throw","Tactician"],"picked":"Noxious Fumes","floor":10.0},{"not_picked":["Dagger Spray","Expertise"],"picked":"Dodge and Roll","floor":12.0},{"not_picked":["Envenom","Glass Knife"],"picked":"Corpse Explosion","floor":16.0},{"not_picked":["Acrobatics","Dagger Throw"],"picked":"Dash+1","floor":18.0},{"not_picked":["Reflex","Prepared","Distraction+1"],"picked":"SKIP","floor":22.0},{"not_picked":["Deflect","Tactician+1"],"picked":"Backstab","floor":24.0},{"not_picked":["Dodge and Roll","Bouncing Flask"],"picked":"Blur+1","floor":25.0},{"not_picked":["Quick Slash","Acrobatics"],"picked":"Backflip","floor":27.0},{"not_picked":["A Thousand Cuts","Envenom"],"picked":"Die Die Die","floor":33},{"not_picked":["Blade Dance+1","Escape Plan+1"],"picked":"Sucker Punch+1","floor":35},{"not_picked":["Dagger Throw+1","Underhanded Strike+1"],"picked":"Poisoned Stab+1","floor":37},{"not_picked":["Eviscerate","Outmaneuver"],"picked":"Backflip+1","floor":38},{"not_picked":["Slice","Acrobatics"],"picked":"Blur","floor":39},{"not_picked":["Endless Agony+1","Poisoned Stab"],"picked":"Riddle With Holes","floor":41},{"not_picked":["Underhanded Strike+1","Dodge and Roll+1"],"picked":"Malaise","floor":44},{"not_picked":["Flying Knee","Eviscerate","Dash"],"picked":"SKIP","floor":46}],"player_experience":9818,"relics_obtained":[{"floor":7.0,"key":"Juzu Bracelet"},{"floor":9.0,"key":"Pantograph"},{"floor":24.0,"key":"Boot"},{"floor":26.0,"key":"Vajra"},{"floor":39,"key":"Torii"},{"floor":43,"key":"Regal Pillow"}],"event_choices":[{"damage_healed":0.0,"max_hp_gain":0.0,"max_hp_loss":0.0,"gold_gain":0.0,"event_name":"Scrap Ooze","player_choice":"Success","floor":3.0,"gold_loss":0.0,"damage_taken":12.0,"relics_obtained":["Potion Belt"]},{"cards_removed":["Strike_G"],"damage_healed":0.0,"max_hp_gain":0.0,"max_hp_loss":0.0,"gold_gain":0.0,"event_name":"Bonfire Elementals","player_choice":"Offered Basic","floor":5.0,"gold_loss":0.0,"damage_taken":0.0},{"cards_removed":["Strike_G"],"damage_healed":0.0,"max_hp_gain":0.0,"max_hp_loss":0.0,"gold_gain":0.0,"event_name":"The Cleric","player_choice":"Card Removal","floor":11.0,"gold_loss":50.0,"damage_taken":0.0},{"damage_healed":0.0,"max_hp_gain":5.0,"max_hp_loss":0.0,"gold_gain":0.0,"event_name":"Big Fish","player_choice":"Donut","floor":13.0,"gold_loss":0.0,"damage_taken":0.0},{"damage_healed":0.0,"max_hp_gain":0.0,"max_hp_loss":45.0,"gold_gain":0.0,"event_name":"Ghosts","player_choice":"Became a Ghost","floor":19.0,"gold_loss":0.0,"damage_taken":0.0,"cards_obtained":["Ghostly","Ghostly","Ghostly","Ghostly","Ghostly"]},{"damage_healed":0.0,"max_hp_gain":0.0,"max_hp_loss":0.0,"gold_gain":0.0,"event_name":"Designer","player_choice":"Upgraded Two","floor":20.0,"gold_loss":40.0,"damage_taken":0.0,"cards_upgraded":["Survivor","Ghostly"]},{"damage_healed":0.0,"max_hp_gain":0.0,"max_hp_loss":0.0,"gold_gain":0.0,"event_name":"The Joust","player_choice":"Bet on Murderer","floor":21.0,"gold_loss":50.0,"damage_taken":0.0},{"damage_healed":0,"gold_gain":99,"player_choice":"Stole From Cult","damage_taken":0,"max_hp_gain":0,"max_hp_loss":0,"event_name":"Nest","floor":31,"gold_loss":0},{"cards_removed":["Blur"],"damage_healed":0,"gold_gain":0,"player_choice":"Removed Skill","damage_taken":0,"max_hp_gain":0,"max_hp_loss":0,"event_name":"Falling","floor":36,"gold_loss":0},{"damage_healed":0,"gold_gain":0,"player_choice":"Fight","damage_taken":0,"max_hp_gain":0,"max_hp_loss":0,"event_name":"Mysterious Sphere","floor":39,"gold_loss":0},{"cards_removed":["Strike_G"],"damage_healed":0,"gold_gain":0,"player_choice":"Purged","damage_taken":0,"max_hp_gain":0,"max_hp_loss":0,"event_name":"Purifier","floor":48,"gold_loss":0}],"is_beta":false,"boss_relics":[{"not_picked":["Sozu","Ectoplasm"],"picked":"Velvet Choker"},{"not_picked":["Coffee Dripper","White Beast Statue"],"picked":"Eternal Feather"}],"items_purged_floors":[45,47],"is_endless":false,"potions_floor_spawned":[1,4,7,12,18,27,37,38,41,44],"ascension_level":0}