{"gold_per_floor":[218,23,36,54,54,89,100,70,70,89,89,103,103,115,115,214,214,224,224,224,74,74,74],"floor_reached":23,"playtime":2477,"items_purged":[],"score":210,"play_id":"cf4ea7be-6149-4ad2-9005-09fb39bc4dcb","local_time":"20190131152536","is_ascension_mode":true,"campfire_choices":[{"floor":11,"key":"REST"},{"data":"Havoc","floor":13,"key":"SMITH"},{"floor":15,"key":"REST"}],"neow_cost":"NONE","seed_source_timestamp":18639585120362,"circlet_count":0,"master_deck":["Strike_R","Strike_R","Strike_R","Strike_R","Defend_R","Defend_R","Defend_R","Defend_R","Bash","Inflame","Warcry","Havoc+1","Disarm","Metallicize","Uppercut","Pommel Strike","Metallicize","Dark Embrace","Dropkick","Dual Wield"],"relics":["Burning Blood","Toolbox","Matryoshka","Oddly Smooth Stone","Bottled Tornado","Runic Pyramid"],"potions_floor_usage":[6,16,16],"damage_taken":[{"damage":7,"enemies":"Jaw Worm","floor":1,"turns":5},{"damage":12,"enemies":"Small Slimes","floor":3,"turns":4},{"damage":10,"enemies":"2 Louse","floor":4,"turns":5},{"damage":38,"enemies":"Lagavulin","floor":6,"turns":8},{"damage":15,"enemies":"Lots of Slimes","floor":7,"turns":6},{"damage":7,"enemies":"Looter","floor":8,"turns":4},{"damage":9,"enemies":"Large Slime","floor":10,"turns":9},{"damage":7,"enemies":"2 Fungi Beasts","floor":12,"turns":4},{"damage":3,"enemies":"Exordium Thugs","floor":14,"turns":4},{"damage":48,"enemies":"Slime Boss","floor":16,"turns":14},{"damage":21,"enemies":"3 Byrds","floor":18,"turns":7},{"damage":78,"enemies":"Slavers","floor":23,"turns":4}],"seed_played":"-7799247033282597203","potions_obtained":[{"floor":1,"key":"Explosive Potion"},{"floor":4,"key":"Block Potion"},{"floor":6,"key":"Strength Potion"}],"is_trial":false,"path_per_floor":["?","?","?"],"character_chosen":"IRONCLAD","items_purchased":["Toolbox","Dropkick","Dual Wield"],"campfire_rested":2,"item_purchase_floors":[2,21,21],"current_hp_per_floor":[79,79,73,69,69,37,28,27,27,24,48,47,47,50,74,32,80,65,65,65,65,65,0],"gold":74,"neow_bonus":"HUNDRED_GOLD","is_prod":false,"is_daily":false,"chose_seed":false,"campfire_upgraded":1,"win_rate":0,"timestamp":1548966336,"path_taken":["M","$","M","M","$","E","M","M","T","M","R","M","R","M","R","BOSS","M","?","?","$","?","E"],"build_version":"2019-01-23","purchased_purges":0,"victory":false,"max_hp_per_floor":[80,80,80,80,80,80,80,80,80,80,80,80,80,80,80,80,80,80,80,80,80,80,80],"card_choices":[{"not_picked":["Perfected Strike","Flex"],"picked":"Inflame","floor":1},{"not_picked":["Ghostly Armor","Bloodletting"],"picked":"Warcry","floor":3},{"not_picked":["Flame Barrier","Dual Wield"],"picked":"Havoc","floor":4},{"not_picked":["Body Slam","Anger"],"picked":"Disarm","floor":6},{"not_picked":["Sentinel","Armaments"],"picked":"Metallicize","floor":7},{"not_picked":["Iron Wave","Armaments"],"picked":"Uppercut","floor":8},{"not_picked":["Power Through","Seeing Red","Rage"],"picked":"SKIP","floor":10},{"not_picked":["Flame Barrier","Rupture"],"picked":"Pommel Strike","floor":12},{"not_picked":["Havoc","Thunderclap"],"picked":"Metallicize","floor":14},{"not_picked":["Berserk","Impervious"],"picked":"Dark Embrace","floor":16},{"not_picked":["Whirlwind","Iron Wave","Searing Blow"],"picked":"SKIP","floor":18}],"player_experience":28059,"relics_obtained":[{"floor":6,"key":"Matryoshka"},{"floor":9,"key":"Oddly Smooth Stone"},{"floor":9,"key":"Bottled Tornado"}],"event_choices":[{"damage_healed":0,"gold_gain":0,"player_choice":"Ignored","damage_taken":0,"max_hp_gain":0,"max_hp_loss":0,"event_name":"Cursed Tome","floor":19,"gold_loss":0},{"damage_healed":0,"gold_gain":0,"player_choice":"Ignored","damage_taken":0,"max_hp_gain":0,"max_hp_loss":0,"event_name":"Beggar","floor":20,"gold_loss":0},{"cards_removed":["Strike_R"],"damage_healed":0,"gold_gain":0,"player_choice":"Elegance","damage_taken":0,"max_hp_gain":0,"max_hp_loss":0,"event_name":"Back to Basics","floor":22,"gold_loss":0}],"is_beta":false,"boss_relics":[{"not_picked":["Velvet Choker","White Beast Statue"],"picked":"Runic Pyramid"}],"items_purged_floors":[],"is_endless":false,"potions_floor_spawned":[1,4,6],"killed_by":"Slavers","ascension_level":2}