{"gold_per_floor":[129,169,220,258,271,271,300,300,300,355,355,355,438,481,481,560,560,596,596,639,73,118,118,163,163,163,202,202,239,283,294,294,294],"floor_reached":33,"playtime":5986,"items_purged":[],"score":538,"play_id":"6efa6f45-ba9b-4f7d-9c44-37e59d6da7a9","local_time":"20190114014323","is_ascension_mode":true,"campfire_choices":[{"data":"HandOfGreed","floor":6.0,"key":"SMITH"},{"floor":8.0,"key":"REST"},{"floor":12.0,"key":"REST"},{"data":"Noxious Fumes","floor":15.0,"key":"SMITH"},{"floor":23.0,"key":"REST"},{"floor":25.0,"key":"REST"},{"floor":32.0,"key":"REST"}],"neow_cost":"TEN_PERCENT_HP_LOSS","seed_source_timestamp":0,"circlet_count":0,"master_deck":["AscendersBane","Defend_G","Defend_G","Defend_G","Defend_G","Defend_G","Strike_G","Strike_G","Strike_G","Strike_G","Strike_G","Survivor","Neutralize","HandOfGreed+1","Finesse","Dagger Spray","Acrobatics","Dodge and Roll","Cloak And Dagger","Well Laid Plans","Backstab","PiercingWail","Concentrate+1","Noxious Fumes+1","Glass Knife","Backflip+1","Dodge and Roll+1","Escape Plan+1","Skewer","Mind Blast","Sucker Punch","Sucker Punch","Bullet Time+1","Neutralize","Backflip+1"],"special_seed":0,"relics":["Ring of the Snake","Ninja Scroll","Bottled Flame","Odd Mushroom","Toxic Egg 2","Paper Crane","Busted Crown","Mercury Hourglass","Dream Catcher"],"potions_floor_usage":[33],"damage_taken":[{"damage":0.0,"enemies":"Cultist","floor":1.0,"turns":3.0},{"damage":7.0,"enemies":"Jaw Worm","floor":2.0,"turns":5.0},{"damage":0.0,"enemies":"2 Louse","floor":3.0,"turns":4.0},{"damage":2.0,"enemies":"Blue Slaver","floor":4.0,"turns":4.0},{"damage":1.0,"enemies":"Looter","floor":5.0,"turns":4.0},{"damage":28.0,"enemies":"Gremlin Nob","floor":7.0,"turns":4.0},{"damage":0.0,"enemies":"The Mushroom Lair","floor":10.0,"turns":4.0},{"damage":10.0,"enemies":"3 Sentries","floor":13.0,"turns":8.0},{"damage":0.0,"enemies":"Gremlin Gang","floor":14.0,"turns":4.0},{"damage":10.0,"enemies":"The Guardian","floor":16.0,"turns":12.0},{"damage":0.0,"enemies":"Spheric Guardian","floor":18.0,"turns":1.0},{"damage":7.0,"enemies":"Chosen","floor":20.0,"turns":4.0},{"damage":17.0,"enemies":"Centurion and Healer","floor":22.0,"turns":5.0},{"damage":29.0,"enemies":"Cultist and Chosen","floor":24.0,"turns":7.0},{"damage":5.0,"enemies":"Chosen and Byrds","floor":27.0,"turns":7.0},{"damage":2.0,"enemies":"Centurion and Healer","floor":29.0,"turns":7.0},{"damage":0.0,"enemies":"Sentry and Sphere","floor":30.0,"turns":3.0},{"damage":7.0,"enemies":"Snake Plant","floor":31.0,"turns":4.0},{"damage":25,"enemies":"Collector","floor":33,"turns":6}],"seed_played":"1434576757272712696","potions_obtained":[{"floor":4.0,"key":"Poison Potion"},{"floor":5.0,"key":"PowerPotion"},{"floor":7.0,"key":"SpeedPotion"},{"floor":13.0,"key":"Swift Potion"},{"floor":18.0,"key":"AttackPotion"},{"floor":22.0,"key":"Regen Potion"},{"floor":24.0,"key":"Swift Potion"},{"floor":31.0,"key":"FearPotion"}],"is_trial":false,"path_per_floor":["M","M","M","M","M","R","E","R","T","?","?","R","E","M","R","B",null,"M","?","M","$","M","R","M","R","T","M","?","M","M","M","R","B"],"character_chosen":"THE_SILENT","items_purchased":["Mercury Hourglass","Dodge and Roll+1","Escape Plan+1","Skewer","Mind Blast"],"campfire_rested":5,"item_purchase_floors":[21,21,21,21,21],"current_hp_per_floor":[59,52,52,50,49,49,21,39,39,39,28,46,36,36,36,26,52,52,36,29,29,12,31,17,36,36,31,31,29,29,22,41,16],"gold":294,"neow_bonus":"RANDOM_COLORLESS_2","is_prod":false,"is_daily":false,"chose_seed":false,"campfire_upgraded":2,"win_rate":0,"timestamp":1547448203,"path_taken":["M","M","M","M","?","R","E","R","T","?","?","R","E","M","R","BOSS","M","?","M","$","M","R","M","R","T","M","?","M","M","M","R","BOSS"],"build_version":"2019-01-10","purchased_purges":0,"victory":false,"max_hp_per_floor":[60,60,60,60,60,60,60,60,60,60,60,60,60,60,60,60,60,60,65,65,65,65,65,65,65,65,65,65,65,65,65,65,65],"card_choices":[{"not_picked":["Deflect","Infinite Blades"],"picked":"Dagger Spray","floor":1.0},{"not_picked":["Flying Knee","Blade Dance"],"picked":"Acrobatics","floor":2.0},{"not_picked":["Poisoned Stab","Accuracy"],"picked":"Dodge and Roll","floor":3.0},{"not_picked":["Crippling Poison","Blade Dance"],"picked":"Cloak And Dagger","floor":4.0},{"not_picked":["Escape Plan","Distraction"],"picked":"Well Laid Plans","floor":5.0},{"not_picked":["Deflect","Unload"],"picked":"Backstab","floor":7.0},{"not_picked":["Finisher","Dodge and Roll"],"picked":"PiercingWail","floor":10.0},{"not_picked":["Finisher","Slice"],"picked":"Concentrate+1","floor":13.0},{"not_picked":["Quick Slash","Underhanded Strike"],"picked":"Noxious Fumes","floor":14.0},{"not_picked":["Tools of the Trade","Bullet Time+1"],"picked":"Glass Knife","floor":16.0},{"not_picked":["Masterful Stab"],"picked":"SKIP","floor":18.0},{"not_picked":[],"picked":"Backflip+1","floor":20.0},{"not_picked":[],"picked":"Sucker Punch","floor":22.0},{"not_picked":["Expertise+1"],"picked":"SKIP","floor":24.0},{"not_picked":[],"picked":"Sucker Punch","floor":27.0},{"not_picked":["Accuracy"],"picked":"SKIP","floor":29.0},{"not_picked":["Underhanded Strike"],"picked":"SKIP","floor":30.0},{"not_picked":["Eviscerate"],"picked":"SKIP","floor":31.0},{"not_picked":[],"picked":"Backflip+1","floor":32.0}],"player_experience":2905041,"relics_obtained":[{"floor":7.0,"key":"Ninja Scroll"},{"floor":9.0,"key":"Bottled Flame"},{"floor":10.0,"key":"Odd Mushroom"},{"floor":13.0,"key":"Paper Crane"},{"floor":26.0,"key":"Dream Catcher"}],"event_choices":[{"damage_healed":0.0,"max_hp_gain":0.0,"max_hp_loss":0.0,"gold_gain":0.0,"event_name":"Mushrooms","player_choice":"Fought Mushrooms","floor":10.0,"gold_loss":0.0,"damage_taken":0.0},{"damage_healed":0.0,"max_hp_gain":0.0,"max_hp_loss":0.0,"gold_gain":0.0,"event_name":"Scrap Ooze","player_choice":"Success","floor":11.0,"gold_loss":0.0,"damage_taken":11.0,"relics_obtained":["Toxic Egg 2"]},{"damage_healed":0.0,"max_hp_gain":5.0,"max_hp_loss":0.0,"gold_gain":0.0,"event_name":"Forgotten Altar","player_choice":"Shed Blood","floor":19.0,"gold_loss":0.0,"damage_taken":21.0},{"damage_healed":0.0,"max_hp_gain":0.0,"max_hp_loss":0.0,"gold_gain":0.0,"event_name":"Match and Keep!","player_choice":"2 cards matched","floor":28.0,"gold_loss":0.0,"damage_taken":0.0,"cards_obtained":["Bullet Time","Neutralize"]}],"is_beta":false,"boss_relics":[{"not_picked":["Ectoplasm","Astrolabe"],"picked":"Busted Crown"}],"items_purged_floors":[],"is_endless":false,"potions_floor_spawned":[4,5,7,13,14,18,22,24,31],"killed_by":"Collector","ascension_level":19}