{"gold_per_floor":[118,118,118,130,130,160,160,194,194,205,219,219,236,87,87,187,187],"floor_reached":17,"playtime":4981,"items_purged":[],"score":190,"play_id":"709cad59-a99c-4348-be2d-0ac2b4d9bde4","local_time":"20190107015201","is_ascension_mode":false,"campfire_choices":[{"data":"Body Slam","floor":7.0,"key":"SMITH"},{"floor":12,"key":"REST"},{"floor":15,"key":"REST"}],"neow_cost":"NONE","seed_source_timestamp":3195331334466,"circlet_count":0,"master_deck":["Bash","Body Slam+1","Iron Wave","Shockwave","Disarm","Shrug It Off","Clothesline","Evolve","Impervious"],"special_seed":0,"relics":["Burning Blood","NeowsBlessing","The Courier","Question Card","Gremlin Horn","Vajra","Pandora\u0027s Box"],"potions_floor_usage":[16,16],"damage_taken":[{"damage":0.0,"enemies":"2 Louse","floor":1.0,"turns":1.0},{"damage":0.0,"enemies":"Small Slimes","floor":4.0,"turns":1.0},{"damage":0.0,"enemies":"3 Sentries","floor":6.0,"turns":1.0},{"damage":58,"enemies":"Lagavulin","floor":8,"turns":9},{"damage":0,"enemies":"Cultist","floor":10,"turns":4},{"damage":17,"enemies":"Red Slaver","floor":11,"turns":5},{"damage":4,"enemies":"2 Fungi Beasts","floor":13,"turns":4},{"damage":67,"enemies":"Hexaghost","floor":16,"turns":16}],"seed_played":"-1371055089967084218","potions_obtained":[{"floor":10,"key":"SteroidPotion"},{"floor":11,"key":"Explosive Potion"},{"floor":13,"key":"Block Potion"},{"floor":16,"key":"PowerPotion"}],"is_trial":false,"path_per_floor":["M","?","?","M","?","E","R","E","T","M","M","R","M","$","R","B",null],"character_chosen":"IRONCLAD","items_purchased":["Evolve","Vajra"],"campfire_rested":2,"item_purchase_floors":[14,14],"current_hp_per_floor":[80,80,80,80,80,80,80,28,28,34,23,47,49,49,73,12,12],"gold":187,"neow_bonus":"THREE_ENEMY_KILL","is_prod":false,"is_daily":false,"chose_seed":false,"campfire_upgraded":1,"win_rate":0,"timestamp":1546843921,"path_taken":["M","?","?","M","?","E","R","E","T","M","M","R","M","$","R","BOSS"],"build_version":"2019-01-03v4","purchased_purges":0,"victory":false,"max_hp_per_floor":[80,80,80,80,80,80,80,80,80,80,80,80,80,80,80,80,80],"card_choices":[{"not_picked":["Perfected Strike","Warcry"],"picked":"Body Slam","floor":1.0},{"not_picked":["Bloodletting","Combust"],"picked":"Uppercut","floor":4.0},{"not_picked":["Blood for Blood","Dark Embrace"],"picked":"Shockwave","floor":6.0},{"not_picked":["Warcry","Ghostly Armor"],"picked":"Disarm","floor":8},{"not_picked":["Havoc","Flex","Burning Pact"],"picked":"Shrug It Off","floor":10},{"not_picked":["Sword Boomerang","Combust","Warcry"],"picked":"Clothesline","floor":11},{"not_picked":["Perfected Strike","Headbutt","Wild Strike","Hemokinesis"],"picked":"SKIP","floor":13},{"not_picked":["Double Tap","Juggernaut","Bludgeon"],"picked":"Impervious","floor":16}],"player_experience":2817460,"relics_obtained":[{"floor":6.0,"key":"The Courier"},{"floor":8,"key":"Question Card"},{"floor":9,"key":"Gremlin Horn"}],"event_choices":[{"damage_healed":0.0,"max_hp_gain":0.0,"max_hp_loss":0.0,"gold_gain":0.0,"event_name":"Liars Game","player_choice":"Ignored","floor":2.0,"gold_loss":0.0,"damage_taken":0.0},{"damage_healed":0.0,"max_hp_gain":0.0,"max_hp_loss":0.0,"gold_gain":0.0,"event_name":"The Cleric","player_choice":"Leave","floor":3.0,"gold_loss":0.0,"damage_taken":0.0},{"cards_removed":["Uppercut"],"damage_healed":0.0,"max_hp_gain":0.0,"max_hp_loss":0.0,"gold_gain":0.0,"event_name":"NoteForYourself","player_choice":"Took Card","floor":5.0,"gold_loss":0.0,"damage_taken":0.0,"cards_obtained":["Iron Wave"]}],"is_beta":false,"boss_relics":[{"not_picked":["Runic Cube","Runic Pyramid"],"picked":"Pandora\u0027s Box"}],"items_purged_floors":[],"is_endless":false,"potions_floor_spawned":[10,11,13,16],"ascension_level":0}