{"gold_per_floor":[116,132,132,407,111,111,145,158,158,158],"floor_reached":10,"playtime":582,"items_purged":["Regret"],"score":79,"play_id":"3711b5ae-5a3d-4aec-9a8f-e2dbefd0f4db","local_time":"20190311112607","is_ascension_mode":true,"campfire_choices":[{"data":"Headbutt","floor":6,"key":"SMITH"}],"neow_cost":"NONE","seed_source_timestamp":754020174452330,"circlet_count":0,"master_deck":["Strike_R","Strike_R","Strike_R","Strike_R","Strike_R","Defend_R","Defend_R","Defend_R","Defend_R","Bash","Headbutt+1","Regret","Armaments","Clothesline"],"relics":["Burning Blood","Smiling Mask","Self Forming Clay","Frozen Egg 2","PreservedInsect","Meat on the Bone"],"potions_floor_usage":[10],"damage_taken":[{"damage":8,"enemies":"Jaw Worm","floor":1,"turns":5},{"damage":1,"enemies":"Cultist","floor":2,"turns":3},{"damage":43,"enemies":"3 Sentries","floor":7,"turns":9},{"damage":7,"enemies":"2 Louse","floor":8,"turns":3},{"damage":42,"enemies":"Gremlin Gang","floor":10,"turns":3}],"seed_played":"-4290063866245449508","potions_obtained":[{"floor":7,"key":"Weak Potion"},{"floor":8,"key":"Swift Potion"}],"is_trial":false,"path_per_floor":["M","M","?","?","$","R","E","M","T","M"],"character_chosen":"IRONCLAD","items_purchased":["Frozen Egg 2"],"campfire_rested":0,"item_purchase_floors":[5],"current_hp_per_floor":[78,80,80,80,80,80,43,42,42,0],"gold":158,"neow_bonus":"RANDOM_COMMON_RELIC","is_prod":false,"is_daily":false,"chose_seed":false,"campfire_upgraded":1,"win_rate":0,"timestamp":1552317967,"path_taken":["M","M","?","?","$","R","E","?","T","M"],"build_version":"2019-01-23","purchased_purges":1,"victory":false,"max_hp_per_floor":[80,80,80,80,80,80,80,80,80,80],"card_choices":[{"not_picked":["Wild Strike","Infernal Blade"],"picked":"Headbutt","floor":1},{"not_picked":["Wild Strike","Anger","Dual Wield"],"picked":"SKIP","floor":2},{"not_picked":["Dark Embrace+1","Carnage"],"picked":"Armaments","floor":7},{"not_picked":["Perfected Strike","Dropkick"],"picked":"Clothesline","floor":8}],"player_experience":134586,"relics_obtained":[{"floor":7,"key":"PreservedInsect"},{"floor":9,"key":"Meat on the Bone"}],"event_choices":[{"damage_healed":0,"gold_gain":0,"player_choice":"Box","damage_taken":0,"relics_obtained":["Self Forming Clay"],"max_hp_gain":0,"max_hp_loss":0,"event_name":"Big Fish","floor":3,"gold_loss":0,"cards_obtained":["Regret"]},{"damage_healed":0,"gold_gain":275,"player_choice":"Desecrate","damage_taken":0,"max_hp_gain":0,"max_hp_loss":0,"event_name":"Golden Shrine","floor":4,"gold_loss":0,"cards_obtained":["Regret"]}],"is_beta":false,"boss_relics":[],"items_purged_floors":[5],"is_endless":false,"potions_floor_spawned":[7,8],"killed_by":"Gremlin Gang","ascension_level":4}