{"gold_per_floor":[113,113,36,47,47,82,97,97,97,125,49,60,60,100,100,229,229,252,247,247,258,258,258],"floor_reached":23,"playtime":1511,"items_purged":[],"score":329,"play_id":"191031c9-8f31-48d5-b0f1-48e19fd2a88e","local_time":"20190313142653","is_ascension_mode":true,"campfire_choices":[{"data":"Whirlwind","floor":8,"key":"SMITH"},{"data":"Ghostly Armor","floor":15,"key":"SMITH"}],"neow_cost":"NONE","seed_source_timestamp":824555916719489,"circlet_count":0,"master_deck":["Defend_R+1","Defend_R","Defend_R","Bash","Whirlwind+1","Shrug It Off","Shockwave+1","Ghostly Armor+1","Battle Trance","Demon Form","Heavy Blade","Carnage","Iron Wave+1","Bite","Bite","Bite","Bite","Bite"],"relics":["Burning Blood","NeowsBlessing","Pantograph","War Paint","Torii","Bloody Idol","Champion Belt","Empty Cage"],"potions_floor_usage":[7,10,10,14,14,16,19],"damage_taken":[{"damage":0,"enemies":"2 Louse","floor":1,"turns":1},{"damage":0,"enemies":"Cultist","floor":4,"turns":1},{"damage":0,"enemies":"Lagavulin","floor":6,"turns":1},{"damage":12,"enemies":"Jaw Worm","floor":7,"turns":5},{"damage":12,"enemies":"Gremlin Nob","floor":10,"turns":4},{"damage":1,"enemies":"Exordium Wildlife","floor":12,"turns":3},{"damage":2,"enemies":"Lagavulin","floor":14,"turns":5},{"damage":74,"enemies":"The Guardian","floor":16,"turns":14},{"damage":20,"enemies":"Spheric Guardian","floor":18,"turns":7},{"damage":16,"enemies":"2 Thieves","floor":19,"turns":4},{"damage":23,"enemies":"Centurion and Healer","floor":21,"turns":8},{"damage":37,"enemies":"Gremlin Leader","floor":23,"turns":5}],"seed_played":"1856714587436478146","potions_obtained":[{"floor":2,"key":"Fruit Juice"},{"floor":2,"key":"Energy Potion"},{"floor":2,"key":"SteroidPotion"},{"floor":7,"key":"Block Potion"},{"floor":10,"key":"Fire Potion"},{"floor":14,"key":"SkillPotion"},{"floor":18,"key":"AttackPotion"}],"is_trial":false,"path_per_floor":["M","?","$","M","$","E","M","R","T","E","$","M","?","E","R","B",null,"M","M","?","M","?","E"],"character_chosen":"IRONCLAD","items_purchased":["Whirlwind","Battle Trance"],"campfire_rested":0,"item_purchase_floors":[3,11],"current_hp_per_floor":[78,78,78,80,80,80,79,79,79,73,73,78,57,61,61,17,68,54,44,44,32,32,0],"gold":258,"neow_bonus":"THREE_ENEMY_KILL","is_prod":false,"is_daily":false,"chose_seed":false,"campfire_upgraded":2,"win_rate":0,"timestamp":1552501613,"path_taken":["M","?","$","?","$","E","M","R","T","E","$","M","?","E","R","BOSS","M","M","?","M","?","E"],"build_version":"2019-01-23","purchased_purges":0,"victory":false,"max_hp_per_floor":[80,80,80,80,80,80,85,85,85,85,85,85,85,85,85,85,85,85,85,85,85,59,59],"card_choices":[{"not_picked":["Flex","Perfected Strike","Cleave"],"picked":"SKIP","floor":1},{"not_picked":["Cleave","Blood for Blood"],"picked":"Shrug It Off","floor":4},{"not_picked":["Second Wind","Heavy Blade"],"picked":"Shockwave","floor":6},{"not_picked":["Thunderclap","Berserk","Flex"],"picked":"SKIP","floor":7},{"not_picked":["Flex","Heavy Blade"],"picked":"Ghostly Armor","floor":10},{"not_picked":["Infernal Blade","Flex","Bloodletting"],"picked":"SKIP","floor":12},{"not_picked":["Shockwave","Cleave","Rage"],"picked":"SKIP","floor":14},{"not_picked":["Double Tap","Offering"],"picked":"Demon Form","floor":16},{"not_picked":["Flex","Twin Strike"],"picked":"Heavy Blade","floor":18},{"not_picked":["Thunderclap","Body Slam"],"picked":"Carnage","floor":19},{"not_picked":["Blood for Blood","Sword Boomerang+1"],"picked":"Iron Wave+1","floor":21}],"player_experience":166677,"relics_obtained":[{"floor":6,"key":"Pantograph"},{"floor":9,"key":"War Paint"},{"floor":10,"key":"Torii"},{"floor":14,"key":"Champion Belt"}],"event_choices":[{"damage_healed":0,"gold_gain":0,"player_choice":"Got Potions","damage_taken":0,"max_hp_gain":0,"max_hp_loss":0,"event_name":"Lab","floor":2,"gold_loss":0},{"damage_healed":0,"gold_gain":0,"player_choice":"Take Damage","damage_taken":21,"relics_obtained":["Golden Idol"],"max_hp_gain":0,"max_hp_loss":0,"event_name":"Golden Idol","floor":13,"gold_loss":0},{"damage_healed":0,"gold_gain":0,"player_choice":"Gave Idol","damage_taken":0,"relics_obtained":["Bloody Idol"],"max_hp_gain":0,"max_hp_loss":0,"event_name":"Forgotten Altar","floor":20,"relics_lost":["Golden Idol"],"gold_loss":0},{"damage_healed":0,"gold_gain":0,"player_choice":"Became a vampire","damage_taken":0,"max_hp_gain":0,"max_hp_loss":26,"event_name":"Vampires","floor":22,"gold_loss":0,"cards_obtained":["Bite","Bite","Bite","Bite","Bite"]}],"is_beta":false,"boss_relics":[{"not_picked":["Coffee Dripper","Eternal Feather"],"picked":"Empty Cage"}],"items_purged_floors":[],"is_endless":false,"potions_floor_spawned":[6,7,10,14,18],"killed_by":"Gremlin Leader","ascension_level":6}