{"gold_per_floor":[110,14,189,20,39,39,65,65,65,85,85,105,105,140,140,242,242,252,177,77,61,61,61],"floor_reached":23,"playtime":1035,"items_purged":["Doubt","Juggernaut"],"score":266,"play_id":"536bc3e7-b5e0-4fe7-b97b-e08739832da2","local_time":"20190311120518","is_ascension_mode":true,"campfire_choices":[{"data":"Metallicize","floor":6,"key":"SMITH"},{"data":"Armaments","floor":8,"key":"SMITH"},{"data":"Heavy Blade","floor":13,"key":"SMITH"},{"data":"Spot Weakness","floor":15,"key":"SMITH"}],"neow_cost":"NONE","seed_source_timestamp":755917591030614,"circlet_count":0,"master_deck":["Bash","Heavy Blade+1","Headbutt","Metallicize+1","Flex","Clothesline","Armaments+1","Spot Weakness+1","Double Tap","Exhume","Rupture","Pommel Strike+1","Reaper+1","Burning Pact","Body Slam+1","Sentinel","Clothesline+1"],"relics":["Burning Blood","NeowsBlessing","Bottled Flame","Blue Candle","Molten Egg 2","Pandora\u0027s Box"],"potions_floor_usage":[12,23],"damage_taken":[{"damage":0,"enemies":"Jaw Worm","floor":1,"turns":1},{"damage":0,"enemies":"2 Louse","floor":5,"turns":1},{"damage":0,"enemies":"3 Sentries","floor":7,"turns":2},{"damage":5,"enemies":"Small Slimes","floor":10,"turns":3},{"damage":8,"enemies":"Gremlin Gang","floor":12,"turns":5},{"damage":26,"enemies":"Gremlin Nob","floor":14,"turns":4},{"damage":44,"enemies":"Hexaghost","floor":16,"turns":9},{"damage":62,"enemies":"3 Byrds","floor":18,"turns":7},{"damage":25,"enemies":"2 Thieves","floor":21,"turns":4},{"damage":19,"enemies":"Book of Stabbing","floor":23,"turns":3}],"seed_played":"-6948226247166826057","potions_obtained":[{"floor":1,"key":"LiquidBronze"},{"floor":5,"key":"FairyPotion"},{"floor":12,"key":"GamblersBrew"},{"floor":16,"key":"Weak Potion"},{"floor":21,"key":"SmokeBomb"}],"is_trial":false,"path_per_floor":["M","$","?","$","M","R","E","R","T","M","?","M","R","E","R","B",null,"M","?","$","M","?","E"],"character_chosen":"IRONCLAD","items_purchased":["Heavy Blade","Headbutt","Metallicize","Flex"],"campfire_rested":0,"item_purchase_floors":[2,2,4,4],"current_hp_per_floor":[80,80,80,80,80,80,80,80,80,80,80,78,78,58,58,20,80,24,24,24,14,14,0],"gold":61,"neow_bonus":"THREE_ENEMY_KILL","is_prod":false,"is_daily":false,"chose_seed":false,"campfire_upgraded":4,"win_rate":0,"timestamp":1552320318,"path_taken":["M","$","?","$","M","R","E","R","T","M","?","?","R","E","R","BOSS","M","?","$","M","?","E"],"build_version":"2019-01-23","purchased_purges":2,"victory":false,"max_hp_per_floor":[80,80,80,80,80,80,80,80,80,80,80,80,80,80,80,80,80,80,80,80,80,80,80],"card_choices":[{"not_picked":["Second Wind","Dropkick","Havoc"],"picked":"SKIP","floor":1},{"not_picked":["Heavy Blade","Thunderclap"],"picked":"Clothesline","floor":5},{"not_picked":["Fiend Fire","Uppercut"],"picked":"Armaments","floor":7},{"not_picked":["Pummel","Second Wind","Clothesline"],"picked":"SKIP","floor":10},{"not_picked":["Pummel","True Grit"],"picked":"Spot Weakness","floor":12},{"not_picked":["Disarm","Metallicize","Uppercut"],"picked":"SKIP","floor":14},{"not_picked":["Dark Embrace","Brutality"],"picked":"Double Tap","floor":16},{"not_picked":["Iron Wave+1","Havoc+1"],"picked":"Clothesline+1","floor":18},{"not_picked":["Iron Wave+1","Clash+1","Searing Blow+1"],"picked":"SKIP","floor":21}],"player_experience":136456,"relics_obtained":[{"floor":7,"key":"Bottled Flame"},{"floor":9,"key":"Blue Candle"},{"floor":14,"key":"Molten Egg 2"}],"event_choices":[{"damage_healed":0,"gold_gain":175,"player_choice":"AGREE","damage_taken":0,"max_hp_gain":0,"max_hp_loss":0,"event_name":"Liars Game","floor":3,"gold_loss":0,"cards_obtained":["Doubt"]},{"damage_healed":0,"gold_gain":0,"player_choice":"Ignored","damage_taken":0,"max_hp_gain":0,"max_hp_loss":0,"event_name":"Golden Idol","floor":11,"gold_loss":0},{"cards_removed":["Armaments"],"damage_healed":0,"gold_gain":0,"player_choice":"Gave Gold","damage_taken":0,"max_hp_gain":0,"max_hp_loss":0,"event_name":"Beggar","floor":19,"gold_loss":75}],"is_beta":false,"boss_relics":[{"not_picked":["Calling Bell","Runic Dome"],"picked":"Pandora\u0027s Box"}],"items_purged_floors":[4,20],"is_endless":false,"potions_floor_spawned":[1,5,12,16,21],"killed_by":"Book of Stabbing","ascension_level":4}