{"gold_per_floor":[111,111,126,145,39,39,51,51,51,68,68,84,119,129,129,231,231,245,245,71,89,99,99,111,111,111,0,17,35,52,64,64,167,167,177,277,297,137,137,137,147,147,147,147,165,165,65,75,75,75],"floor_reached":51,"playtime":3977,"items_purged":["Zap+1","Defend_B"],"score":927,"play_id":"9423a734-c71e-40c7-a6eb-d334b8db0fb1","local_time":"20190326105017","is_ascension_mode":true,"campfire_choices":[{"floor":6.0,"key":"REST"},{"data":"Zap","floor":8.0,"key":"SMITH"},{"data":"Go for the Eyes","floor":11.0,"key":"SMITH"},{"floor":15.0,"key":"REST"},{"data":"Auto Shields","floor":23.0,"key":"SMITH"},{"data":"Defragment","floor":25.0,"key":"SMITH"},{"data":"Conserve Battery","floor":32.0,"key":"SMITH"},{"floor":40.0,"key":"REST"},{"floor":42.0,"key":"REST"},{"floor":44.0,"key":"DIG"},{"floor":46.0,"key":"DIG"},{"floor":49,"key":"DIG"}],"neow_cost":"NONE","seed_source_timestamp":0,"circlet_count":0,"master_deck":["Defend_B","Defend_B","Defend_B","Dualcast","Rebound","Go for the Eyes+1","Cold Snap","Bandage Up","Gash","Barrage","Reboot","Auto Shields+1","Core Surge","Conserve Battery+1","Buffer","Bite","Bite","Bite","Bite","Bite","Gash","Glacier+1","White Noise+1","Defragment+1","Go for the Eyes","Reboot","BootSequence","Machine Learning","Conserve Battery","Reinforced Body","Defragment+1","Cold Snap","Defragment","Streamline","Chill+1","Blizzard","Gash+1"],"special_seed":0,"relics":["Cracked Core","Pen Nib","Question Card","Mercury Hourglass","White Beast Statue","Orichalcum","Dream Catcher","Sozu","Shovel","Blue Candle","Mummified Hand","Meat on the Bone","Dead Branch"],"potions_floor_usage":[50,50],"damage_taken":[{"damage":7.0,"enemies":"Jaw Worm","floor":1.0,"turns":3.0},{"damage":2.0,"enemies":"2 Louse","floor":3.0,"turns":2.0},{"damage":0.0,"enemies":"Cultist","floor":4.0,"turns":2.0},{"damage":11.0,"enemies":"Exordium Thugs","floor":7.0,"turns":3.0},{"damage":5.0,"enemies":"Red Slaver","floor":10.0,"turns":2.0},{"damage":7.0,"enemies":"Looter","floor":12.0,"turns":3.0},{"damage":14.0,"enemies":"Lagavulin","floor":13.0,"turns":5.0},{"damage":11.0,"enemies":"Blue Slaver","floor":14.0,"turns":2.0},{"damage":14.0,"enemies":"Hexaghost","floor":16.0,"turns":9.0},{"damage":13.0,"enemies":"Chosen","floor":18.0,"turns":5.0},{"damage":7.0,"enemies":"3 Byrds","floor":21.0,"turns":4.0},{"damage":5.0,"enemies":"Centurion and Healer","floor":22.0,"turns":6.0},{"damage":20.0,"enemies":"Snake Plant","floor":24.0,"turns":6.0},{"damage":2.0,"enemies":"Cultist and Chosen","floor":28.0,"turns":8.0},{"damage":24.0,"enemies":"Snecko","floor":29.0,"turns":6.0},{"damage":14.0,"enemies":"Shelled Parasite and Fungi","floor":30.0,"turns":9.0},{"damage":0.0,"enemies":"Centurion and Healer","floor":31.0,"turns":9.0},{"damage":71.0,"enemies":"Champ","floor":33.0,"turns":19.0},{"damage":1.0,"enemies":"Orb Walker","floor":35.0,"turns":4.0},{"damage":0.0,"enemies":"Mind Bloom Boss Battle","floor":36.0,"turns":8.0},{"damage":38.0,"enemies":"3 Darklings","floor":37.0,"turns":5.0},{"damage":28.0,"enemies":"Transient","floor":41.0,"turns":5.0},{"damage":32.0,"enemies":"Jaw Worm Horde","floor":45.0,"turns":9.0},{"damage":1,"enemies":"Writhing Mass","floor":48,"turns":33},{"damage":70,"enemies":"Donu and Deca","floor":50,"turns":14}],"seed_played":"-3638841740792538409","potions_obtained":[{"floor":4.0,"key":"FocusPotion"},{"floor":7.0,"key":"Explosive Potion"},{"floor":10.0,"key":"GamblersBrew"},{"floor":12.0,"key":"FocusPotion"},{"floor":21.0,"key":"Fruit Juice"},{"floor":22.0,"key":"SteroidPotion"},{"floor":31.0,"key":"Block Potion"},{"floor":33.0,"key":"FairyPotion"}],"is_trial":false,"path_per_floor":["M","?","M","M","$","R","M","R","T","M","R","M","E","M","R","B",null,"M","?","$","M","M","R","M","R","T","?","M","M","M","M","R","B",null,"M","?","M","$","?","R","M","R","T","R","M","R","$","M","R","B",null],"character_chosen":"DEFECT","items_purchased":["Bandage Up","Gash","Gash","Orichalcum","Cold Snap","Defragment"],"campfire_rested":4,"item_purchase_floors":[5,5,20,20,38,38],"current_hp_per_floor":[61,28,26,26,26,48,41,41,41,40,40,37,27,16,38,28,63,54,52,52,53,57,57,45,45,45,45,57,39,43,57,57,9,45,57,57,23,23,28,45,27,44,44,44,32,32,32,57,57,22],"gold":75,"neow_bonus":"THREE_CARDS","is_prod":false,"is_daily":false,"chose_seed":false,"campfire_upgraded":5,"win_rate":0,"timestamp":1553568617,"path_taken":["M","?","M","M","$","R","M","R","T","M","R","M","E","M","R","BOSS","M","?","$","M","M","R","M","R","T","?","M","M","M","M","R","BOSS","M","?","M","$","?","R","M","R","T","R","?","R","?","M","R","BOSS"],"build_version":"2019-01-23","purchased_purges":2,"victory":true,"max_hp_per_floor":[75,75,75,75,75,75,75,75,75,75,75,75,75,75,75,75,75,75,52,52,57,57,57,57,57,57,57,57,57,57,57,57,57,57,57,57,57,57,57,57,57,57,57,57,57,57,57,57,57,57],"card_choices":[{"not_picked":["Undo","Storm"],"picked":"Ball Lightning","floor":0.0},{"not_picked":["Force Field","Hologram"],"picked":"Rebound","floor":1.0},{"not_picked":["Ball Lightning","Recycle"],"picked":"Go for the Eyes","floor":3.0},{"not_picked":["Skim","Compile Driver"],"picked":"Cold Snap","floor":4.0},{"not_picked":["Rip and Tear","Ball Lightning"],"picked":"Barrage","floor":7.0},{"not_picked":["Stack","Ball Lightning","Genetic Algorithm"],"picked":"Reboot","floor":10.0},{"not_picked":["Force Field","Ball Lightning","Streamline"],"picked":"Auto Shields","floor":12.0},{"not_picked":["Hello World","Sunder","Compile Driver"],"picked":"Core Surge","floor":13.0},{"not_picked":["Ball Lightning","Auto Shields","Fusion"],"picked":"Conserve Battery","floor":14.0},{"not_picked":["Rainbow","Fission","Meteor Strike"],"picked":"Buffer","floor":16.0},{"not_picked":["Darkness","Barrage","Scrape","Chaos"],"picked":"SKIP","floor":18.0},{"not_picked":["Steam Power","Hello World","Tempest+1"],"picked":"Glacier+1","floor":21.0},{"not_picked":["Stack+1","Rebound","Redo"],"picked":"White Noise+1","floor":22.0},{"not_picked":["Compile Driver+1","Recycle","Consume"],"picked":"Defragment","floor":24.0},{"not_picked":["Steam Power+1","Redo","Compile Driver"],"picked":"Go for the Eyes","floor":28.0},{"not_picked":["Compile Driver","Redo+1","Sweeping Beam"],"picked":"Reboot","floor":29.0},{"not_picked":["Aggregate","Undo+1","Reprogram+1","Redo+1"],"picked":"SKIP","floor":30.0},{"not_picked":["Go for the Eyes","Genetic Algorithm","Ball Lightning"],"picked":"BootSequence","floor":31.0},{"not_picked":["Thunder Strike","Electrodynamics","Hyperbeam"],"picked":"Machine Learning","floor":33.0},{"not_picked":["Rebound","Sweeping Beam+1","Recycle+1"],"picked":"Conserve Battery","floor":35.0},{"not_picked":["BootSequence+1","Rebound","Streamline+1"],"picked":"Reinforced Body","floor":36.0},{"not_picked":["Coolheaded","Barrage","Genetic Algorithm"],"picked":"Defragment+1","floor":37.0},{"not_picked":["Conserve Battery","Beam Cell+1","Turbo+1"],"picked":"Streamline","floor":40.0},{"not_picked":["Aggregate","Multi-Cast","Sweeping Beam"],"picked":"Chill+1","floor":41.0},{"not_picked":["Stack","Conserve Battery","BootSequence+1"],"picked":"Blizzard","floor":45.0},{"not_picked":["Ball Lightning","Melter","Storm+1"],"picked":"Gash+1","floor":48}],"player_experience":674892,"relics_obtained":[{"floor":9.0,"key":"Question Card"},{"floor":13.0,"key":"Mercury Hourglass"},{"floor":26.0,"key":"Dream Catcher"},{"floor":36.0,"key":"Shovel"},{"floor":43.0,"key":"Blue Candle"},{"floor":44.0,"key":"Mummified Hand"},{"floor":46.0,"key":"Meat on the Bone"},{"floor":49,"key":"Dead Branch"}],"event_choices":[{"damage_healed":0.0,"max_hp_gain":0.0,"max_hp_loss":0.0,"gold_gain":0.0,"event_name":"Scrap Ooze","player_choice":"Success","floor":2.0,"gold_loss":0.0,"damage_taken":33.0,"relics_obtained":["Pen Nib"]},{"damage_healed":0.0,"max_hp_gain":0.0,"max_hp_loss":23.0,"gold_gain":0.0,"event_name":"Vampires","player_choice":"Became a vampire","floor":19.0,"gold_loss":0.0,"damage_taken":0.0,"cards_obtained":["Bite","Bite","Bite","Bite","Bite"]},{"damage_healed":0.0,"max_hp_gain":0.0,"max_hp_loss":0.0,"gold_gain":0.0,"event_name":"Masked Bandits","player_choice":"Paid Fearfully","floor":27.0,"gold_loss":111.0,"damage_taken":0.0},{"damage_healed":0.0,"max_hp_gain":0.0,"max_hp_loss":0.0,"gold_gain":0.0,"event_name":"MindBloom","player_choice":"Fight","floor":36.0,"gold_loss":0.0,"damage_taken":0.0},{"cards_removed":["Ball Lightning"],"damage_healed":5.0,"max_hp_gain":0.0,"max_hp_loss":0.0,"gold_gain":0.0,"event_name":"Bonfire Elementals","player_choice":"Offered Common","floor":39.0,"gold_loss":0.0,"damage_taken":0.0},{"cards_removed":["Ball Lightning"],"damage_healed":5.0,"max_hp_gain":0.0,"max_hp_loss":0.0,"gold_gain":0.0,"event_name":"Bonfire Elementals","player_choice":"Offered Special","floor":39.0,"gold_loss":0.0,"damage_taken":0.0}],"is_beta":false,"boss_relics":[{"not_picked":["Nuclear Battery","Runic Dome"],"picked":"White Beast Statue"},{"not_picked":["Philosopher\u0027s Stone","Snecko Eye"],"picked":"Sozu"}],"items_purged_floors":[38,47],"is_endless":false,"potions_floor_spawned":[4,7,10,12,18,21,22,24,28,29,30,31,33,35,36,37,41,45,48],"ascension_level":9}