{"gold_per_floor":[116,116,35,35,35,35,35,51,51,85,98,98,126,145,145,250,250,269,108,207,207,225,225,33,33,33,64,64],"floor_reached":28,"playtime":2025,"items_purged":[],"score":267,"play_id":"659a42a1-6c7b-4b8e-bdac-8f2946091c65","local_time":"20190228154655","is_ascension_mode":false,"campfire_choices":[{"data":"Zap","floor":6,"key":"SMITH"},{"data":"Loop","floor":12,"key":"SMITH"},{"floor":15,"key":"REST"},{"floor":23,"key":"REST"},{"data":"Apotheosis","floor":25,"key":"SMITH"}],"neow_cost":"NONE","seed_source_timestamp":10930020203129,"circlet_count":0,"master_deck":["Strike_B","Strike_B","Strike_B","Strike_B","Defend_B","Defend_B","Defend_B+1","Defend_B","Zap+1","Dualcast+1","Compile Driver","All For One","Loop+1","Darkness","Compile Driver","Electrodynamics","Redo","Multi-Cast","Hologram+1","Self Repair","White Noise","Ball Lightning","Fusion+1","Apotheosis+1","Sweeping Beam+1"],"relics":["Cracked Core","NeowsBlessing","Matryoshka","Ice Cream","Cables","Inserter","Happy Flower","Boot","Mercury Hourglass"],"potions_floor_usage":[16,16,27],"damage_taken":[{"damage":0,"enemies":"Small Slimes","floor":1,"turns":1},{"damage":0,"enemies":"2 Louse","floor":8,"turns":1},{"damage":0,"enemies":"3 Sentries","floor":10,"turns":1},{"damage":1,"enemies":"Jaw Worm","floor":11,"turns":3},{"damage":18,"enemies":"Lagavulin","floor":13,"turns":4},{"damage":0,"enemies":"Large Slime","floor":14,"turns":3},{"damage":3,"enemies":"Slime Boss","floor":16,"turns":6},{"damage":30,"enemies":"Shell Parasite","floor":18,"turns":5},{"damage":10,"enemies":"Chosen","floor":22,"turns":3},{"damage":51,"enemies":"Gremlin Leader","floor":27,"turns":6},{"damage":32,"enemies":"Snake Plant","floor":28,"turns":3}],"seed_played":"-3095914406240942628","potions_obtained":[{"floor":10,"key":"Swift Potion"},{"floor":11,"key":"Explosive Potion"},{"floor":13,"key":"Poison Potion"},{"floor":16,"key":"SpeedPotion"},{"floor":18,"key":"EssenceOfSteel"}],"is_trial":false,"path_per_floor":["M","?","$","?","$","R","?","M","T","E","M","R","E","M","R","B",null,"M","$","?","?","M","R","$","R","T","E","M"],"character_chosen":"DEFECT","items_purchased":["All For One","Self Repair","White Noise","Ball Lightning","Apotheosis"],"campfire_rested":2,"item_purchase_floors":[3,19,19,19,24],"current_hp_per_floor":[75,75,75,60,60,60,65,65,65,65,64,64,46,46,70,67,80,50,50,50,50,47,71,71,71,71,27,0],"gold":64,"neow_bonus":"THREE_ENEMY_KILL","is_prod":false,"is_daily":false,"chose_seed":false,"campfire_upgraded":3,"win_rate":0,"timestamp":1551386815,"path_taken":["M","?","$","?","$","R","?","M","T","E","M","R","E","M","R","BOSS","M","$","?","?","M","R","$","R","T","E","M"],"build_version":"2019-01-23","purchased_purges":0,"victory":false,"max_hp_per_floor":[75,75,75,75,75,75,80,80,80,80,80,80,80,80,80,80,80,80,80,80,80,80,80,80,80,80,80,80],"card_choices":[{"not_picked":["Skim","Stack"],"picked":"Compile Driver","floor":1},{"not_picked":["Chaos","Reinforced Body"],"picked":"Loop","floor":8},{"not_picked":["Conserve Battery","Turbo"],"picked":"Darkness","floor":10},{"not_picked":["Melter","Beam Cell"],"picked":"Compile Driver","floor":11},{"not_picked":["Recycle","Consume"],"picked":"Electrodynamics","floor":13},{"not_picked":["Undo","Steam"],"picked":"Redo","floor":14},{"not_picked":["Machine Learning","Amplify"],"picked":"Multi-Cast","floor":16},{"not_picked":["Sweeping Beam","Chaos"],"picked":"Hologram","floor":18},{"not_picked":["Barrage","BootSequence"],"picked":"Fusion+1","floor":22},{"not_picked":["Ball Lightning","Barrage+1"],"picked":"Sweeping Beam+1","floor":27}],"player_experience":96798,"relics_obtained":[{"floor":9,"key":"Matryoshka"},{"floor":10,"key":"Ice Cream"},{"floor":13,"key":"Cables"},{"floor":26,"key":"Happy Flower"},{"floor":26,"key":"Boot"},{"floor":27,"key":"Mercury Hourglass"}],"event_choices":[{"damage_healed":0,"gold_gain":0,"player_choice":"Leave","damage_taken":0,"max_hp_gain":0,"max_hp_loss":0,"event_name":"The Cleric","floor":2,"gold_loss":0},{"damage_healed":0,"gold_gain":0,"player_choice":"Entered Light","damage_taken":15,"max_hp_gain":0,"max_hp_loss":0,"event_name":"Shining Light","floor":4,"gold_loss":0,"cards_upgraded":["Defend_B","Dualcast"]},{"damage_healed":0,"gold_gain":0,"player_choice":"Donut","damage_taken":0,"max_hp_gain":5,"max_hp_loss":0,"event_name":"Big Fish","floor":7,"gold_loss":0},{"damage_healed":0,"gold_gain":99,"player_choice":"Stole From Cult","damage_taken":0,"max_hp_gain":0,"max_hp_loss":0,"event_name":"Nest","floor":20,"gold_loss":0},{"damage_healed":0,"gold_gain":0,"player_choice":"Upgraded","damage_taken":0,"max_hp_gain":0,"max_hp_loss":0,"event_name":"Upgrade Shrine","floor":21,"gold_loss":0,"cards_upgraded":["Hologram"]}],"is_beta":false,"boss_relics":[{"not_picked":["Eternal Feather","Tiny House"],"picked":"Inserter"}],"items_purged_floors":[],"is_endless":false,"potions_floor_spawned":[10,11,13,16,18,22],"killed_by":"Snake Plant","ascension_level":0}