{"gold_per_floor":[111,111,127,144,65,65,100,70,70,83,22,22,54,69,69,168,168,180,180,197,45,65,65,90,103,103,103,134,150,150,170,170,273,273,291,304,350,57,72,72,10,25,25,52,52,66,66,66,66,66,66,66,8,35,35],"floor_reached":56,"playtime":9847,"items_purged":[],"score":1227,"play_id":"4c8aff9f-71fc-4dad-a42e-b427060b9c6d","local_time":"20190123095124","is_ascension_mode":false,"campfire_choices":[{"data":"Footwork","floor":6.0,"key":"SMITH"},{"floor":12.0,"key":"REST"},{"floor":15.0,"key":"REST"},{"floor":23.0,"key":"REST"},{"floor":30.0,"key":"REST"},{"floor":32.0,"key":"RECALL"},{"floor":40.0,"key":"REST"},{"floor":45.0,"key":"REST"},{"floor":49.0,"key":"REST"},{"floor":52.0,"key":"REST"}],"neow_cost":"NONE","seed_source_timestamp":0,"circlet_count":0,"master_deck":["Defend_G+1","Defend_G+1","Defend_G+1","Defend_G+1","Defend_G+1","Strike_G+1","Strike_G+1","Strike_G+1","Strike_G+1","Strike_G+1","Survivor","Neutralize","Caltrops","Cloak And Dagger","PiercingWail","Footwork+1","Blade Dance","Leg Sweep","Bouncing Flask","Slice","Acrobatics","Bouncing Flask","Dodge and Roll","Backflip","After Image","Dodge and Roll+1","Die Die Die","Endless Agony","Deadly Poison","Dodge and Roll+1","Die Die Die","Deadly Poison","Poisoned Stab","Noxious Fumes","Calculated Gamble+1","Caltrops","Deflect","Backflip+1","Setup+1","Panache","Swift Strike","Swift Strike","Madness","Madness","Concentrate"],"special_seed":0,"relics":["Ring of the Snake","NeowsBlessing","Pear","The Courier","Question Card","Fusion Hammer","Bag of Marbles","The Specimen","Paper Crane","Runic Pyramid","Nunchaku","Bird Faced Urn","Gambling Chip","Lantern"],"potions_floor_usage":[55,55],"damage_taken":[{"damage":0.0,"enemies":"Small Slimes","floor":1.0,"turns":1.0},{"damage":0.0,"enemies":"Cultist","floor":3.0,"turns":1.0},{"damage":0.0,"enemies":"Jaw Worm","floor":4.0,"turns":1.0},{"damage":25.0,"enemies":"Gremlin Nob","floor":7.0,"turns":6.0},{"damage":13.0,"enemies":"Looter","floor":10.0,"turns":3.0},{"damage":18.0,"enemies":"Lagavulin","floor":13.0,"turns":8.0},{"damage":21.0,"enemies":"Blue Slaver","floor":14.0,"turns":4.0},{"damage":4.0,"enemies":"The Guardian","floor":16.0,"turns":12.0},{"damage":15.0,"enemies":"Spheric Guardian","floor":18.0,"turns":7.0},{"damage":0.0,"enemies":"Chosen","floor":20.0,"turns":6.0},{"damage":20.0,"enemies":"Sentry and Sphere","floor":22.0,"turns":9.0},{"damage":0.0,"enemies":"Book of Stabbing","floor":24.0,"turns":10.0},{"damage":0.0,"enemies":"Shelled Parasite and Fungi","floor":25.0,"turns":7.0},{"damage":3.0,"enemies":"Slavers","floor":28.0,"turns":8.0},{"damage":0.0,"enemies":"Centurion and Healer","floor":29.0,"turns":7.0},{"damage":0.0,"enemies":"Cultist and Chosen","floor":31.0,"turns":5.0},{"damage":24.0,"enemies":"Champ","floor":33.0,"turns":16.0},{"damage":11.0,"enemies":"3 Darklings","floor":35.0,"turns":5.0},{"damage":0.0,"enemies":"3 Shapes","floor":36.0,"turns":4.0},{"damage":18.0,"enemies":"2 Orb Walkers","floor":37.0,"turns":8.0},{"damage":1.0,"enemies":"Maw","floor":39.0,"turns":9.0},{"damage":1.0,"enemies":"Writhing Mass","floor":42.0,"turns":6.0},{"damage":23.0,"enemies":"Nemesis","floor":44.0,"turns":9.0},{"damage":1.0,"enemies":"Spire Growth","floor":46.0,"turns":5.0},{"damage":50.0,"enemies":"Donu and Deca","floor":50.0,"turns":13.0},{"damage":46.0,"enemies":"Shield and Spear","floor":54.0,"turns":7.0},{"damage":37,"enemies":"The Heart","floor":55,"turns":14}],"seed_played":"3038325490843374030","potions_obtained":[{"floor":1.0,"key":"Swift Potion"},{"floor":7.0,"key":"Poison Potion"},{"floor":8.0,"key":"Energy Potion"},{"floor":8.0,"key":"Swift Potion"},{"floor":10.0,"key":"Dexterity Potion"},{"floor":13.0,"key":"Dexterity Potion"},{"floor":16.0,"key":"SpeedPotion"},{"floor":20.0,"key":"Fire Potion"},{"floor":28.0,"key":"FearPotion"},{"floor":37.0,"key":"SkillPotion"},{"floor":42.0,"key":"Dexterity Potion"},{"floor":46.0,"key":"FearPotion"}],"is_trial":false,"path_per_floor":["M","?","M","M","$","R","E","?","T","M","$","R","E","M","R","B",null,"M","?","M","$","M","R","E","M","T","?","E","M","R","M","R","B",null,"M","M","?","$","M","R","$","M","T","E","R","M","?","?","R","B",null,"R","$","E","B",null],"character_chosen":"THE_SILENT","items_purchased":["Footwork","Bouncing Flask","Backflip","After Image","Noxious Fumes","Bird Faced Urn","Caltrops","GhostInAJar"],"campfire_rested":8,"item_purchase_floors":[5,11,21,21,38,38,41,53],"current_hp_per_floor":[70,70,70,70,70,70,55,55,55,42,42,66,48,27,51,47,80,65,65,65,65,45,69,69,69,69,54,51,51,76,76,76,52,85,74,74,56,56,63,85,85,85,85,66,85,85,75,64,85,45,85,85,85,49,24],"gold":35,"neow_bonus":"THREE_ENEMY_KILL","is_prod":false,"is_daily":false,"chose_seed":false,"campfire_upgraded":1,"win_rate":0,"timestamp":1548255084,"path_taken":["M","?","?","M","$","R","E","?","T","?","$","R","E","M","R","BOSS","M","?","M","$","M","R","E","M","T","?","E","M","R","M","R","BOSS","M","M","?","$","M","R","$","M","T","E","R","M","?","?","R","BOSS","R","$","E","BOSS"],"build_version":"2019-01-17v2","purchased_purges":0,"victory":true,"max_hp_per_floor":[70,70,70,70,70,70,80,80,80,80,80,80,80,80,80,80,80,80,80,80,80,80,80,80,80,80,85,85,85,85,85,85,85,85,85,85,85,85,85,85,85,85,85,85,85,85,85,85,85,85,85,85,85,85,85],"card_choices":[{"not_picked":["Dodge and Roll","Acrobatics"],"picked":"Caltrops","floor":1.0},{"not_picked":["Deflect","Catalyst"],"picked":"Cloak And Dagger","floor":3.0},{"not_picked":["Flying Knee","Infinite Blades"],"picked":"PiercingWail","floor":4.0},{"not_picked":["Outmaneuver","Dodge and Roll"],"picked":"Blade Dance","floor":7.0},{"not_picked":["Deadly Poison","Backstab"],"picked":"Leg Sweep","floor":10.0},{"not_picked":["Quick Slash","Deadly Poison"],"picked":"Slice","floor":13.0},{"not_picked":["Expertise","Distraction","Reflex"],"picked":"Acrobatics","floor":14.0},{"not_picked":["Predator","Underhanded Strike","Dagger Spray"],"picked":"Bouncing Flask","floor":18.0},{"not_picked":["Acrobatics","Caltrops+1","Underhanded Strike"],"picked":"Dodge and Roll","floor":20.0},{"not_picked":["Setup","Caltrops","Slice+1"],"picked":"Dodge and Roll+1","floor":22.0},{"not_picked":["Dagger Throw","Escape Plan","Blade Dance"],"picked":"Die Die Die","floor":24.0},{"not_picked":["Dagger Spray","Quick Slash+1","Prepared"],"picked":"Endless Agony","floor":25.0},{"not_picked":["Bullet Time","Outmaneuver","Reflex+1"],"picked":"Deadly Poison","floor":28.0},{"not_picked":["Flying Knee","Dagger Spray","Reflex+1"],"picked":"Dodge and Roll+1","floor":29.0},{"not_picked":["Sucker Punch","Distraction","Dash","Outmaneuver"],"picked":"SKIP","floor":31.0},{"not_picked":["Doppelganger","Unload","Bullet Time"],"picked":"Die Die Die","floor":33.0},{"not_picked":["Flechettes","Dash+1","Prepared+1"],"picked":"Deadly Poison","floor":35.0},{"not_picked":["Quick Slash","Dagger Throw+1","Dagger Spray+1"],"picked":"Poisoned Stab","floor":36.0},{"not_picked":["Flying Knee+1","Riddle With Holes+1","Dagger Throw+1"],"picked":"Calculated Gamble+1","floor":39.0},{"not_picked":["Quick Slash","Blur","Tools of the Trade"],"picked":"Deflect","floor":42.0},{"not_picked":["Well Laid Plans","Eviscerate","Tactician+1"],"picked":"Backflip+1","floor":44.0},{"not_picked":["Sucker Punch+1","Predator+1","Deflect+1"],"picked":"Setup+1","floor":46.0},{"not_picked":["Purity","Deep Breath","Dramatic Entrance"],"picked":"Panache","floor":47.0},{"not_picked":["PanicButton","Jack Of All Trades","Magnetism"],"picked":"Swift Strike","floor":47.0},{"not_picked":["Madness","Bandage Up","Secret Weapon"],"picked":"Swift Strike","floor":47.0},{"not_picked":["Outmaneuver","Escape Plan","Backflip"],"picked":"Concentrate","floor":54.0}],"player_experience":3047212,"relics_obtained":[{"floor":7.0,"key":"Pear"},{"floor":9.0,"key":"The Courier"},{"floor":13.0,"key":"Question Card"},{"floor":24.0,"key":"Bag of Marbles"},{"floor":26.0,"key":"The Specimen"},{"floor":28.0,"key":"Paper Crane"},{"floor":37.0,"key":"Nunchaku"},{"floor":44.0,"key":"Gambling Chip"},{"floor":54.0,"key":"Lantern"}],"event_choices":[{"damage_healed":0.0,"max_hp_gain":0.0,"max_hp_loss":0.0,"gold_gain":0.0,"event_name":"NoteForYourself","player_choice":"Ignored","floor":2.0,"gold_loss":0.0,"damage_taken":0.0},{"damage_healed":0.0,"max_hp_gain":0.0,"max_hp_loss":0.0,"gold_gain":0.0,"event_name":"The Woman in Blue","player_choice":"Bought 2 Potions","floor":8.0,"gold_loss":0.0,"damage_taken":0.0},{"damage_healed":0.0,"max_hp_gain":0.0,"max_hp_loss":0.0,"gold_gain":0.0,"event_name":"Back to Basics","player_choice":"Simplicity","floor":19.0,"gold_loss":0.0,"damage_taken":0.0,"cards_upgraded":["Defend_G","Defend_G","Defend_G","Defend_G","Defend_G","Strike_G","Strike_G","Strike_G","Strike_G","Strike_G"]},{"damage_healed":0.0,"max_hp_gain":5.0,"max_hp_loss":0.0,"gold_gain":0.0,"event_name":"Forgotten Altar","player_choice":"Shed Blood","floor":27.0,"gold_loss":0.0,"damage_taken":20.0},{"damage_healed":0.0,"max_hp_gain":0.0,"max_hp_loss":0.0,"gold_gain":0.0,"event_name":"Mysterious Sphere","player_choice":"Fight","floor":37.0,"gold_loss":0.0,"damage_taken":0.0},{"damage_healed":0.0,"max_hp_gain":0.0,"max_hp_loss":0.0,"gold_gain":0.0,"event_name":"SensoryStone","player_choice":"Memory 3","floor":47.0,"gold_loss":0.0,"damage_taken":10.0},{"damage_healed":0.0,"max_hp_gain":0.0,"max_hp_loss":0.0,"gold_gain":0.0,"event_name":"Winding Halls","player_choice":"Embrace Madness","floor":48.0,"gold_loss":0.0,"damage_taken":11.0,"cards_obtained":["Madness","Madness"]}],"is_beta":false,"boss_relics":[{"not_picked":["Pandora\u0027s Box","White Beast Statue"],"picked":"Fusion Hammer"},{"not_picked":["Empty Cage","Cursed Key"],"picked":"Runic Pyramid"}],"items_purged_floors":[],"is_endless":false,"potions_floor_spawned":[1,7,10,13,14,16,20,22,28,37,42,46],"ascension_level":0}