{"gold_per_floor":[112,187,201,212,26,26,58,58,58,58,72,87,118,137,137,215,215,230,247,227,2,22,55,55,5,5,5,34,48,48,62,62,134,134,151,1150,1169,933,933,933,949,949,949,949,31,50,50,50,50,50,50],"floor_reached":52,"playtime":8446,"items_purged":["Normality","Normality"],"score":2050,"play_id":"51a91e16-8f85-44e7-a4fc-8dc0be01ef50","local_time":"20190121200214","is_ascension_mode":true,"campfire_choices":[{"data":"Apotheosis","floor":6.0,"key":"SMITH"},{"data":"True Grit","floor":8.0,"key":"SMITH"},{"floor":15.0,"key":"REST"},{"data":"Bandage Up","floor":24.0,"key":"SMITH"},{"data":"Body Slam","floor":30.0,"key":"SMITH"},{"data":"Body Slam","floor":32.0,"key":"SMITH"},{"data":"Battle Trance","floor":40.0,"key":"SMITH"},{"floor":47,"key":"REST"},{"floor":49,"key":"REST"}],"neow_cost":"TEN_PERCENT_HP_LOSS","seed_source_timestamp":3076686553389,"circlet_count":0,"master_deck":["AscendersBane","Strike_R","Strike_R","Strike_R","Strike_R","Strike_R","Defend_R","Defend_R","Defend_R","Bash","True Grit+1","Sentinel","Feel No Pain","Apotheosis+1","Sever Soul","Body Slam+1","Body Slam+1","Corruption+1","Battle Trance+1","Dark Embrace","Whirlwind","Disarm","Shrug It Off","Shrug It Off","Warcry+1","Warcry+1","Madness","Madness"],"special_seed":0,"relics":["Burning Blood","Dead Branch","Ornamental Fan","Kunai","Bronze Scales","Cursed Key","Lantern","Matryoshka","White Beast Statue","Oddly Smooth Stone","Pear","Lee\u0027s Waffle","Meat on the Bone"],"potions_floor_usage":[50,51],"damage_taken":[{"damage":2.0,"enemies":"2 Louse","floor":1.0,"turns":5.0},{"damage":0.0,"enemies":"Cultist","floor":3.0,"turns":4.0},{"damage":2.0,"enemies":"Jaw Worm","floor":4.0,"turns":5.0},{"damage":9.0,"enemies":"3 Sentries","floor":7.0,"turns":11.0},{"damage":18.0,"enemies":"Looter","floor":11.0,"turns":3.0},{"damage":6.0,"enemies":"Gremlin Gang","floor":12.0,"turns":6.0},{"damage":32.0,"enemies":"Gremlin Nob","floor":13.0,"turns":4.0},{"damage":4.0,"enemies":"Large Slime","floor":14.0,"turns":3.0},{"damage":1.0,"enemies":"Slime Boss","floor":16.0,"turns":4.0},{"damage":19.0,"enemies":"2 Thieves","floor":18.0,"turns":3.0},{"damage":0.0,"enemies":"Chosen","floor":19.0,"turns":4.0},{"damage":6.0,"enemies":"Centurion and Healer","floor":22.0,"turns":4.0},{"damage":8.0,"enemies":"Slavers","floor":23.0,"turns":4.0},{"damage":10.0,"enemies":"Book of Stabbing","floor":28.0,"turns":3.0},{"damage":0.0,"enemies":"3 Cultists","floor":29.0,"turns":3.0},{"damage":14.0,"enemies":"Snake Plant","floor":31.0,"turns":3.0},{"damage":0.0,"enemies":"Automaton","floor":33.0,"turns":5.0},{"damage":12.0,"enemies":"3 Darklings","floor":35.0,"turns":4.0},{"damage":0.0,"enemies":"Orb Walker","floor":37.0,"turns":3.0},{"damage":27.0,"enemies":"Maw","floor":41.0,"turns":7.0},{"damage":17,"enemies":"Spire Growth","floor":46,"turns":4},{"damage":78,"enemies":"Awakened One","floor":50,"turns":7},{"damage":24,"enemies":"Donu and Deca","floor":51,"turns":5}],"seed_played":"3536485303832931835","potions_obtained":[{"floor":11.0,"key":"BloodPotion"},{"floor":12.0,"key":"SteroidPotion"},{"floor":13.0,"key":"Regen Potion"},{"floor":14.0,"key":"Explosive Potion"},{"floor":20.0,"key":"AttackPotion"},{"floor":22.0,"key":"Strength Potion"},{"floor":23.0,"key":"Explosive Potion"},{"floor":35.0,"key":"Poison Potion"},{"floor":41.0,"key":"EssenceOfSteel"}],"is_trial":false,"path_per_floor":["M","?","M","M","$","R","E","R","T","?","M","M","E","M","R","B",null,"M","M","?","$","M","E","R","$","T","?","E","M","R","M","R","B",null,"M","?","M","$","?","R","M","?","T","?","$","M","R","?","R","B","B",null],"character_chosen":"IRONCLAD","items_purchased":["Apotheosis","Bandage Up","Disarm","Shrug It Off","Warcry","Oddly Smooth Stone","Pear","Lee\u0027s Waffle","Meat on the Bone","Energy Potion"],"campfire_rested":3,"item_purchase_floors":[5,21,21,21,25,38,45,45,45,45],"current_hp_per_floor":[68,57,63,67,67,67,64,64,64,64,52,52,26,37,57,62,67,54,60,60,60,66,68,68,68,68,68,68,68,68,66,66,68,68,68,68,68,68,68,68,53,53,53,53,85,74,85,70,85,25,19],"gold":50,"neow_bonus":"ONE_RARE_RELIC","is_prod":false,"is_daily":false,"chose_seed":false,"campfire_upgraded":6,"win_rate":0,"timestamp":1548118934,"path_taken":["M","?","M","M","$","R","E","R","T","?","M","?","E","?","R","BOSS","M","?","?","$","M","E","R","?","T","?","E","?","R","M","R","BOSS","M","?","M","$","?","R","?","?","T","?","$","M","R","?","R","BOSS","BOSS"],"build_version":"2019-01-17v2","purchased_purges":2,"victory":true,"max_hp_per_floor":[68,68,68,68,68,68,68,68,68,68,68,68,68,68,68,68,68,68,68,68,68,68,68,68,68,68,68,68,68,68,68,68,68,68,68,68,68,68,68,68,68,68,68,68,85,85,85,85,85,85,85],"card_choices":[{"not_picked":["Flex","Battle Trance"],"picked":"True Grit","floor":1.0},{"not_picked":["True Grit","Perfected Strike"],"picked":"Sentinel","floor":3.0},{"not_picked":["Body Slam","Perfected Strike"],"picked":"Feel No Pain","floor":4.0},{"not_picked":["Whirlwind","Shrug It Off"],"picked":"Sever Soul","floor":7.0},{"not_picked":["Ghostly Armor","Hemokinesis"],"picked":"Body Slam","floor":11.0},{"not_picked":["Searing Blow","Spot Weakness"],"picked":"Body Slam","floor":12.0},{"not_picked":["Searing Blow","Demon Form"],"picked":"Corruption","floor":13.0},{"not_picked":["Pommel Strike","Ghostly Armor"],"picked":"Battle Trance","floor":14.0},{"not_picked":["Bludgeon","Juggernaut"],"picked":"Dark Embrace","floor":16.0},{"not_picked":["Armaments","Thunderclap","Iron Wave"],"picked":"SKIP","floor":18.0},{"not_picked":["Shrug It Off","Second Wind"],"picked":"Whirlwind","floor":19.0},{"not_picked":["Flex","Spot Weakness+1"],"picked":"Shrug It Off","floor":22.0},{"not_picked":["Battle Trance","Headbutt","Metallicize"],"picked":"SKIP","floor":23.0},{"not_picked":["Wild Strike","Rage","Havoc"],"picked":"SKIP","floor":28.0},{"not_picked":["Juggernaut","Iron Wave","Uppercut"],"picked":"SKIP","floor":29.0},{"not_picked":["Cleave+1","Sword Boomerang+1","Shrug It Off"],"picked":"SKIP","floor":31.0},{"not_picked":["Dropkick","Anger"],"picked":"Warcry+1","floor":35.0},{"not_picked":["Headbutt+1","Warcry","Uppercut"],"picked":"SKIP","floor":37.0},{"not_picked":["Spot Weakness","Uppercut","Intimidate"],"picked":"SKIP","floor":41.0},{"not_picked":["Warcry","Headbutt","Cleave"],"picked":"SKIP","floor":46}],"player_experience":3007343,"relics_obtained":[{"floor":7.0,"key":"Ornamental Fan"},{"floor":9.0,"key":"Kunai"},{"floor":13.0,"key":"Bronze Scales"},{"floor":23.0,"key":"Lantern"},{"floor":28.0,"key":"Matryoshka"}],"event_choices":[{"damage_healed":0.0,"max_hp_gain":0.0,"max_hp_loss":0.0,"gold_gain":75.0,"event_name":"World of Goop","player_choice":"Gather Gold","floor":2.0,"gold_loss":0.0,"damage_taken":11.0},{"cards_removed":["Defend_R"],"damage_healed":0.0,"max_hp_gain":0.0,"max_hp_loss":0.0,"gold_gain":0.0,"event_name":"Bonfire Elementals","player_choice":"Offered Basic","floor":10.0,"gold_loss":0.0,"damage_taken":0.0},{"damage_healed":0.0,"max_hp_gain":0.0,"max_hp_loss":0.0,"gold_gain":0.0,"event_name":"The Woman in Blue","player_choice":"Bought 1 Potion","floor":20.0,"gold_loss":0.0,"damage_taken":0.0},{"damage_healed":0.0,"max_hp_gain":0.0,"max_hp_loss":0.0,"gold_gain":0.0,"event_name":"Accursed Blacksmith","player_choice":"Forge","floor":27.0,"gold_loss":0.0,"damage_taken":0.0,"cards_upgraded":["Corruption"]},{"damage_healed":0.0,"max_hp_gain":0.0,"max_hp_loss":0.0,"gold_gain":999.0,"event_name":"MindBloom","player_choice":"Gold","floor":36.0,"gold_loss":0.0,"damage_taken":0.0,"cards_obtained":["Normality","Normality"]},{"damage_healed":0.0,"max_hp_gain":0.0,"max_hp_loss":0.0,"gold_gain":0.0,"event_name":"Upgrade Shrine","player_choice":"Upgraded","floor":39.0,"gold_loss":0.0,"damage_taken":0.0,"cards_upgraded":["Warcry"]},{"damage_healed":0.0,"max_hp_gain":0.0,"max_hp_loss":0.0,"gold_gain":0.0,"event_name":"Tomb of Lord Red Mask","player_choice":"Ignored","floor":42.0,"gold_loss":0.0,"damage_taken":0.0},{"cards_removed":["Bandage Up"],"damage_healed":0,"gold_gain":0,"player_choice":"Removed Skill","damage_taken":0,"max_hp_gain":0,"max_hp_loss":0,"event_name":"Falling","floor":44,"gold_loss":0},{"damage_healed":0,"gold_gain":0,"player_choice":"Embrace Madness","damage_taken":15,"max_hp_gain":0,"max_hp_loss":0,"event_name":"Winding Halls","floor":48,"gold_loss":0,"cards_obtained":["Madness","Madness"]}],"is_beta":false,"boss_relics":[{"not_picked":["Velvet Choker","Black Blood"],"picked":"Cursed Key"},{"not_picked":["Coffee Dripper","Orrery"],"picked":"White Beast Statue"}],"items_purged_floors":[38,45],"is_endless":false,"potions_floor_spawned":[11,12,13,14,22,23,28,35,37,41,46],"ascension_level":20}