{"gold_per_floor":[211,34,34,54,0,0,29,29,75,75,104,118,188,207,207,280,280,300,300,110,129,179,179,205,218,218,218,228,228,278,297,297,375,375,392,404,2,0,16,16],"floor_reached":40,"playtime":1492,"items_purged":["Strike_B","Dualcast"],"score":828,"play_id":"5b9128a9-5b0d-4bb3-b50b-c03ddb3c8d19","local_time":"20190325005228","is_ascension_mode":true,"campfire_choices":[{"floor":6,"key":"REST"},{"data":"Biased Cognition","floor":8,"key":"SMITH"},{"data":"Hologram","floor":10,"key":"SMITH"},{"floor":15,"key":"REST"},{"data":"Defragment","floor":23,"key":"SMITH"},{"data":"Loop","floor":29,"key":"SMITH"},{"floor":32,"key":"REST"}],"neow_cost":"NONE","seed_source_timestamp":393793931396823,"circlet_count":0,"master_deck":["AscendersBane","Strike_B+1","Strike_B+1","Strike_B+1","Defend_B+1","Defend_B+1","Defend_B+1","Defend_B+1","Zap","Sunder+1","Biased Cognition+1","Gash","Hologram+1","Go for the Eyes","Glacier","Self Repair+1","Hologram","Electrodynamics","Defragment+1","Conserve Battery","Loop+1","White Noise","Auto Shields","Creative AI","Streamline+1","Gash","Stack+1","Conserve Battery","FTL","Chill+1","Capacitor","Parasite"],"relics":["Cracked Core","Torii","Lantern","Oddly Smooth Stone","Inserter","Strawberry","Sundial","Orrery","Pen Nib","Red Mask"],"potions_floor_usage":[7,7,33,39,39],"damage_taken":[{"damage":8,"enemies":"2 Louse","floor":1,"turns":3},{"damage":3,"enemies":"Small Slimes","floor":4,"turns":2},{"damage":7,"enemies":"Gremlin Nob","floor":7,"turns":3},{"damage":25,"enemies":"Lagavulin","floor":11,"turns":5},{"damage":6,"enemies":"Jaw Worm","floor":12,"turns":2},{"damage":1,"enemies":"Lots of Slimes","floor":14,"turns":4},{"damage":30,"enemies":"Hexaghost","floor":16,"turns":11},{"damage":1,"enemies":"Spheric Guardian","floor":18,"turns":4},{"damage":22,"enemies":"Shell Parasite","floor":21,"turns":7},{"damage":25,"enemies":"Gremlin Leader","floor":24,"turns":6},{"damage":24,"enemies":"Snake Plant","floor":25,"turns":5},{"damage":19,"enemies":"Shelled Parasite and Fungi","floor":28,"turns":6},{"damage":1,"enemies":"3 Cultists","floor":31,"turns":4},{"damage":52,"enemies":"Collector","floor":33,"turns":12},{"damage":50,"enemies":"3 Darklings","floor":35,"turns":6},{"damage":22,"enemies":"Orb Walker","floor":36,"turns":5},{"damage":7,"enemies":"Writhing Mass","floor":39,"turns":10},{"damage":37,"enemies":"Reptomancer","floor":40,"turns":2}],"seed_played":"193867400314262774","potions_obtained":[{"floor":1,"key":"AttackPotion"},{"floor":4,"key":"EssenceOfSteel"},{"floor":11,"key":"FairyPotion"},{"floor":28,"key":"SteroidPotion"},{"floor":35,"key":"Explosive Potion"}],"is_trial":false,"path_per_floor":["M","$","?","M","$","R","E","R","T","R","E","M","?","M","R","B",null,"M","?","$","M","?","R","E","M","T","?","M","R","?","M","R","B",null,"M","M","$","?","M","E"],"character_chosen":"DEFECT","items_purchased":["Biased Cognition","Hologram","Defragment","Conserve Battery","Capacitor","Pen Nib","SkillPotion"],"campfire_rested":3,"item_purchase_floors":[2,5,20,20,37,37,37],"current_hp_per_floor":[56,56,35,32,32,53,46,46,46,46,21,15,15,21,42,19,58,64,64,64,52,52,52,44,20,20,20,11,11,11,20,43,17,63,23,11,11,11,14,0],"gold":16,"neow_bonus":"HUNDRED_GOLD","is_prod":false,"is_daily":false,"chose_seed":false,"campfire_upgraded":4,"win_rate":0,"timestamp":1553471548,"path_taken":["M","$","?","M","$","R","E","R","T","R","E","M","?","M","R","BOSS","M","?","$","?","?","R","E","?","T","?","M","R","?","M","R","BOSS","M","M","$","?","M","E"],"build_version":"2019-01-23","purchased_purges":2,"victory":false,"max_hp_per_floor":[71,71,71,71,71,71,71,71,71,71,71,71,71,71,71,71,71,71,71,71,71,71,71,78,78,78,78,78,78,78,78,78,78,78,78,78,78,78,78,78],"card_choices":[{"not_picked":["Recycle","Chaos"],"picked":"Sunder","floor":1},{"not_picked":["Stack","Conserve Battery"],"picked":"Gash","floor":4},{"not_picked":["Ball Lightning","Turbo"],"picked":"Go for the Eyes","floor":7},{"not_picked":["Hologram","Ball Lightning"],"picked":"Glacier","floor":11},{"not_picked":["Steam","Go for the Eyes"],"picked":"Self Repair","floor":12},{"not_picked":["Cold Snap","Steam"],"picked":"Hologram","floor":14},{"not_picked":["Amplify","Reboot"],"picked":"Electrodynamics","floor":16},{"not_picked":["Compile Driver","Steam","Rebound"],"picked":"SKIP","floor":18},{"not_picked":["Heatsinks","Compile Driver","Undo"],"picked":"SKIP","floor":21},{"not_picked":["Leap","Stack"],"picked":"Loop","floor":24},{"not_picked":["Ball Lightning","Turbo","Sweeping Beam"],"picked":"SKIP","floor":25},{"not_picked":["Double Energy","Skim"],"picked":"White Noise","floor":28},{"not_picked":["Steam Power+1","Amplify"],"picked":"Auto Shields","floor":31},{"not_picked":["Multi-Cast","Fission"],"picked":"Creative AI","floor":33},{"not_picked":["Rebound","Steam"],"picked":"Streamline+1","floor":34},{"not_picked":["Fusion+1","Hologram"],"picked":"Gash","floor":34},{"not_picked":["Rebound","Coolheaded"],"picked":"Stack+1","floor":34},{"not_picked":["Sunder","Sweeping Beam"],"picked":"Conserve Battery","floor":34},{"not_picked":["Auto Shields","Darkness"],"picked":"FTL","floor":35},{"not_picked":["Barrage","Sweeping Beam"],"picked":"Chill+1","floor":36},{"not_picked":["FTL","Sweeping Beam+1","Force Field"],"picked":"SKIP","floor":39}],"player_experience":1108489,"relics_obtained":[{"floor":7,"key":"Torii"},{"floor":9,"key":"Lantern"},{"floor":11,"key":"Oddly Smooth Stone"},{"floor":24,"key":"Strawberry"},{"floor":26,"key":"Sundial"}],"event_choices":[{"damage_healed":0,"gold_gain":0,"player_choice":"Entered Light","damage_taken":21,"max_hp_gain":0,"max_hp_loss":0,"event_name":"Shining Light","floor":3,"gold_loss":0,"cards_upgraded":["Sunder","Defend_B"]},{"damage_healed":0,"gold_gain":70,"player_choice":"Gained Gold","damage_taken":0,"max_hp_gain":0,"max_hp_loss":0,"event_name":"Golden Wing","floor":13,"gold_loss":0},{"damage_healed":0,"gold_gain":0,"player_choice":"Forge","damage_taken":0,"max_hp_gain":0,"max_hp_loss":0,"event_name":"Accursed Blacksmith","floor":19,"gold_loss":0,"cards_upgraded":["Self Repair"]},{"damage_healed":0,"gold_gain":50,"player_choice":"Pray","damage_taken":0,"max_hp_gain":0,"max_hp_loss":0,"event_name":"Golden Shrine","floor":22,"gold_loss":0},{"damage_healed":0,"gold_gain":0,"player_choice":"Simplicity","damage_taken":0,"max_hp_gain":0,"max_hp_loss":0,"event_name":"Back to Basics","floor":27,"gold_loss":0,"cards_upgraded":["Strike_B","Strike_B","Strike_B","Defend_B","Defend_B","Defend_B"]},{"damage_healed":0,"gold_gain":50,"player_choice":"Stole From Cult","damage_taken":0,"max_hp_gain":0,"max_hp_loss":0,"event_name":"Nest","floor":30,"gold_loss":0},{"damage_healed":0,"gold_gain":0,"player_choice":"Paid","damage_taken":0,"relics_obtained":["Red Mask"],"max_hp_gain":0,"max_hp_loss":0,"event_name":"Tomb of Lord Red Mask","floor":38,"gold_loss":2}],"is_beta":false,"boss_relics":[{"not_picked":["Empty Cage","Coffee Dripper"],"picked":"Inserter"},{"not_picked":["Tiny House","Nuclear Battery"],"picked":"Orrery"}],"items_purged_floors":[20,37],"is_endless":false,"potions_floor_spawned":[1,4,11,28,35],"killed_by":"Reptomancer","ascension_level":20}