{"gold_per_floor":[118,131,131,151,151,151,170,200,200,200,72,72,24,87,87,87],"floor_reached":16,"playtime":1149,"items_purged":["Strike_G"],"score":98,"play_id":"56c0054f-fcc4-4d42-a791-3db4d5765acd","local_time":"20190201124145","is_ascension_mode":false,"campfire_choices":[{"data":"Neutralize","floor":6,"key":"SMITH"},{"floor":15,"key":"REST"}],"neow_cost":"PERCENT_DAMAGE","seed_source_timestamp":7250967751379,"circlet_count":0,"master_deck":["Defend_G","Defend_G","Defend_G","Defend_G","Strike_G","Strike_G","Strike_G","Survivor+1","Neutralize+1","Flying Knee+1","Catalyst","Flying Knee+1","Bane+1"],"relics":["Ring of the Snake","Pear","Molten Egg 2","Prayer Wheel","Tiny Chest"],"potions_floor_usage":[14,14,16],"damage_taken":[{"damage":0,"enemies":"Small Slimes","floor":1,"turns":5},{"damage":0,"enemies":"Cultist","floor":2,"turns":4},{"damage":9,"enemies":"Jaw Worm","floor":4,"turns":5},{"damage":2,"enemies":"2 Fungi Beasts","floor":7,"turns":3},{"damage":17,"enemies":"Gremlin Nob","floor":14,"turns":4},{"damage":41,"enemies":"Slime Boss","floor":16,"turns":13}],"seed_played":"6296272125835756042","potions_obtained":[{"floor":1,"key":"GamblersBrew"},{"floor":4,"key":"PowerPotion"}],"is_trial":false,"path_per_floor":["M","M","?","M","?","R","M","?","T","T","$","?","$","E","R","B"],"character_chosen":"THE_SILENT","items_purchased":["Flying Knee+1","Explosive Potion"],"campfire_rested":1,"item_purchase_floors":[11,13],"current_hp_per_floor":[49,49,49,40,26,26,24,24,34,34,34,34,34,17,41,0],"gold":87,"neow_bonus":"REMOVE_TWO","is_prod":false,"is_daily":false,"chose_seed":false,"campfire_upgraded":1,"win_rate":0.0,"timestamp":1549042905,"path_taken":["M","M","?","?","?","R","M","?","T","?","$","?","$","E","R","BOSS"],"build_version":"2019-01-23","purchased_purges":1,"victory":false,"max_hp_per_floor":[70,70,70,70,70,70,70,70,80,80,80,80,80,80,80,80],"card_choices":[{"not_picked":["Reflex","Backflip","Acrobatics"],"picked":"SKIP","floor":1},{"not_picked":["Flechettes","Outmaneuver","Cloak And Dagger"],"picked":"SKIP","floor":2},{"not_picked":["Leg Sweep","Prepared"],"picked":"Flying Knee","floor":4},{"not_picked":["Dodge and Roll","Outmaneuver"],"picked":"Catalyst","floor":7},{"not_picked":["Accuracy","Eviscerate+1"],"picked":"Bane+1","floor":14}],"player_experience":39913,"relics_obtained":[{"floor":9,"key":"Pear"},{"floor":10,"key":"Molten Egg 2"},{"floor":12,"key":"Prayer Wheel"},{"floor":14,"key":"Tiny Chest"}],"event_choices":[{"damage_healed":0,"gold_gain":0,"player_choice":"Ignored","damage_taken":0,"max_hp_gain":0,"max_hp_loss":0,"event_name":"NoteForYourself","floor":3,"gold_loss":0},{"damage_healed":0,"gold_gain":0,"player_choice":"Entered Light","damage_taken":14,"max_hp_gain":0,"max_hp_loss":0,"event_name":"Shining Light","floor":5,"gold_loss":0,"cards_upgraded":["Flying Knee","Survivor"]},{"damage_healed":0,"gold_gain":30,"player_choice":"Searched \u00272\u0027 times","damage_taken":0,"max_hp_gain":0,"max_hp_loss":0,"event_name":"Dead Adventurer","floor":8,"gold_loss":0},{"damage_healed":0,"gold_gain":0,"player_choice":"Relic","damage_taken":0,"max_hp_gain":0,"max_hp_loss":0,"event_name":"Wheel of Change","floor":12,"gold_loss":0}],"is_beta":false,"boss_relics":[],"items_purged_floors":[11],"is_endless":false,"potions_floor_spawned":[1,4],"killed_by":"Slime Boss","ascension_level":0}