{"gold_per_floor":[16,27,302,14,29,55,55,66,66,78,78,43,0,0,0,76,76,95,95,7,7,24,24,42,42,42,42,42,62,62,82,82,82],"floor_reached":33,"playtime":2854,"items_purged":["Regret"],"score":490,"play_id":"b6bde724-e3ce-4f58-99e7-7c93a4aae427","local_time":"20190121015108","is_ascension_mode":true,"campfire_choices":[{"data":"Magnetism","floor":7.0,"key":"SMITH"},{"floor":11.0,"key":"REST"},{"data":"Uppercut","floor":15.0,"key":"SMITH"},{"floor":23.0,"key":"REST"},{"floor":28.0,"key":"REST"},{"floor":32,"key":"REST"}],"neow_cost":"NO_GOLD","seed_source_timestamp":871494667713,"circlet_count":0,"master_deck":["AscendersBane","Strike_R","Strike_R","Strike_R","Strike_R","Strike_R","Defend_R","Defend_R","Defend_R","Defend_R","Bash","Sadistic Nature","Magnetism+1","Twin Strike","Thunderclap","Uppercut+1","Shrug It Off","Whirlwind","Flame Barrier","Pommel Strike","Parasite","Limit Break","Feed","Shockwave","Uppercut","Decay","Demon Form"],"special_seed":0,"relics":["Burning Blood","Letter Opener","Singing Bowl","Snecko Eye","Nunchaku"],"potions_floor_usage":[31,33,33],"damage_taken":[{"damage":6.0,"enemies":"Cultist","floor":1.0,"turns":3.0},{"damage":10.0,"enemies":"Small Slimes","floor":2.0,"turns":3.0},{"damage":9.0,"enemies":"Jaw Worm","floor":5.0,"turns":5.0},{"damage":32.0,"enemies":"Gremlin Nob","floor":6.0,"turns":4.0},{"damage":25.0,"enemies":"Large Slime","floor":8.0,"turns":6.0},{"damage":12.0,"enemies":"2 Fungi Beasts","floor":10.0,"turns":3.0},{"damage":42.0,"enemies":"The Guardian","floor":16.0,"turns":13.0},{"damage":37.0,"enemies":"Spheric Guardian","floor":18.0,"turns":6.0},{"damage":20.0,"enemies":"Colosseum Slavers","floor":19.0,"turns":4.0},{"damage":21.0,"enemies":"Shell Parasite","floor":22.0,"turns":6.0},{"damage":44.0,"enemies":"Shelled Parasite and Fungi","floor":24.0,"turns":6.0},{"damage":0.0,"enemies":"Snecko","floor":29.0,"turns":3.0},{"damage":10,"enemies":"Sentry and Sphere","floor":31,"turns":5},{"damage":65,"enemies":"Automaton","floor":33,"turns":8}],"seed_played":"1218323106748103545","potions_obtained":[{"floor":5.0,"key":"LiquidBronze"},{"floor":8.0,"key":"SkillPotion"},{"floor":10.0,"key":"Weak Potion"},{"floor":18.0,"key":"Poison Potion"},{"floor":24.0,"key":"Block Potion"},{"floor":31,"key":"Block Potion"}],"is_trial":false,"path_per_floor":["M","M","?","$","M","E","R","M","T","M","R","?","?","?","R","B",null,"M","?","$","?","M","R","M","?","T","$","R","M","$","M","R","B"],"character_chosen":"IRONCLAD","items_purchased":["Uppercut","Shrug It Off","Whirlwind","Feed"],"campfire_rested":4,"item_purchase_floors":[4,4,4,20],"current_hp_per_floor":[68,64,64,64,61,35,35,16,16,10,32,50,50,68,68,32,64,35,21,21,36,21,44,9,9,9,9,33,39,39,40,65,0],"gold":82,"neow_bonus":"RANDOM_COLORLESS_2","is_prod":false,"is_daily":false,"chose_seed":false,"campfire_upgraded":2,"win_rate":0,"timestamp":1548053468,"path_taken":["M","?","?","$","?","E","R","M","T","?","R","?","?","?","R","BOSS","M","?","$","?","M","R","M","?","T","$","R","M","$","M","R","BOSS"],"build_version":"2019-01-17v2","purchased_purges":1,"victory":false,"max_hp_per_floor":[75,75,75,75,75,75,75,75,75,75,75,75,75,75,75,75,75,77,77,77,77,77,77,80,80,80,80,80,80,80,85,85,85],"card_choices":[{"not_picked":["Havoc","Iron Wave"],"picked":"Twin Strike","floor":1.0},{"not_picked":["Body Slam","Armaments"],"picked":"Thunderclap","floor":2.0},{"not_picked":["Immolate","Reckless Charge","Wild Strike"],"picked":"SKIP","floor":5.0},{"not_picked":["Sever Soul","Flex","Anger"],"picked":"SKIP","floor":6.0},{"not_picked":["Feel No Pain","Sentinel"],"picked":"Flame Barrier","floor":8.0},{"not_picked":["Rage","Twin Strike"],"picked":"Pommel Strike","floor":10.0},{"not_picked":["Demon Form","Dark Embrace"],"picked":"Limit Break","floor":16.0},{"not_picked":["Rupture","Ghostly Armor+1","Dropkick"],"picked":"Singing Bowl","floor":18.0},{"not_picked":["Sword Boomerang","Bloodletting"],"picked":"Shockwave","floor":22.0},{"not_picked":["Searing Blow","Headbutt"],"picked":"Uppercut","floor":24.0},{"not_picked":["Sword Boomerang","Wild Strike"],"picked":"Demon Form","floor":29.0},{"not_picked":["Armaments","Headbutt","Twin Strike"],"picked":"Singing Bowl","floor":31}],"player_experience":3004489,"relics_obtained":[{"floor":6.0,"key":"Letter Opener"},{"floor":9.0,"key":"Singing Bowl"},{"floor":26.0,"key":"Nunchaku"}],"event_choices":[{"damage_healed":0.0,"max_hp_gain":0.0,"max_hp_loss":0.0,"gold_gain":275.0,"event_name":"Golden Shrine","player_choice":"Desecrate","floor":3.0,"gold_loss":0.0,"damage_taken":0.0,"cards_obtained":["Regret"]},{"damage_healed":18.0,"max_hp_gain":0.0,"max_hp_loss":0.0,"gold_gain":0.0,"event_name":"The Cleric","player_choice":"Healed","floor":12.0,"gold_loss":35.0,"damage_taken":0.0},{"damage_healed":0.0,"max_hp_gain":0.0,"max_hp_loss":0.0,"gold_gain":0.0,"event_name":"World of Goop","player_choice":"Left Gold","floor":13.0,"gold_loss":43.0,"damage_taken":0.0},{"damage_healed":18.0,"max_hp_gain":0.0,"max_hp_loss":0.0,"gold_gain":0.0,"event_name":"Mushrooms","player_choice":"Healed and dodged fight","floor":14.0,"gold_loss":0.0,"damage_taken":0.0,"cards_obtained":["Parasite"]},{"damage_healed":0.0,"max_hp_gain":0.0,"max_hp_loss":0.0,"gold_gain":0.0,"event_name":"Colosseum","player_choice":"Fight","floor":19.0,"gold_loss":0.0,"damage_taken":0.0},{"damage_healed":0.0,"max_hp_gain":0.0,"max_hp_loss":0.0,"gold_gain":0.0,"event_name":"Colosseum","player_choice":"Fled From Nobs","floor":19.0,"gold_loss":0.0,"damage_taken":0.0},{"damage_healed":15.0,"max_hp_gain":0.0,"max_hp_loss":0.0,"gold_gain":0.0,"event_name":"The Library","player_choice":"Heal","floor":21.0,"gold_loss":0.0,"damage_taken":0.0},{"damage_healed":0.0,"max_hp_gain":0.0,"max_hp_loss":0.0,"gold_gain":0.0,"event_name":"Forgotten Altar","player_choice":"Smashed Altar","floor":25.0,"gold_loss":0.0,"damage_taken":0.0,"cards_obtained":["Decay"]}],"is_beta":false,"boss_relics":[{"not_picked":["Cursed Key","Astrolabe"],"picked":"Snecko Eye"}],"items_purged_floors":[4],"is_endless":false,"potions_floor_spawned":[5,8,10,18,24,31],"killed_by":"Automaton","ascension_level":20}