{"gold_per_floor":[119,132,132,150,169,203,203,203,203,12,12,37,53,97,97,217,217,242,142,158,172,195,226,226,247,247,247,266,341,341,359,359,479,479,493,513,513,513,846,875,875,875,955,757,769,393,393],"floor_reached":47,"playtime":3010,"items_purged":["Strike_G","Strike_G","Strike_G","Strike_G"],"score":512,"play_id":"1745c4ac-6330-4848-9a74-b6c96b342376","local_time":"20190317125000","is_ascension_mode":false,"campfire_choices":[{"data":"Neutralize","floor":7,"key":"SMITH"},{"data":"Cloak And Dagger","floor":11,"key":"SMITH"},{"data":"Cloak And Dagger","floor":15,"key":"SMITH"},{"data":"Dagger Spray","floor":24,"key":"SMITH"},{"data":"Accuracy","floor":27,"key":"SMITH"},{"floor":30,"key":"REST"},{"data":"Accuracy","floor":32,"key":"SMITH"},{"data":"Accuracy","floor":41,"key":"SMITH"}],"neow_cost":"NONE","seed_source_timestamp":1877122544000,"circlet_count":0,"master_deck":["Defend_G","Defend_G","Defend_G","Defend_G","Defend_G","Strike_G","Survivor","Neutralize+1","Terror","Backstab","Accuracy+1","Accuracy+1","Cloak And Dagger+1","Flying Knee","Cloak And Dagger+1","Dagger Spray+1","Malaise+1","Accuracy+1","Terror+1","Cloak And Dagger+1","Catalyst","Malaise","Catalyst+1","Backstab+1","Parasite","Catalyst+1","Footwork"],"relics":["Ring of the Snake","Strawberry","Pantograph","Pen Nib","Unceasing Top","Velvet Choker","Boot","White Beast Statue","Shuriken","Vajra","Gremlin Horn","PreservedInsect"],"potions_floor_usage":[6,33,33,40],"damage_taken":[{"damage":0,"enemies":"Small Slimes","floor":1,"turns":4},{"damage":0,"enemies":"2 Louse","floor":2,"turns":4},{"damage":0,"enemies":"Cultist","floor":4,"turns":3},{"damage":6,"enemies":"Exordium Thugs","floor":5,"turns":6},{"damage":8,"enemies":"Gremlin Nob","floor":6,"turns":4},{"damage":0,"enemies":"2 Fungi Beasts","floor":12,"turns":3},{"damage":0,"enemies":"3 Louse","floor":13,"turns":2},{"damage":14,"enemies":"3 Sentries","floor":14,"turns":7},{"damage":27,"enemies":"The Guardian","floor":16,"turns":9},{"damage":10,"enemies":"2 Thieves","floor":18,"turns":4},{"damage":9,"enemies":"Shell Parasite","floor":20,"turns":5},{"damage":7,"enemies":"3 Cultists","floor":21,"turns":5},{"damage":11,"enemies":"Cultist and Chosen","floor":22,"turns":6},{"damage":8,"enemies":"Book of Stabbing","floor":23,"turns":5},{"damage":7,"enemies":"Snecko","floor":25,"turns":4},{"damage":7,"enemies":"Snake Plant","floor":28,"turns":3},{"damage":13,"enemies":"Shelled Parasite and Fungi","floor":31,"turns":4},{"damage":44,"enemies":"Collector","floor":33,"turns":7},{"damage":15,"enemies":"3 Darklings","floor":35,"turns":7},{"damage":3,"enemies":"Orb Walker","floor":36,"turns":3},{"damage":16,"enemies":"Nemesis","floor":40,"turns":5},{"damage":31,"enemies":"Writhing Mass","floor":45,"turns":5},{"damage":25,"enemies":"Spire Growth","floor":47,"turns":3}],"seed_played":"26747844291049221","potions_obtained":[{"floor":2,"key":"SkillPotion"},{"floor":5,"key":"Block Potion"},{"floor":12,"key":"LiquidBronze"},{"floor":14,"key":"Energy Potion"},{"floor":16,"key":"AttackPotion"},{"floor":21,"key":"GhostInAJar"},{"floor":33,"key":"FearPotion"},{"floor":35,"key":"FearPotion"},{"floor":36,"key":"AttackPotion"},{"floor":40,"key":"Poison Potion"}],"is_trial":false,"path_per_floor":["?","?","?","M","?","T","?","?","M"],"character_chosen":"THE_SILENT","items_purchased":["Accuracy","Cloak And Dagger","LiquidBronze","PreservedInsect","Footwork"],"campfire_rested":1,"item_purchase_floors":[10,10,44,46,46],"current_hp_per_floor":[77,77,58,58,52,51,51,44,44,44,44,44,44,30,30,28,84,74,74,65,58,47,39,39,32,32,32,25,17,42,29,29,10,84,69,66,66,66,66,50,50,50,50,50,19,19,0],"gold":393,"neow_bonus":"TEN_PERCENT_HP_BONUS","is_prod":false,"is_daily":false,"chose_seed":false,"campfire_upgraded":7,"win_rate":0,"timestamp":1552841400,"path_taken":["M","M","?","M","M","E","R","?","T","$","R","M","M","E","R","BOSS","M","$","M","M","M","E","R","M","T","R","M","?","R","?","R","BOSS","M","M","?","?","?","E","R","?","T","$","M","$","?"],"build_version":"2019-01-23","purchased_purges":4,"victory":false,"max_hp_per_floor":[77,77,77,77,77,84,84,84,84,84,84,84,84,84,84,84,84,84,84,84,84,84,84,84,84,84,84,84,84,84,84,84,84,84,84,84,80,80,80,80,80,80,80,80,80,80,80],"card_choices":[{"not_picked":["Sucker Punch","Expertise"],"picked":"Terror","floor":1},{"not_picked":["Acrobatics","Prepared"],"picked":"Backstab","floor":2},{"not_picked":["Flechettes","Riddle With Holes"],"picked":"Accuracy","floor":4},{"not_picked":["Escape Plan","Heel Hook","Concentrate"],"picked":"SKIP","floor":5},{"not_picked":["Underhanded Strike","Distraction","Bane"],"picked":"SKIP","floor":6},{"not_picked":["Slice","Tactician"],"picked":"Flying Knee","floor":12},{"not_picked":["Crippling Poison","Flechettes"],"picked":"Cloak And Dagger","floor":13},{"not_picked":["Slice","Sucker Punch"],"picked":"Dagger Spray","floor":14},{"not_picked":["Adrenaline","Envenom"],"picked":"Malaise","floor":16},{"not_picked":["Dodge and Roll","Sucker Punch"],"picked":"Accuracy","floor":18},{"not_picked":["Poisoned Stab","Slice+1","Tactician"],"picked":"SKIP","floor":20},{"not_picked":["Dodge and Roll+1","Endless Agony"],"picked":"Terror+1","floor":21},{"not_picked":["Flying Knee","Endless Agony","Flechettes"],"picked":"SKIP","floor":22},{"not_picked":["Outmaneuver","Riddle With Holes","Expertise"],"picked":"SKIP","floor":23},{"not_picked":["Crippling Poison+1","Finisher"],"picked":"Cloak And Dagger+1","floor":25},{"not_picked":["Acrobatics+1","Tactician"],"picked":"Catalyst","floor":28},{"not_picked":["Deflect","Flying Knee+1","Sucker Punch"],"picked":"SKIP","floor":31},{"not_picked":["Tools of the Trade","Doppelganger"],"picked":"Malaise","floor":33},{"not_picked":["Backflip+1","Tactician+1"],"picked":"Catalyst+1","floor":35},{"not_picked":["Quick Slash","Cloak And Dagger+1","Acrobatics+1"],"picked":"SKIP","floor":36},{"not_picked":["Unload","Leg Sweep+1"],"picked":"Backstab+1","floor":40},{"not_picked":["Cloak And Dagger+1","Expertise"],"picked":"Catalyst+1","floor":45}],"player_experience":196073,"relics_obtained":[{"floor":6,"key":"Strawberry"},{"floor":9,"key":"Pen Nib"},{"floor":14,"key":"Unceasing Top"},{"floor":23,"key":"Boot"},{"floor":38,"key":"Shuriken"},{"floor":40,"key":"Vajra"},{"floor":43,"key":"Gremlin Horn"}],"event_choices":[{"damage_healed":0,"gold_gain":0,"player_choice":"Take Damage","damage_taken":19,"relics_obtained":["Golden Idol"],"max_hp_gain":0,"max_hp_loss":0,"event_name":"Golden Idol","floor":3,"gold_loss":0},{"damage_healed":0,"gold_gain":0,"player_choice":"Success","damage_taken":7,"relics_obtained":["Pantograph"],"max_hp_gain":0,"max_hp_loss":0,"event_name":"Scrap Ooze","floor":8,"gold_loss":0},{"damage_healed":0,"gold_gain":75,"player_choice":"Touch","damage_taken":8,"max_hp_gain":0,"max_hp_loss":0,"event_name":"FaceTrader","floor":29,"gold_loss":0},{"damage_healed":0,"gold_gain":0,"player_choice":"Max HP","damage_taken":0,"max_hp_gain":0,"max_hp_loss":4,"event_name":"Winding Halls","floor":37,"gold_loss":0},{"damage_healed":0,"gold_gain":333,"player_choice":"Gave Idol","damage_taken":0,"max_hp_gain":0,"max_hp_loss":0,"event_name":"The Moai Head","floor":39,"relics_lost":["Golden Idol"],"gold_loss":0},{"damage_healed":0,"gold_gain":0,"player_choice":"Forge","damage_taken":0,"max_hp_gain":0,"max_hp_loss":0,"event_name":"Accursed Blacksmith","floor":42,"gold_loss":0,"cards_upgraded":["Malaise"]}],"is_beta":false,"boss_relics":[{"not_picked":["Lizard Tail","Eternal Feather"],"picked":"Velvet Choker"},{"not_picked":["Black Star","Cursed Key"],"picked":"White Beast Statue"}],"items_purged_floors":[10,19,44,46],"is_endless":false,"potions_floor_spawned":[2,5,12,14,16,21,23,33,35,36,40,45],"killed_by":"Spire Growth","ascension_level":0}