{"gold_per_floor":[118,129,129,149,66,66,78,78,78,104,52,0,10,10,10,84,84,96,66,83,39,39,39,68,68,68,68,68,68,9,21,21,21],"floor_reached":33,"playtime":2133,"items_purged":[],"score":522,"play_id":"93d3736f-1dea-4e03-ac29-cf178bddaedf","local_time":"20190120085509","is_ascension_mode":true,"campfire_choices":[{"data":"Pommel Strike","floor":6.0,"key":"SMITH"},{"data":"Spot Weakness","floor":8.0,"key":"SMITH"},{"floor":15.0,"key":"REST"},{"floor":23.0,"key":"REST"},{"data":"Armaments","floor":25.0,"key":"SMITH"},{"floor":27.0,"key":"REST"},{"data":"Disarm","floor":29.0,"key":"SMITH"},{"data":"True Grit","floor":32.0,"key":"SMITH"}],"neow_cost":"NONE","seed_source_timestamp":0,"circlet_count":0,"master_deck":["AscendersBane","Strike_R","Strike_R+1","Strike_R","Strike_R","Strike_R","Defend_R","Defend_R","Defend_R","Defend_R","Bash+1","Headbutt","Twin Strike","Pommel Strike+1","Feel No Pain","Spot Weakness+1","Cleave","Armaments+1","Whirlwind","Limit Break","Battle Trance","Flame Barrier","Disarm+1","Shrug It Off","True Grit+1"],"special_seed":0,"relics":["Burning Blood","NeowsBlessing","Matryoshka","Pantograph","Juzu Bracelet","Dead Branch","Philosopher\u0027s Stone","Bag of Preparation","Sundial","Nunchaku","Gremlin Horn"],"potions_floor_usage":[],"damage_taken":[{"damage":0.0,"enemies":"Cultist","floor":1.0,"turns":1.0},{"damage":0.0,"enemies":"2 Louse","floor":2.0,"turns":1.0},{"damage":0.0,"enemies":"Jaw Worm","floor":4.0,"turns":1.0},{"damage":10.0,"enemies":"Large Slime","floor":7.0,"turns":4.0},{"damage":24.0,"enemies":"3 Sentries","floor":10.0,"turns":5.0},{"damage":6.0,"enemies":"Looter","floor":13.0,"turns":2.0},{"damage":50.0,"enemies":"Slime Boss","floor":16.0,"turns":8.0},{"damage":28.0,"enemies":"3 Byrds","floor":18.0,"turns":4.0},{"damage":22.0,"enemies":"2 Thieves","floor":20.0,"turns":4.0},{"damage":8.0,"enemies":"Slavers","floor":24.0,"turns":2.0},{"damage":24.0,"enemies":"Centurion and Healer","floor":31.0,"turns":5.0},{"damage":73,"enemies":"Collector","floor":33,"turns":6}],"seed_played":"-754793250679135675","potions_obtained":[{"floor":7.0,"key":"Poison Potion"},{"floor":13.0,"key":"SkillPotion"},{"floor":19.0,"key":"Energy Potion"},{"floor":19.0,"key":"AttackPotion"},{"floor":24.0,"key":"Energy Potion"}],"is_trial":false,"path_per_floor":["M","M","?","M","$","R","M","R","T","E","$","?","M","T","R","B",null,"M","?","M","$","T","R","E","R","T","R","$","R","$","M","R","B"],"character_chosen":"IRONCLAD","items_purchased":["Feel No Pain","Armaments","Disarm","Shrug It Off"],"campfire_rested":3,"item_purchase_floors":[5,11,21,30],"current_hp_per_floor":[74,75,52,58,58,58,54,54,54,36,36,36,36,36,58,31,64,42,42,26,26,26,48,46,46,46,68,68,68,68,50,50,2],"gold":21,"neow_bonus":"THREE_ENEMY_KILL","is_prod":false,"is_daily":false,"chose_seed":false,"campfire_upgraded":5,"win_rate":0,"timestamp":1547992509,"path_taken":["M","?","?","M","?","R","M","R","T","E","$","?","M","?","R","BOSS","M","?","M","$","?","R","E","R","T","R","$","R","?","M","R","BOSS"],"build_version":"2019-01-17v2","purchased_purges":0,"victory":false,"max_hp_per_floor":[75,75,75,75,75,75,75,75,75,75,75,75,75,75,75,75,75,75,75,75,75,75,75,75,75,75,75,75,75,75,75,75,75],"card_choices":[{"not_picked":["Havoc","Iron Wave"],"picked":"Headbutt","floor":1.0},{"not_picked":["Searing Blow","Sword Boomerang"],"picked":"Twin Strike","floor":2.0},{"not_picked":["Perfected Strike","Flex"],"picked":"Pommel Strike","floor":4.0},{"not_picked":["Heavy Blade","Pommel Strike"],"picked":"Spot Weakness","floor":7.0},{"not_picked":["Wild Strike","Rampage"],"picked":"Cleave","floor":10.0},{"not_picked":["Iron Wave","Burning Pact"],"picked":"Whirlwind","floor":13.0},{"not_picked":["Brutality","Barricade"],"picked":"Limit Break","floor":16.0},{"not_picked":["Iron Wave","Wild Strike"],"picked":"Battle Trance","floor":18.0},{"not_picked":["Clash","Iron Wave"],"picked":"Flame Barrier","floor":20.0},{"not_picked":["Clash+1","Berserk","Headbutt"],"picked":"SKIP","floor":24.0},{"not_picked":["Flame Barrier","Rage"],"picked":"True Grit","floor":31.0}],"player_experience":2984852,"relics_obtained":[{"floor":9.0,"key":"Matryoshka"},{"floor":10.0,"key":"Pantograph"},{"floor":14.0,"key":"Juzu Bracelet"},{"floor":14.0,"key":"Dead Branch"},{"floor":22.0,"key":"Bag of Preparation"},{"floor":22.0,"key":"Sundial"},{"floor":24.0,"key":"Nunchaku"},{"floor":26.0,"key":"Gremlin Horn"}],"event_choices":[{"damage_healed":0.0,"max_hp_gain":0.0,"max_hp_loss":0.0,"gold_gain":0.0,"event_name":"Shining Light","player_choice":"Entered Light","floor":3.0,"gold_loss":0.0,"damage_taken":23.0,"cards_upgraded":["Bash","Strike_R"]},{"damage_healed":0.0,"max_hp_gain":0.0,"max_hp_loss":0.0,"gold_gain":0.0,"event_name":"World of Goop","player_choice":"Left Gold","floor":12.0,"gold_loss":52.0,"damage_taken":0.0},{"damage_healed":0.0,"max_hp_gain":0.0,"max_hp_loss":0.0,"gold_gain":0.0,"event_name":"The Woman in Blue","player_choice":"Bought 2 Potions","floor":19.0,"gold_loss":0.0,"damage_taken":0.0}],"is_beta":false,"boss_relics":[{"not_picked":["Calling Bell","Velvet Choker"],"picked":"Philosopher\u0027s Stone"}],"items_purged_floors":[],"is_endless":false,"potions_floor_spawned":[7,13,24],"killed_by":"Collector","ascension_level":20}