{"gold_per_floor":[118,48,48,72,86,86,124,124,124,143,143,27,27,40,40,159,159,114,114,114,114,114,114,114,114,114,19,19,19,19,0,0,0,0,0,0,0,0,0,0,0,0,0,0,0,0,0,0,0,0],"floor_reached":50,"playtime":3470,"items_purged":[],"score":553,"play_id":"bb9e8ef9-a96c-43ac-933a-6530ca7babae","local_time":"20190122141101","is_ascension_mode":false,"campfire_choices":[{"data":"Uppercut","floor":6.0,"key":"SMITH"},{"floor":8.0,"key":"REST"},{"data":"Flex","floor":11.0,"key":"SMITH"},{"data":"True Grit","floor":15.0,"key":"SMITH"},{"data":"Whirlwind","floor":23.0,"key":"SMITH"},{"data":"Heavy Blade","floor":25.0,"key":"SMITH"},{"data":"Finesse","floor":28.0,"key":"SMITH"},{"floor":32.0,"key":"REST"},{"floor":45,"key":"REST"},{"floor":47,"key":"REST"},{"floor":49,"key":"RECALL"}],"neow_cost":"CURSE","seed_source_timestamp":41624448676966,"circlet_count":0,"master_deck":["Strike_R","Strike_R","Strike_R","Strike_R","Defend_R","Defend_R","Defend_R","Defend_R","Bash","Heavy Blade+1","Uppercut+1","Shrug It Off","Flex+1","Cleave","Whirlwind+1","Shrug It Off","True Grit+1","Impervious","Finesse+1","Feel No Pain","Demon Form"],"special_seed":0,"relics":["Burning Blood","Thread and Needle","Bloody Idol","Matryoshka","Paper Frog","Bottled Lightning","Ectoplasm","Centennial Puzzle","Regal Pillow","Sozu","Magic Flower","Sundial","Blue Candle","Blood Vial"],"potions_floor_usage":[44],"damage_taken":[{"damage":0.0,"enemies":"Cultist","floor":1.0,"turns":3.0},{"damage":0.0,"enemies":"2 Louse","floor":4.0,"turns":2.0},{"damage":6.0,"enemies":"Small Slimes","floor":5.0,"turns":3.0},{"damage":28.0,"enemies":"Lagavulin","floor":7.0,"turns":6.0},{"damage":0.0,"enemies":"2 Fungi Beasts","floor":10.0,"turns":4.0},{"damage":1.0,"enemies":"Red Slaver","floor":14.0,"turns":4.0},{"damage":17.0,"enemies":"Slime Boss","floor":16.0,"turns":7.0},{"damage":15.0,"enemies":"2 Thieves","floor":18.0,"turns":3.0},{"damage":0.0,"enemies":"Shell Parasite","floor":21.0,"turns":4.0},{"damage":0.0,"enemies":"Snecko","floor":22.0,"turns":3.0},{"damage":27.0,"enemies":"Cultist and Chosen","floor":24.0,"turns":7.0},{"damage":14.0,"enemies":"Centurion and Healer","floor":30.0,"turns":5.0},{"damage":67.0,"enemies":"Automaton","floor":33.0,"turns":12.0},{"damage":0.0,"enemies":"3 Darklings","floor":35.0,"turns":7.0},{"damage":0.0,"enemies":"Mind Bloom Boss Battle","floor":36.0,"turns":6.0},{"damage":8,"enemies":"Orb Walker","floor":38,"turns":3},{"damage":13,"enemies":"Writhing Mass","floor":40,"turns":5},{"damage":55,"enemies":"Giant Head","floor":42,"turns":7},{"damage":32,"enemies":"Nemesis","floor":44,"turns":7},{"damage":28,"enemies":"Giant Head","floor":46,"turns":7},{"damage":23,"enemies":"Transient","floor":48,"turns":5},{"damage":73,"enemies":"Time Eater","floor":50,"turns":11}],"seed_played":"-508955461461877112","potions_obtained":[{"floor":5.0,"key":"Weak Potion"},{"floor":10.0,"key":"Fire Potion"},{"floor":16.0,"key":"Swift Potion"},{"floor":22.0,"key":"Fire Potion"},{"floor":33.0,"key":"Regen Potion"}],"is_trial":false,"path_per_floor":["M","$","?","M","M","R","E","R","T","M","R","$","?","M","R","B",null,"M","?","?","M","M","R","M","R","T","$","R","$","M","?","R","B",null,"M","?","?","M","$","M","?","E","T","E","R","E","R","M","R","B"],"character_chosen":"IRONCLAD","items_purchased":["Uppercut","Whirlwind","Shrug It Off","Finesse"],"campfire_rested":4,"item_purchase_floors":[2,12,12,27],"current_hp_per_floor":[80,80,60,66,66,66,44,68,68,74,74,74,74,79,79,68,80,71,71,71,77,80,80,59,59,59,59,59,59,51,51,80,19,80,80,80,80,80,80,76,76,30,30,31,70,51,80,66,66,0],"gold":0,"neow_bonus":"ONE_RARE_RELIC","is_prod":false,"is_daily":false,"chose_seed":false,"campfire_upgraded":6,"win_rate":0,"timestamp":1548184261,"path_taken":["M","$","?","M","M","R","E","R","T","M","R","$","?","M","R","BOSS","M","?","?","M","M","R","M","R","T","$","R","$","?","?","R","BOSS","M","?","?","M","$","?","?","E","T","E","R","E","R","M","R","BOSS"],"build_version":"2019-01-17v2","purchased_purges":0,"victory":false,"max_hp_per_floor":[80,80,80,80,80,80,80,80,80,80,80,80,80,80,80,80,80,80,80,80,80,80,80,80,80,80,80,80,80,80,80,80,80,80,80,80,80,80,80,80,80,80,80,80,80,80,80,80,80,80],"card_choices":[{"not_picked":["True Grit","Warcry"],"picked":"Heavy Blade","floor":1.0},{"not_picked":["Shockwave","Anger"],"picked":"Shrug It Off","floor":4.0},{"not_picked":["Bloodletting","Sword Boomerang"],"picked":"Flex","floor":5.0},{"not_picked":["Entrench","Searing Blow","Wild Strike"],"picked":"SKIP","floor":7.0},{"not_picked":["Warcry","Second Wind"],"picked":"Cleave","floor":10.0},{"not_picked":["Burning Pact","Reckless Charge"],"picked":"True Grit","floor":14.0},{"not_picked":["Berserk","Feed"],"picked":"Impervious","floor":16.0},{"not_picked":["Havoc","Pommel Strike","Perfected Strike"],"picked":"SKIP","floor":18.0},{"not_picked":["Pommel Strike+1","Heavy Blade","Thunderclap+1"],"picked":"SKIP","floor":21.0},{"not_picked":["Flex","Searing Blow+1","Clothesline+1"],"picked":"SKIP","floor":22.0},{"not_picked":["Rampage","Power Through+1","Bloodletting"],"picked":"SKIP","floor":24.0},{"not_picked":["Dual Wield","Blood for Blood+1"],"picked":"Feel No Pain","floor":30.0},{"not_picked":["Immolate","Reaper"],"picked":"Demon Form","floor":33.0},{"not_picked":["Clothesline+1","Cleave+1","Warcry"],"picked":"SKIP","floor":35.0},{"not_picked":["Iron Wave","Wild Strike","Reckless Charge"],"picked":"SKIP","floor":38},{"not_picked":["Anger+1","Warcry","Second Wind"],"picked":"SKIP","floor":40},{"not_picked":["Thunderclap+1","Dual Wield+1","Exhume"],"picked":"SKIP","floor":42},{"not_picked":["Rampage","Pummel","Reckless Charge"],"picked":"SKIP","floor":44},{"not_picked":["Pommel Strike","Iron Wave+1","Wild Strike"],"picked":"SKIP","floor":46},{"not_picked":["Wild Strike","Intimidate","Thunderclap"],"picked":"SKIP","floor":48}],"player_experience":3034763,"relics_obtained":[{"floor":7.0,"key":"Matryoshka"},{"floor":9.0,"key":"Paper Frog"},{"floor":9.0,"key":"Bottled Lightning"},{"floor":26.0,"key":"Centennial Puzzle"},{"floor":26.0,"key":"Regal Pillow"},{"floor":36.0,"key":"Magic Flower"},{"floor":42,"key":"Sundial"},{"floor":44,"key":"Blue Candle"},{"floor":46,"key":"Blood Vial"}],"event_choices":[{"damage_healed":0.0,"max_hp_gain":0.0,"max_hp_loss":0.0,"gold_gain":0.0,"event_name":"Golden Idol","player_choice":"Take Damage","floor":3.0,"gold_loss":0.0,"damage_taken":20.0,"relics_obtained":["Golden Idol"]},{"cards_removed":["Shame"],"damage_healed":0.0,"max_hp_gain":0.0,"max_hp_loss":0.0,"gold_gain":0.0,"event_name":"Living Wall","player_choice":"Forget","floor":13.0,"gold_loss":0.0,"damage_taken":0.0},{"damage_healed":0.0,"max_hp_gain":0.0,"max_hp_loss":0.0,"gold_gain":0.0,"event_name":"Forgotten Altar","player_choice":"Gave Idol","floor":19.0,"relics_lost":["Golden Idol"],"gold_loss":0.0,"damage_taken":0.0,"relics_obtained":["Bloody Idol"]},{"damage_healed":0.0,"max_hp_gain":0.0,"max_hp_loss":0.0,"gold_gain":0.0,"event_name":"NoteForYourself","player_choice":"Ignored","floor":20.0,"gold_loss":0.0,"damage_taken":0.0},{"damage_healed":0.0,"max_hp_gain":0.0,"max_hp_loss":0.0,"gold_gain":0.0,"event_name":"Masked Bandits","player_choice":"Paid Fearfully","floor":31.0,"gold_loss":19.0,"damage_taken":0.0},{"damage_healed":0.0,"max_hp_gain":0.0,"max_hp_loss":0.0,"gold_gain":0.0,"event_name":"MindBloom","player_choice":"Fight","floor":36.0,"gold_loss":0.0,"damage_taken":0.0},{"damage_healed":0,"gold_gain":100,"player_choice":"Pray","damage_taken":0,"max_hp_gain":0,"max_hp_loss":0,"event_name":"Golden Shrine","floor":37,"gold_loss":0},{"cards_removed":["Strike_R"],"damage_healed":0,"gold_gain":0,"player_choice":"Removed Attack","damage_taken":0,"max_hp_gain":0,"max_hp_loss":0,"event_name":"Falling","floor":41,"gold_loss":0}],"is_beta":false,"boss_relics":[{"not_picked":["Busted Crown","Black Blood"],"picked":"Ectoplasm"},{"not_picked":["Pandora\u0027s Box","Astrolabe"],"picked":"Sozu"}],"items_purged_floors":[],"is_endless":false,"potions_floor_spawned":[5,10,16,22,33,36,38,42,46],"killed_by":"Time Eater","ascension_level":0}