{"gold_per_floor":[111,111,128,128,145,177,194,194,194,49,149,177,192,211,211,314,314,328,328,340,340],"floor_reached":21,"playtime":1843,"items_purged":["Strike_B"],"score":191,"play_id":"487c5f55-d5f4-4529-bd22-b3fe93d2850e","local_time":"20190318122212","is_ascension_mode":false,"campfire_choices":[{"floor":8,"key":"REST"},{"floor":15,"key":"REST"}],"neow_cost":"NONE","seed_source_timestamp":904551807154224,"circlet_count":0,"master_deck":["Strike_B","Strike_B","Strike_B","Defend_B","Defend_B","Defend_B","Defend_B","Zap","Dualcast","Reinforced Body","Compile Driver","Coolheaded","Ball Lightning","Glacier","Echo Form","Cold Snap","Leap","Echo Form","Capacitor"],"relics":["Cracked Core","NeowsBlessing","Sundial","Ancient Tea Set","Omamori","Bottled Lightning","Boot","Nuclear Battery"],"potions_floor_usage":[16,21],"damage_taken":[{"damage":0,"enemies":"2 Louse","floor":1,"turns":1},{"damage":0,"enemies":"Small Slimes","floor":3,"turns":1},{"damage":0,"enemies":"Cultist","floor":5,"turns":1},{"damage":29,"enemies":"Lagavulin","floor":6,"turns":9},{"damage":16,"enemies":"Large Slime","floor":7,"turns":5},{"damage":14,"enemies":"3 Sentries","floor":12,"turns":9},{"damage":2,"enemies":"Exordium Thugs","floor":13,"turns":6},{"damage":8,"enemies":"2 Fungi Beasts","floor":14,"turns":5},{"damage":34,"enemies":"The Guardian","floor":16,"turns":12},{"damage":13,"enemies":"3 Byrds","floor":18,"turns":5},{"damage":7,"enemies":"Spheric Guardian","floor":20,"turns":6},{"damage":58,"enemies":"3 Cultists","floor":21,"turns":6}],"seed_played":"-1744050216767417025","potions_obtained":[{"floor":1,"key":"Weak Potion"},{"floor":3,"key":"SteroidPotion"},{"floor":7,"key":"SteroidPotion"},{"floor":14,"key":"Dexterity Potion"}],"is_trial":false,"path_per_floor":["M","?","M","?","M","E","M","R","T","$","?","E","M","M","R","B",null,"M","?","M","M"],"character_chosen":"DEFECT","items_purchased":["Glacier"],"campfire_rested":2,"item_purchase_floors":[10],"current_hp_per_floor":[75,72,72,72,72,43,27,49,49,49,49,35,33,25,47,13,75,62,62,55,0],"gold":340,"neow_bonus":"THREE_ENEMY_KILL","is_prod":false,"is_daily":false,"chose_seed":false,"campfire_upgraded":0,"win_rate":0.0,"timestamp":1552926132,"path_taken":["M","?","M","?","?","E","M","R","T","$","?","E","?","M","R","BOSS","M","?","M","M"],"build_version":"2019-01-23","purchased_purges":1,"victory":false,"max_hp_per_floor":[75,75,75,75,75,75,75,75,75,75,75,75,75,75,75,75,75,75,75,75,75],"card_choices":[{"not_picked":["FTL","Redo"],"picked":"Reinforced Body","floor":1},{"not_picked":["Reprogram","Gash"],"picked":"Compile Driver","floor":3},{"not_picked":["Gash","Beam Cell"],"picked":"Coolheaded","floor":5},{"not_picked":["Gash","Steam"],"picked":"Ball Lightning","floor":6},{"not_picked":["Sweeping Beam","Aggregate","Thunder Strike"],"picked":"SKIP","floor":7},{"not_picked":["Sweeping Beam","Beam Cell"],"picked":"Echo Form","floor":12},{"not_picked":["Sweeping Beam","Rebound"],"picked":"Cold Snap","floor":13},{"not_picked":["Redo","Streamline"],"picked":"Leap","floor":14},{"not_picked":["Multi-Cast","Thunder Strike"],"picked":"Echo Form","floor":16},{"not_picked":["Hologram","Leap+1"],"picked":"Capacitor","floor":18},{"not_picked":["Stack","Coolheaded","Glacier"],"picked":"SKIP","floor":20}],"player_experience":236879,"relics_obtained":[{"floor":6,"key":"Omamori"},{"floor":9,"key":"Bottled Lightning"},{"floor":12,"key":"Boot"}],"event_choices":[{"damage_healed":0,"gold_gain":0,"player_choice":"Success","damage_taken":3,"relics_obtained":["Sundial"],"max_hp_gain":0,"max_hp_loss":0,"event_name":"Scrap Ooze","floor":2,"gold_loss":0},{"damage_healed":0,"gold_gain":0,"player_choice":"Gave Potion","damage_taken":0,"relics_obtained":["Ancient Tea Set"],"max_hp_gain":0,"max_hp_loss":0,"event_name":"WeMeetAgain","floor":4,"gold_loss":0},{"damage_healed":0,"gold_gain":100,"player_choice":"Pray","damage_taken":0,"max_hp_gain":0,"max_hp_loss":0,"event_name":"Golden Shrine","floor":11,"gold_loss":0},{"damage_healed":0,"gold_gain":0,"player_choice":"Ignored","damage_taken":0,"max_hp_gain":0,"max_hp_loss":0,"event_name":"Ghosts","floor":19,"gold_loss":0}],"is_beta":false,"boss_relics":[{"not_picked":["Astrolabe","Tiny House"],"picked":"Nuclear Battery"}],"items_purged_floors":[10],"is_endless":false,"potions_floor_spawned":[1,3,7,14],"killed_by":"3 Cultists","ascension_level":0}