{"gold_per_floor":[118,137,137,62,74,104,104,121,121,50,50,70,134,167,167,271,271,282,295,33,33,52,52,79,98,174,203,203,203,251,251,251,347,347,367,467,71,81,81,81,114,14,41,74,74,107,107,17,17,17],"floor_reached":51,"playtime":3901,"items_purged":["Strike_R","Bite+1","Defend_R"],"score":790,"play_id":"d04fe53f-780c-4854-baf0-bf7927bc2fc7","local_time":"20190308144720","is_ascension_mode":true,"campfire_choices":[{"data":"Demon Form","floor":7,"key":"SMITH"},{"data":"Shockwave","floor":11,"key":"SMITH"},{"data":"Spot Weakness","floor":15,"key":"SMITH"},{"data":"Double Tap","floor":23,"key":"SMITH"},{"data":"Combust","floor":28,"key":"SMITH"},{"data":"Inflame","floor":32,"key":"SMITH"},{"data":"Shrug It Off","floor":40,"key":"SMITH"},{"data":"Ghostly Armor","floor":45,"key":"SMITH"},{"data":"Offering","floor":49,"key":"SMITH"}],"neow_cost":"TEN_PERCENT_HP_LOSS","seed_source_timestamp":733454181633023,"circlet_count":0,"master_deck":["Defend_R","Bash","Demon Form+1","Clothesline+1","Iron Wave","Spot Weakness+1","Shockwave+1","Reaper","Combust+1","Iron Wave+1","Double Tap+1","Headbutt+1","Shrug It Off+1","Rampage+1","Bite+1","Bite+1","Flame Barrier+1","Pommel Strike+1","Inflame+1","Disarm+1","Offering+1","Ghostly Armor+1","Battle Trance","Dark Shackles"],"relics":["Burning Blood","Orichalcum","Mercury Hourglass","Centennial Puzzle","Molten Egg 2","The Courier","Lizard Tail","Matryoshka","Red Skull","Potion Belt","Bottled Lightning","Mango","Ancient Tea Set","Oddly Smooth Stone","Pocketwatch","Empty Cage","Bird Faced Urn","Mummified Hand","Magic Flower","Vajra","Juzu Bracelet","Thread and Needle"],"potions_floor_usage":[2,16,19,22,25,27,33,38,38,38,44,46],"damage_taken":[{"damage":6,"enemies":"Jaw Worm","floor":1,"turns":5},{"damage":2,"enemies":"2 Louse","floor":2,"turns":3},{"damage":0,"enemies":"Small Slimes","floor":5,"turns":3},{"damage":16,"enemies":"Lagavulin","floor":6,"turns":7},{"damage":6,"enemies":"Looter","floor":8,"turns":3},{"damage":6,"enemies":"2 Fungi Beasts","floor":12,"turns":3},{"damage":16,"enemies":"Lagavulin Event","floor":13,"turns":5},{"damage":3,"enemies":"Gremlin Nob","floor":14,"turns":4},{"damage":35,"enemies":"Hexaghost","floor":16,"turns":6},{"damage":4,"enemies":"Chosen","floor":18,"turns":4},{"damage":4,"enemies":"Shell Parasite","floor":19,"turns":5},{"damage":21,"enemies":"Snake Plant","floor":22,"turns":4},{"damage":34,"enemies":"Slavers","floor":24,"turns":6},{"damage":13,"enemies":"3 Cultists","floor":25,"turns":5},{"damage":21,"enemies":"Gremlin Leader","floor":27,"turns":6},{"damage":58,"enemies":"Collector","floor":33,"turns":6},{"damage":22,"enemies":"3 Shapes","floor":35,"turns":3},{"damage":7,"enemies":"Mind Bloom Boss Battle","floor":36,"turns":7},{"damage":27,"enemies":"3 Darklings","floor":38,"turns":4},{"damage":46,"enemies":"Giant Head","floor":41,"turns":7},{"damage":31,"enemies":"Reptomancer","floor":44,"turns":6},{"damage":23,"enemies":"Nemesis","floor":46,"turns":7},{"damage":50,"enemies":"Time Eater","floor":50,"turns":10}],"seed_played":"-8938320431764881903","potions_obtained":[{"floor":1,"key":"AttackPotion"},{"floor":2,"key":"Energy Potion"},{"floor":8,"key":"SpeedPotion"},{"floor":13,"key":"Energy Potion"},{"floor":16,"key":"SpeedPotion"},{"floor":22,"key":"Ancient Potion"},{"floor":24,"key":"Poison Potion"},{"floor":25,"key":"SpeedPotion"},{"floor":33,"key":"Weak Potion"},{"floor":36,"key":"Swift Potion"},{"floor":41,"key":"SkillPotion"},{"floor":44,"key":"AttackPotion"},{"floor":46,"key":"Swift Potion"}],"is_trial":false,"path_per_floor":["M","M","?","$","M","E","R","M","T","$","R","M","?","E","R","B",null,"M","M","$","?","M","R","E","M","T","E","R","?","T","?","R","B",null,"M","?","$","M","?","R","E","$","T","E","R","E","?","?","R","B",null],"character_chosen":"IRONCLAD","items_purchased":["Shockwave","Matryoshka","Rampage+1","Offering","Mummified Hand"],"campfire_rested":0,"item_purchase_floors":[10,20,20,37,37],"current_hp_per_floor":[72,72,65,65,71,61,61,61,61,61,61,61,69,72,72,43,72,72,72,72,50,38,38,46,48,48,64,64,53,53,53,53,42,69,56,69,69,69,69,69,60,60,60,54,54,56,56,56,56,31],"gold":17,"neow_bonus":"THREE_RARE_CARDS","is_prod":false,"is_daily":false,"chose_seed":false,"campfire_upgraded":9,"win_rate":0,"timestamp":1552074440,"path_taken":["M","M","?","$","M","E","R","M","T","$","R","M","?","E","R","BOSS","M","M","$","?","M","R","E","M","T","E","R","?","?","?","R","BOSS","M","?","$","M","?","R","E","$","T","E","R","E","?","?","R","BOSS"],"build_version":"2019-01-23","purchased_purges":3,"victory":true,"max_hp_per_floor":[72,72,72,72,72,72,72,72,72,72,72,72,72,72,72,72,72,72,72,72,50,50,50,50,50,50,64,64,69,69,69,69,69,69,69,69,69,69,69,69,69,69,69,69,69,69,69,69,69,69],"card_choices":[{"not_picked":["Double Tap","Fiend Fire"],"picked":"Demon Form","floor":0},{"not_picked":["Warcry","Havoc"],"picked":"Clothesline","floor":1},{"not_picked":["Reckless Charge","Twin Strike"],"picked":"Iron Wave","floor":2},{"not_picked":["Havoc","Body Slam"],"picked":"Spot Weakness","floor":5},{"not_picked":["Twin Strike","Evolve","Iron Wave"],"picked":"SKIP","floor":6},{"not_picked":["True Grit","Clothesline","Power Through"],"picked":"SKIP","floor":8},{"not_picked":["Headbutt","Armaments"],"picked":"Reaper","floor":12},{"not_picked":["Body Slam","Seeing Red"],"picked":"Combust","floor":13},{"not_picked":["Cleave+1","Uppercut+1"],"picked":"Iron Wave+1","floor":14},{"not_picked":["Immolate+1","Dark Embrace"],"picked":"Double Tap","floor":16},{"not_picked":["Body Slam+1","Iron Wave+1"],"picked":"Headbutt+1","floor":18},{"not_picked":["Havoc","Pummel+1"],"picked":"Shrug It Off","floor":19},{"not_picked":["Sentinel+1","Cleave+1"],"picked":"Flame Barrier+1","floor":22},{"not_picked":["Warcry","Armaments","Sentinel+1"],"picked":"SKIP","floor":24},{"not_picked":["Carnage+1","Seeing Red"],"picked":"Pommel Strike+1","floor":25},{"not_picked":["Rage","Armaments"],"picked":"Inflame","floor":27},{"not_picked":["Power Through","Flex","Havoc"],"picked":"SKIP","floor":35},{"not_picked":["Heavy Blade+1","Rampage+1"],"picked":"Disarm+1","floor":36},{"not_picked":["Sword Boomerang+1","Flex","Twin Strike+1"],"picked":"SKIP","floor":38},{"not_picked":["Flex","Feel No Pain"],"picked":"Ghostly Armor","floor":41},{"not_picked":["Dropkick+1","Clothesline+1"],"picked":"Battle Trance","floor":44},{"not_picked":["Reaper+1","True Grit","Perfected Strike+1"],"picked":"SKIP","floor":46},{"not_picked":["Impatience","Bandage Up"],"picked":"Dark Shackles","floor":47}],"player_experience":104210,"relics_obtained":[{"floor":6,"key":"Mercury Hourglass"},{"floor":9,"key":"Centennial Puzzle"},{"floor":13,"key":"Molten Egg 2"},{"floor":14,"key":"The Courier"},{"floor":24,"key":"Red Skull"},{"floor":26,"key":"Potion Belt"},{"floor":26,"key":"Bottled Lightning"},{"floor":27,"key":"Mango"},{"floor":30,"key":"Ancient Tea Set"},{"floor":30,"key":"Oddly Smooth Stone"},{"floor":36,"key":"Bird Faced Urn"},{"floor":41,"key":"Magic Flower"},{"floor":43,"key":"Vajra"},{"floor":44,"key":"Juzu Bracelet"},{"floor":46,"key":"Thread and Needle"}],"event_choices":[{"damage_healed":0,"gold_gain":0,"player_choice":"Success","damage_taken":7,"relics_obtained":["Orichalcum"],"max_hp_gain":0,"max_hp_loss":0,"event_name":"Scrap Ooze","floor":3,"gold_loss":0},{"damage_healed":0,"gold_gain":30,"player_choice":"Searched \u00273\u0027 times","damage_taken":0,"max_hp_gain":0,"max_hp_loss":0,"event_name":"Dead Adventurer","floor":13,"gold_loss":0},{"damage_healed":0,"gold_gain":0,"player_choice":"Became a vampire","damage_taken":0,"max_hp_gain":0,"max_hp_loss":22,"event_name":"Vampires","floor":21,"gold_loss":0,"cards_obtained":["Bite","Bite","Bite","Bite","Bite"]},{"damage_healed":0,"gold_gain":0,"player_choice":"Shed Blood","damage_taken":16,"max_hp_gain":5,"max_hp_loss":0,"event_name":"Forgotten Altar","floor":29,"gold_loss":0},{"damage_healed":0,"gold_gain":0,"player_choice":"Opened","damage_taken":0,"relics_obtained":["Pocketwatch"],"max_hp_gain":0,"max_hp_loss":0,"event_name":"The Mausoleum","floor":31,"gold_loss":0},{"damage_healed":0,"gold_gain":0,"player_choice":"Fight","damage_taken":0,"max_hp_gain":0,"max_hp_loss":0,"event_name":"MindBloom","floor":36,"gold_loss":0},{"cards_removed":["Defend_R"],"damage_healed":0,"gold_gain":0,"player_choice":"Removed Skill","damage_taken":0,"max_hp_gain":0,"max_hp_loss":0,"event_name":"Falling","floor":39,"gold_loss":0},{"damage_healed":0,"gold_gain":0,"player_choice":"Memory 1","damage_taken":0,"max_hp_gain":0,"max_hp_loss":0,"event_name":"SensoryStone","floor":47,"gold_loss":0},{"cards_removed":["Defend_R"],"damage_healed":0,"gold_gain":0,"player_choice":"Upgrade and Remove","damage_taken":0,"max_hp_gain":0,"max_hp_loss":0,"event_name":"Designer","floor":48,"gold_loss":90,"cards_upgraded":["Clothesline"]}],"is_beta":false,"boss_relics":[{"not_picked":["Orrery","Eternal Feather"],"picked":"Lizard Tail"},{"not_picked":["Runic Cube","White Beast Statue"],"picked":"Empty Cage"}],"items_purged_floors":[4,37,42],"is_endless":false,"potions_floor_spawned":[1,2,8,13,16,22,24,25,33,36,41,44,46],"ascension_level":1}