{"gold_per_floor":[110,122,92,112,0,30,30,55,80,80,6,6,25,25,25,102,102,113,123,123,123],"floor_reached":21,"playtime":3007,"items_purged":[],"score":374,"play_id":"4ea77907-b987-4964-b191-96899fbc5f47","local_time":"20190201130103","is_ascension_mode":true,"campfire_choices":[{"floor":7,"key":"REST"},{"floor":10,"key":"REST"},{"floor":12,"key":"REST"},{"data":"Catalyst","floor":15,"key":"SMITH"}],"neow_cost":"NONE","seed_source_timestamp":349330604755054,"circlet_count":0,"master_deck":["AscendersBane","Defend_G","Defend_G","Defend_G","Defend_G","Defend_G","Strike_G","Strike_G","Strike_G","Strike_G","Strike_G","Survivor","Neutralize","Backflip","Crippling Poison","Bouncing Flask","Well Laid Plans","Poisoned Stab","Acrobatics","Leg Sweep","Catalyst+1","Deadly Poison","Wraith Form v2","Noxious Fumes","Cloak And Dagger","Blur","Deflect","Cloak And Dagger"],"relics":["Cursed Key","Omamori","Smiling Mask","Ancient Tea Set","Mercury Hourglass","Orrery"],"potions_floor_usage":[6,6,6,16],"damage_taken":[{"damage":0,"enemies":"2 Louse","floor":1,"turns":3},{"damage":0,"enemies":"Cultist","floor":2,"turns":4},{"damage":4,"enemies":"Jaw Worm","floor":4,"turns":5},{"damage":28,"enemies":"3 Sentries","floor":6,"turns":10},{"damage":30,"enemies":"Lagavulin","floor":8,"turns":5},{"damage":2,"enemies":"2 Fungi Beasts","floor":13,"turns":4},{"damage":33,"enemies":"Hexaghost","floor":16,"turns":6},{"damage":17,"enemies":"Chosen","floor":18,"turns":5},{"damage":6,"enemies":"Spheric Guardian","floor":19,"turns":3},{"damage":50,"enemies":"Chosen and Byrds","floor":21,"turns":8}],"seed_played":"-1213986653032274748","potions_obtained":[{"floor":3,"key":"EntropicBrew"},{"floor":3,"key":"Poison Potion"},{"floor":4,"key":"FearPotion"},{"floor":6,"key":"Fruit Juice"},{"floor":19,"key":"Energy Potion"}],"is_trial":false,"path_per_floor":["M","M","?","M","$","E","R","E","T","R","$","R","M","?","R","B",null,"M","M","?","M"],"character_chosen":"THE_SILENT","items_purchased":["Well Laid Plans","Poisoned Stab","Catalyst"],"campfire_rested":3,"item_purchase_floors":[5,5,11],"current_hp_per_floor":[59,59,59,55,55,32,53,23,23,44,44,65,63,63,63,30,61,44,38,38,0],"gold":123,"neow_bonus":"BOSS_RELIC","is_prod":false,"is_daily":false,"chose_seed":false,"campfire_upgraded":1,"win_rate":0,"timestamp":1549044063,"path_taken":["M","M","?","M","$","E","R","E","T","R","$","R","?","?","R","BOSS","M","M","?","M"],"build_version":"2019-01-23","purchased_purges":0,"victory":false,"max_hp_per_floor":[66,66,66,66,66,71,71,71,71,71,71,71,71,71,71,71,71,71,71,71,71],"card_choices":[{"not_picked":["Dagger Throw","Blade Dance"],"picked":"Backflip","floor":1},{"not_picked":["Dagger Throw","Concentrate"],"picked":"Crippling Poison","floor":2},{"not_picked":["Calculated Gamble","Poisoned Stab"],"picked":"Bouncing Flask","floor":4},{"not_picked":["Underhanded Strike","Masterful Stab"],"picked":"Acrobatics","floor":6},{"not_picked":["PiercingWail","Flechettes"],"picked":"Leg Sweep","floor":8},{"not_picked":["Flying Knee","Bane"],"picked":"Deadly Poison","floor":13},{"not_picked":["Glass Knife","Tools of the Trade"],"picked":"Wraith Form v2","floor":16},{"not_picked":["PiercingWail","Bane"],"picked":"Noxious Fumes","floor":17},{"not_picked":["Dagger Spray","Outmaneuver"],"picked":"Cloak And Dagger","floor":17},{"not_picked":["Bane","Poisoned Stab"],"picked":"Blur","floor":17},{"not_picked":["Dodge and Roll","Sucker Punch"],"picked":"Deflect","floor":17},{"not_picked":["Eviscerate","Reflex","Choke+1"],"picked":"SKIP","floor":18},{"not_picked":["Concentrate","Bane"],"picked":"Cloak And Dagger","floor":19}],"player_experience":3146078,"relics_obtained":[{"floor":6,"key":"Omamori"},{"floor":8,"key":"Smiling Mask"},{"floor":9,"key":"Ancient Tea Set"}],"event_choices":[{"damage_healed":0,"gold_gain":0,"player_choice":"Bought 2 Potions","damage_taken":0,"max_hp_gain":0,"max_hp_loss":0,"event_name":"The Woman in Blue","floor":3,"gold_loss":0},{"damage_healed":0,"gold_gain":0,"player_choice":"Box","damage_taken":0,"relics_obtained":["Mercury Hourglass"],"max_hp_gain":0,"max_hp_loss":0,"event_name":"Big Fish","floor":14,"gold_loss":0,"cards_obtained":["Regret"]},{"damage_healed":0,"gold_gain":0,"player_choice":"Ignored","damage_taken":0,"max_hp_gain":0,"max_hp_loss":0,"event_name":"Beggar","floor":20,"gold_loss":0}],"is_beta":false,"boss_relics":[{"not_picked":["Coffee Dripper","Black Star"],"picked":"Orrery"}],"items_purged_floors":[],"is_endless":false,"potions_floor_spawned":[4,6,19],"killed_by":"Chosen and Byrds","ascension_level":20}