{"gold_per_floor":[111,0,19,49,7,37,37,57,81,81,100,100,127,144,144,220,220,231,231,281,37,55,55,68,68,93,107,139,139,149,149,149,149],"floor_reached":33,"playtime":4711,"items_purged":["Doubt"],"score":560,"play_id":"0496adef-706b-4ec7-ab8b-09887c1c42d4","local_time":"20190130153916","is_ascension_mode":true,"campfire_choices":[{"data":"Caltrops","floor":7.0,"key":"SMITH"},{"data":"Neutralize","floor":10.0,"key":"SMITH"},{"floor":15.0,"key":"REST"},{"floor":23,"key":"REST"},{"floor":29,"key":"REST"},{"floor":32,"key":"REST"}],"neow_cost":"NONE","seed_source_timestamp":0,"circlet_count":0,"master_deck":["AscendersBane","Defend_G","Defend_G","Defend_G","Defend_G","Defend_G","Strike_G","Strike_G","Strike_G","Strike_G","Survivor","Neutralize+1","Deadly Poison","Dagger Spray","Well Laid Plans","Caltrops+1","Escape Plan","PiercingWail","Predator","Cloak And Dagger","Corpse Explosion","Backflip","Die Die Die","Catalyst","Infinite Blades","Footwork","Skewer","Eviscerate","Endless Agony","Underhanded Strike","Riddle With Holes"],"special_seed":0,"relics":["Ring of the Snake","NeowsBlessing","Tiny Chest","Ninja Scroll","Snake Skull","Paper Crane","Vajra","HoveringKite","Dodecahedron","Lantern","Red Mask"],"potions_floor_usage":[24,33],"damage_taken":[{"damage":0.0,"enemies":"Jaw Worm","floor":1.0,"turns":1.0},{"damage":0.0,"enemies":"Cultist","floor":3.0,"turns":1.0},{"damage":0.0,"enemies":"Gremlin Nob","floor":6.0,"turns":1.0},{"damage":0.0,"enemies":"2 Louse","floor":8.0,"turns":2.0},{"damage":0.0,"enemies":"Large Slime","floor":11.0,"turns":5.0},{"damage":27.0,"enemies":"3 Sentries","floor":13.0,"turns":7.0},{"damage":5.0,"enemies":"Exordium Wildlife","floor":14.0,"turns":3.0},{"damage":10.0,"enemies":"Hexaghost","floor":16.0,"turns":9.0},{"damage":18.0,"enemies":"Chosen","floor":18.0,"turns":4.0},{"damage":22,"enemies":"2 Thieves","floor":22,"turns":2},{"damage":12,"enemies":"Chosen and Byrds","floor":24,"turns":7},{"damage":0,"enemies":"Centurion and Healer","floor":27,"turns":3},{"damage":7,"enemies":"Masked Bandits","floor":28,"turns":3},{"damage":14,"enemies":"Sentry and Sphere","floor":30,"turns":4},{"damage":57,"enemies":"Collector","floor":33,"turns":7}],"seed_played":"7290027870823593202","potions_obtained":[{"floor":6.0,"key":"Swift Potion"},{"floor":8.0,"key":"FearPotion"},{"floor":14.0,"key":"AttackPotion"},{"floor":16.0,"key":"PowerPotion"},{"floor":18.0,"key":"FearPotion"},{"floor":24,"key":"FairyPotion"},{"floor":30,"key":"AttackPotion"}],"is_trial":false,"path_per_floor":["M","$","M","?","$","E","R","M","T","R","M","?","E","M","R","B",null,"M","?","?","$","M","R","M","T","T","M","?","R","M","?","R","B"],"character_chosen":"THE_SILENT","items_purchased":["Dagger Spray","Well Laid Plans","Escape Plan","Footwork","Skewer"],"campfire_rested":4,"item_purchase_floors":[2,2,5,21,21],"current_hp_per_floor":[59,59,59,59,59,59,59,59,59,59,59,59,32,27,46,36,59,41,41,41,41,19,38,26,26,26,26,19,38,24,37,56,6],"gold":149,"neow_bonus":"THREE_ENEMY_KILL","is_prod":false,"is_daily":false,"chose_seed":false,"campfire_upgraded":2,"win_rate":0,"timestamp":1548880756,"path_taken":["M","$","M","?","?","E","R","M","T","R","M","?","E","M","R","BOSS","M","?","?","$","?","R","M","?","T","M","?","R","M","?","R","BOSS"],"build_version":"2019-01-23","purchased_purges":1,"victory":false,"max_hp_per_floor":[66,66,66,66,66,66,66,66,66,66,66,66,66,66,66,66,66,66,66,66,66,66,66,66,66,66,66,66,66,66,66,66,66],"card_choices":[{"not_picked":["Bane","Tactician"],"picked":"Deadly Poison","floor":1.0},{"not_picked":["PiercingWail","Outmaneuver"],"picked":"Caltrops","floor":3.0},{"not_picked":["Deflect","Well Laid Plans"],"picked":"PiercingWail","floor":6.0},{"not_picked":["Dash","Quick Slash"],"picked":"Predator","floor":8.0},{"not_picked":["PiercingWail","Burst"],"picked":"Cloak And Dagger","floor":11.0},{"not_picked":["Well Laid Plans","Masterful Stab"],"picked":"Corpse Explosion","floor":13.0},{"not_picked":["Deflect","Blade Dance"],"picked":"Backflip","floor":14.0},{"not_picked":["Phantasmal Killer","Storm of Steel"],"picked":"Die Die Die","floor":16.0},{"not_picked":["Noxious Fumes","Outmaneuver"],"picked":"Catalyst","floor":18.0},{"not_picked":["Slice","Escape Plan"],"picked":"Eviscerate","floor":22},{"not_picked":["Prepared","Blur"],"picked":"Endless Agony","floor":24},{"not_picked":["Slice","Quick Slash"],"picked":"Underhanded Strike","floor":27},{"not_picked":["Slice","Caltrops"],"picked":"Riddle With Holes","floor":28},{"not_picked":["PiercingWail","Setup","Outmaneuver"],"picked":"SKIP","floor":30}],"player_experience":3128670,"relics_obtained":[{"floor":4.0,"key":"Tiny Chest"},{"floor":6.0,"key":"Ninja Scroll"},{"floor":9.0,"key":"Snake Skull"},{"floor":13.0,"key":"Vajra"},{"floor":25,"key":"Dodecahedron"},{"floor":26,"key":"Lantern"},{"floor":28,"key":"Red Mask"}],"event_choices":[{"damage_healed":0.0,"max_hp_gain":0.0,"max_hp_loss":0.0,"gold_gain":0.0,"event_name":"Wheel of Change","player_choice":"Relic","floor":4.0,"gold_loss":0.0,"damage_taken":0.0},{"damage_healed":0.0,"max_hp_gain":0.0,"max_hp_loss":0.0,"gold_gain":0.0,"event_name":"Big Fish","player_choice":"Box","floor":12.0,"gold_loss":0.0,"damage_taken":0.0,"relics_obtained":["Paper Crane"],"cards_obtained":["Regret"]},{"damage_healed":0,"gold_gain":0,"cards_transformed":["Strike_G","Regret"],"player_choice":"Became Test Subject","damage_taken":0,"max_hp_gain":0,"max_hp_loss":0,"event_name":"Drug Dealer","floor":19,"gold_loss":0,"cards_obtained":["Infinite Blades","Doubt"]},{"damage_healed":0,"gold_gain":50,"player_choice":"Stole From Cult","damage_taken":0,"max_hp_gain":0,"max_hp_loss":0,"event_name":"Nest","floor":20,"gold_loss":0},{"damage_healed":0,"gold_gain":0,"player_choice":"Fought Bandits","damage_taken":0,"max_hp_gain":0,"max_hp_loss":0,"event_name":"Masked Bandits","floor":28,"gold_loss":0},{"damage_healed":13,"gold_gain":0,"player_choice":"Heal","damage_taken":0,"max_hp_gain":0,"max_hp_loss":0,"event_name":"The Library","floor":31,"gold_loss":0}],"is_beta":false,"boss_relics":[{"not_picked":["Runic Dome","Coffee Dripper"],"picked":"HoveringKite"}],"items_purged_floors":[21],"is_endless":false,"potions_floor_spawned":[6,8,14,16,18,24,30],"killed_by":"Collector","ascension_level":20}