{"gold_per_floor":[218,38,57,57,57,57,68,81,81,81,81,81,91,103,103,207,207,207,167,92,92,92,92,92,92,92,92,92,92,92,92,92,92,92,92,0,0,0,0,0,0,0,0,0],"floor_reached":44,"playtime":2813,"items_purged":["Defend_R"],"score":470,"play_id":"41472675-bbf7-490a-9b41-874621ded3b8","local_time":"20190307125301","is_ascension_mode":false,"campfire_choices":[{"data":"Combust","floor":6,"key":"SMITH"},{"data":"Shockwave","floor":15,"key":"SMITH"},{"data":"Rampage","floor":23,"key":"SMITH"},{"data":"Flex","floor":28,"key":"SMITH"},{"floor":32,"key":"REST"},{"data":"Whirlwind","floor":41,"key":"SMITH"}],"neow_cost":"NONE","seed_source_timestamp":694874904338238,"circlet_count":0,"master_deck":["Strike_R","Strike_R+1","Strike_R","Strike_R","Strike_R+1","Defend_R","Defend_R","Defend_R+1","Iron Wave+1","Combust+1","Shrug It Off","Rampage+1","Strike_R","Shockwave+1","Demon Form+1","Pommel Strike","Iron Wave","Flex+1","Writhe","Limit Break","Whirlwind+1","Anger"],"relics":["Burning Blood","FossilizedHelix","Frozen Egg 2","Strawberry","Ectoplasm","Centennial Puzzle","Unceasing Top","Gremlin Horn","Bag of Marbles","Coffee Dripper","Red Mask","Bottled Flame","Ornamental Fan"],"potions_floor_usage":[14,16,16,29,30,40,42],"damage_taken":[{"damage":2,"enemies":"2 Louse","floor":1,"turns":3},{"damage":3,"enemies":"Jaw Worm","floor":3,"turns":3},{"damage":5,"enemies":"Small Slimes","floor":7,"turns":4},{"damage":6,"enemies":"3 Louse","floor":8,"turns":4},{"damage":0,"enemies":"Red Slaver","floor":13,"turns":4},{"damage":3,"enemies":"Exordium Thugs","floor":14,"turns":4},{"damage":64,"enemies":"Slime Boss","floor":16,"turns":10},{"damage":18,"enemies":"Spheric Guardian","floor":18,"turns":5},{"damage":7,"enemies":"2 Thieves","floor":20,"turns":4},{"damage":14,"enemies":"3 Cultists","floor":22,"turns":4},{"damage":27,"enemies":"Book of Stabbing","floor":24,"turns":6},{"damage":0,"enemies":"Snecko","floor":25,"turns":4},{"damage":9,"enemies":"Snake Plant","floor":27,"turns":4},{"damage":15,"enemies":"Gremlin Leader","floor":29,"turns":5},{"damage":31,"enemies":"Chosen and Byrds","floor":30,"turns":5},{"damage":38,"enemies":"Collector","floor":33,"turns":7},{"damage":0,"enemies":"3 Shapes","floor":35,"turns":2},{"damage":1,"enemies":"Orb Walker","floor":37,"turns":3},{"damage":61,"enemies":"Giant Head","floor":40,"turns":8},{"damage":0,"enemies":"Spire Growth","floor":42,"turns":4},{"damage":44,"enemies":"2 Orb Walkers","floor":44,"turns":4}],"seed_played":"-2405623269667980569","potions_obtained":[{"floor":3,"key":"LiquidBronze"},{"floor":8,"key":"EssenceOfSteel"},{"floor":13,"key":"Energy Potion"},{"floor":25,"key":"SteroidPotion"},{"floor":27,"key":"Weak Potion"},{"floor":33,"key":"Energy Potion"},{"floor":40,"key":"Energy Potion"}],"is_trial":false,"path_per_floor":["M","$","M","?","?","R","M","M","T","T","?","?","M","M","R","B",null,"M","?","M","$","M","R","E","M","T","M","R","E","M","?","R","B",null,"M","?","M","?","?","E","R","M","T","?"],"character_chosen":"IRONCLAD","items_purchased":["Combust","Shrug It Off"],"campfire_rested":1,"item_purchase_floors":[2,2],"current_hp_per_floor":[80,80,80,64,64,64,65,65,65,72,72,72,78,81,81,23,87,75,75,74,74,66,66,45,51,51,48,48,39,14,14,40,8,87,87,87,87,83,83,28,28,34,34,0],"gold":0,"neow_bonus":"HUNDRED_GOLD","is_prod":false,"is_daily":false,"chose_seed":false,"campfire_upgraded":5,"win_rate":0,"timestamp":1551981181,"path_taken":["M","$","M","?","?","R","M","M","T","?","?","?","?","M","R","BOSS","M","?","?","?","M","R","E","M","T","M","R","E","M","?","R","BOSS","M","?","M","?","?","E","R","M","T","?"],"build_version":"2019-01-23","purchased_purges":1,"victory":false,"max_hp_per_floor":[80,80,80,80,80,80,80,80,80,87,87,87,87,87,87,87,87,87,87,87,87,87,87,87,87,87,87,87,87,87,87,87,87,87,87,87,87,83,83,83,83,83,83,83],"card_choices":[{"not_picked":["Sword Boomerang","Rampage"],"picked":"Iron Wave","floor":1},{"not_picked":["Combust","Wild Strike","Evolve"],"picked":"SKIP","floor":3},{"not_picked":["Havoc","Cleave","Anger"],"picked":"SKIP","floor":7},{"not_picked":["True Grit","Perfected Strike"],"picked":"Rampage","floor":8},{"not_picked":["Wild Strike","Dark Embrace+1"],"picked":"Shockwave","floor":13},{"not_picked":["Combust+1","Clash","Body Slam"],"picked":"SKIP","floor":14},{"not_picked":["Double Tap","Immolate"],"picked":"Demon Form+1","floor":16},{"not_picked":["Carnage","Anger"],"picked":"Pommel Strike","floor":18},{"not_picked":["Burning Pact","Carnage"],"picked":"Iron Wave","floor":20},{"not_picked":["Clash","Searing Blow+1","Sword Boomerang"],"picked":"SKIP","floor":22},{"not_picked":["Wild Strike","Bludgeon"],"picked":"Flex","floor":24},{"not_picked":["Havoc","Body Slam","Wild Strike"],"picked":"SKIP","floor":25},{"not_picked":["Flex","Shockwave","Rampage"],"picked":"SKIP","floor":27},{"not_picked":["Rampage","Perfected Strike","Immolate"],"picked":"SKIP","floor":29},{"not_picked":["True Grit","Sever Soul","Dropkick"],"picked":"SKIP","floor":30},{"not_picked":["Exhume","Fiend Fire"],"picked":"Limit Break","floor":33},{"not_picked":["True Grit+1","Pummel","Sentinel"],"picked":"SKIP","floor":35},{"not_picked":["Heavy Blade","Body Slam","Second Wind+1"],"picked":"SKIP","floor":37},{"not_picked":["Iron Wave","True Grit"],"picked":"Whirlwind","floor":40},{"not_picked":["Clash","Spot Weakness+1"],"picked":"Anger","floor":42}],"player_experience":86948,"relics_obtained":[{"floor":9,"key":"Frozen Egg 2"},{"floor":10,"key":"Strawberry"},{"floor":24,"key":"Centennial Puzzle"},{"floor":26,"key":"Unceasing Top"},{"floor":29,"key":"Gremlin Horn"},{"floor":40,"key":"Bottled Flame"},{"floor":43,"key":"Ornamental Fan"}],"event_choices":[{"damage_healed":0,"gold_gain":0,"player_choice":"Entered Light","damage_taken":16,"max_hp_gain":0,"max_hp_loss":0,"event_name":"Shining Light","floor":4,"gold_loss":0,"cards_upgraded":["Strike_R","Strike_R"]},{"damage_healed":0,"gold_gain":0,"player_choice":"Box","damage_taken":0,"relics_obtained":["FossilizedHelix"],"max_hp_gain":0,"max_hp_loss":0,"event_name":"Big Fish","floor":5,"gold_loss":0,"cards_obtained":["Regret"]},{"damage_healed":0,"gold_gain":0,"player_choice":"Ignored","damage_taken":0,"max_hp_gain":0,"max_hp_loss":0,"event_name":"Liars Game","floor":11,"gold_loss":0},{"cards_removed":["Regret"],"damage_healed":0,"gold_gain":0,"player_choice":"Took Card","damage_taken":0,"max_hp_gain":0,"max_hp_loss":0,"event_name":"NoteForYourself","floor":12,"gold_loss":0,"cards_obtained":["Strike_R"]},{"damage_healed":0,"gold_gain":0,"player_choice":"Upgraded Two","damage_taken":0,"max_hp_gain":0,"max_hp_loss":0,"event_name":"Designer","floor":19,"gold_loss":40,"cards_upgraded":["Iron Wave","Defend_R"]},{"damage_healed":0,"gold_gain":0,"player_choice":"Opened","damage_taken":0,"relics_obtained":["Bag of Marbles"],"max_hp_gain":0,"max_hp_loss":0,"event_name":"The Mausoleum","floor":31,"gold_loss":0,"cards_obtained":["Writhe"]},{"damage_healed":0,"gold_gain":0,"player_choice":"Paid","damage_taken":0,"relics_obtained":["Red Mask"],"max_hp_gain":0,"max_hp_loss":0,"event_name":"Tomb of Lord Red Mask","floor":36,"gold_loss":92},{"damage_healed":0,"gold_gain":0,"player_choice":"Max HP","damage_taken":0,"max_hp_gain":0,"max_hp_loss":4,"event_name":"Winding Halls","floor":38,"gold_loss":0},{"cards_removed":["Bash"],"damage_healed":0,"gold_gain":0,"player_choice":"Removed Attack","damage_taken":0,"max_hp_gain":0,"max_hp_loss":0,"event_name":"Falling","floor":39,"gold_loss":0},{"damage_healed":0,"gold_gain":0,"player_choice":"Fight","damage_taken":0,"max_hp_gain":0,"max_hp_loss":0,"event_name":"Mysterious Sphere","floor":44,"gold_loss":0}],"is_beta":false,"boss_relics":[{"not_picked":["Calling Bell","Orrery"],"picked":"Ectoplasm"},{"not_picked":["Eternal Feather","Philosopher\u0027s Stone"],"picked":"Coffee Dripper"}],"items_purged_floors":[2],"is_endless":false,"potions_floor_spawned":[3,8,13,25,27,33,40],"killed_by":"2 Orb Walkers","ascension_level":0}