{"gold_per_floor":[118,130,130,130,150,175,175,186,186,206,226,255,255,255],"floor_reached":14,"playtime":659,"items_purged":[],"score":199,"play_id":"f8c18d87-b001-470f-8dd1-4a70f286c509","local_time":"20190110191851","is_ascension_mode":true,"campfire_choices":[{"data":"Whirlwind","floor":7,"key":"SMITH"},{"floor":13,"key":"REST"}],"neow_cost":"NONE","seed_source_timestamp":83728252576689,"circlet_count":0,"master_deck":["AscendersBane","Strike_R","Strike_R","Strike_R","Strike_R","Strike_R","Defend_R","Defend_R","Defend_R","Defend_R","Bash","Whirlwind+1","Power Through","Regret","Cleave","Limit Break","Shrug It Off","Iron Wave","True Grit","Havoc"],"special_seed":0,"relics":["Burning Blood","NeowsBlessing","Lantern","Nunchaku","Self Forming Clay","Sundial"],"potions_floor_usage":[6,6,12,14],"damage_taken":[{"damage":0.0,"enemies":"Small Slimes","floor":1.0,"turns":2.0},{"damage":0.0,"enemies":"Jaw Worm","floor":2.0,"turns":1.0},{"damage":0.0,"enemies":"2 Louse","floor":5.0,"turns":1.0},{"damage":32,"enemies":"Gremlin Nob","floor":6,"turns":4},{"damage":11,"enemies":"Lots of Slimes","floor":8,"turns":3},{"damage":19,"enemies":"Exordium Thugs","floor":10,"turns":3},{"damage":11,"enemies":"Looter","floor":11,"turns":3},{"damage":21,"enemies":"Lagavulin","floor":12,"turns":5},{"damage":55,"enemies":"Gremlin Nob","floor":14,"turns":4}],"seed_played":"3950047729110186636","potions_obtained":[{"floor":1.0,"key":"Strength Potion"},{"floor":5.0,"key":"AttackPotion"},{"floor":8,"key":"Fire Potion"},{"floor":12,"key":"FearPotion"}],"is_trial":false,"path_per_floor":["M","M","?","?","M","E","R","M","T","M","M","E","R","E"],"character_chosen":"IRONCLAD","items_purchased":[],"campfire_rested":1,"item_purchase_floors":[],"current_hp_per_floor":[74,75,75,75,75,49,49,44,44,31,26,11,33,0],"gold":255,"neow_bonus":"THREE_ENEMY_KILL","is_prod":false,"is_daily":false,"chose_seed":false,"campfire_upgraded":1,"win_rate":0,"timestamp":1547165931,"path_taken":["M","M","?","?","M","E","R","M","T","M","M","E","R","E"],"build_version":"2019-01-03v4","purchased_purges":0,"victory":false,"max_hp_per_floor":[75,75,75,75,75,75,75,75,75,75,75,75,75,75],"card_choices":[{"not_picked":["Pommel Strike","Sword Boomerang"],"picked":"Whirlwind","floor":1.0},{"not_picked":["Headbutt","Perfected Strike"],"picked":"Power Through","floor":2.0},{"not_picked":["Infernal Blade","Power Through"],"picked":"Cleave","floor":5.0},{"not_picked":["Pommel Strike","Havoc"],"picked":"Limit Break","floor":6},{"not_picked":["Rupture","Pommel Strike"],"picked":"Shrug It Off","floor":8},{"not_picked":["Shrug It Off","Sword Boomerang"],"picked":"Iron Wave","floor":10},{"not_picked":["Sever Soul","Thunderclap"],"picked":"True Grit","floor":11},{"not_picked":["Infernal Blade","True Grit"],"picked":"Havoc","floor":12}],"player_experience":2867500,"relics_obtained":[{"floor":6,"key":"Nunchaku"},{"floor":9,"key":"Self Forming Clay"},{"floor":12,"key":"Sundial"}],"event_choices":[{"damage_healed":0.0,"max_hp_gain":0.0,"max_hp_loss":0.0,"gold_gain":0.0,"event_name":"Big Fish","player_choice":"Box","floor":3.0,"gold_loss":0.0,"damage_taken":0.0,"relics_obtained":["Lantern"],"cards_obtained":["Regret"]},{"damage_healed":0.0,"max_hp_gain":0.0,"max_hp_loss":0.0,"gold_gain":0.0,"event_name":"Shining Light","player_choice":"Ignored","floor":4.0,"gold_loss":0.0,"damage_taken":0.0}],"is_beta":false,"boss_relics":[],"items_purged_floors":[],"is_endless":false,"potions_floor_spawned":[1,5,8,12],"killed_by":"Gremlin Nob","ascension_level":19}