{"gold_per_floor":[117,129,146,36,54,54,82,82,108,132,152,124,124,140,140,234,234,257,257,281,301,326,326,350,350,350,350,390,390,410,435,435,435],"floor_reached":33,"playtime":4029,"items_purged":[],"score":532,"play_id":"7e93170f-0db9-4508-9320-ce14d1a86dcb","local_time":"20190105202616","is_ascension_mode":true,"campfire_choices":[{"data":"Whirlwind","floor":6.0,"key":"SMITH"},{"data":"Bash","floor":13.0,"key":"SMITH"},{"data":"Spot Weakness","floor":15.0,"key":"SMITH"},{"floor":23.0,"key":"REST"},{"data":"Battle Trance","floor":25,"key":"SMITH"},{"data":"Ghostly Armor","floor":27,"key":"SMITH"},{"floor":29,"key":"REST"},{"floor":32,"key":"REST"}],"neow_cost":"NONE","seed_source_timestamp":55176426198336,"circlet_count":0,"master_deck":["AscendersBane","Strike_R","Strike_R","Strike_R","Strike_R","Defend_R","Defend_R","Defend_R","Defend_R","Bash+1","Sword Boomerang","Cleave","Whirlwind+1","Shrug It Off","Spot Weakness+1","Iron Wave","Shrug It Off","Shrug It Off","Offering","Reaper","Entrench+1","Ghostly Armor+1","Battle Trance+1","Impervious"],"special_seed":0,"relics":["Burning Blood","NeowsBlessing","Regal Pillow","Golden Idol","Strawberry","Velvet Choker","Bottled Lightning","PreservedInsect"],"potions_floor_usage":[28,33],"damage_taken":[{"damage":0.0,"enemies":"Cultist","floor":1.0,"turns":1.0},{"damage":0.0,"enemies":"2 Louse","floor":2.0,"turns":1.0},{"damage":0.0,"enemies":"Jaw Worm","floor":3.0,"turns":1.0},{"damage":17.0,"enemies":"Looter","floor":5.0,"turns":3.0},{"damage":12.0,"enemies":"Lagavulin","floor":7.0,"turns":6.0},{"damage":0.0,"enemies":"Gremlin Gang","floor":10.0,"turns":1.0},{"damage":15.0,"enemies":"Large Slime","floor":11.0,"turns":4.0},{"damage":8.0,"enemies":"Blue Slaver","floor":14.0,"turns":4.0},{"damage":33.0,"enemies":"Hexaghost","floor":16.0,"turns":8.0},{"damage":14.0,"enemies":"Shell Parasite","floor":18.0,"turns":3.0},{"damage":9.0,"enemies":"2 Thieves","floor":20.0,"turns":2.0},{"damage":44.0,"enemies":"Sentry and Sphere","floor":21.0,"turns":6.0},{"damage":23.0,"enemies":"Chosen and Byrds","floor":22.0,"turns":5.0},{"damage":14,"enemies":"Centurion and Healer","floor":24,"turns":9},{"damage":28,"enemies":"Gremlin Leader","floor":28,"turns":6},{"damage":6,"enemies":"3 Cultists","floor":30,"turns":2},{"damage":28,"enemies":"Sentry and Sphere","floor":31,"turns":6},{"damage":52,"enemies":"Champ","floor":33,"turns":17}],"seed_played":"-3048142101918738521","potions_obtained":[{"floor":1.0,"key":"PowerPotion"},{"floor":3.0,"key":"Strength Potion"},{"floor":7.0,"key":"Energy Potion"},{"floor":10.0,"key":"FearPotion"},{"floor":21.0,"key":"Swift Potion"},{"floor":22.0,"key":"Weak Potion"},{"floor":24,"key":"Dexterity Potion"},{"floor":31,"key":"Explosive Potion"}],"is_trial":false,"path_per_floor":["M","M","M","$","M","R","E","?","T","M","M","$","R","M","R","B",null,"M","?","M","M","M","R","M","R","T","R","E","R","M","M","R","B"],"character_chosen":"IRONCLAD","items_purchased":["Shrug It Off","Spot Weakness","Shrug It Off"],"campfire_rested":3,"item_purchase_floors":[4,4,12],"current_hp_per_floor":[74,75,75,75,64,64,58,58,65,71,62,62,62,60,60,33,65,57,57,70,37,26,63,61,61,61,61,39,75,75,53,75,34],"gold":435,"neow_bonus":"THREE_ENEMY_KILL","is_prod":false,"is_daily":false,"chose_seed":false,"campfire_upgraded":5,"win_rate":0,"timestamp":1546737976,"path_taken":["M","?","M","?","M","R","E","?","T","M","M","?","R","M","R","BOSS","M","?","M","?","M","R","M","R","T","R","E","R","M","M","R","BOSS"],"build_version":"2019-01-03v4","purchased_purges":0,"victory":false,"max_hp_per_floor":[75,75,75,75,75,75,75,68,75,75,75,75,75,75,75,75,75,75,75,75,75,75,75,75,75,75,75,75,75,75,75,75,75],"card_choices":[{"not_picked":["Corruption","Reckless Charge"],"picked":"Sword Boomerang","floor":1.0},{"not_picked":["Shrug It Off","Rampage"],"picked":"Cleave","floor":2.0},{"not_picked":["Infernal Blade","Perfected Strike"],"picked":"Whirlwind","floor":3.0},{"not_picked":["Sever Soul","Uppercut"],"picked":"Iron Wave","floor":5.0},{"not_picked":["Sever Soul","Rupture","Carnage"],"picked":"SKIP","floor":7.0},{"not_picked":["Bloodletting","Body Slam"],"picked":"Shrug It Off","floor":10.0},{"not_picked":["Rampage","Blood for Blood","Perfected Strike"],"picked":"SKIP","floor":11.0},{"not_picked":["Havoc","Dual Wield"],"picked":"Offering","floor":14.0},{"not_picked":["Berserk","Immolate"],"picked":"Reaper","floor":16.0},{"not_picked":["True Grit","Warcry"],"picked":"Entrench+1","floor":18.0},{"not_picked":["Sword Boomerang","Perfected Strike","Armaments"],"picked":"SKIP","floor":20.0},{"not_picked":["Pommel Strike","Combust","Armaments"],"picked":"SKIP","floor":21.0},{"not_picked":["Iron Wave+1","Hemokinesis"],"picked":"Battle Trance","floor":22.0},{"not_picked":["Wild Strike","Flex","Hemokinesis"],"picked":"SKIP","floor":24},{"not_picked":["Pummel","Whirlwind","Spot Weakness"],"picked":"SKIP","floor":28},{"not_picked":["Infernal Blade","Intimidate","Hemokinesis"],"picked":"SKIP","floor":30},{"not_picked":["Ghostly Armor","Cleave"],"picked":"Impervious","floor":31}],"player_experience":2797241,"relics_obtained":[{"floor":7.0,"key":"Regal Pillow"},{"floor":9.0,"key":"Strawberry"},{"floor":26,"key":"Bottled Lightning"},{"floor":28,"key":"PreservedInsect"}],"event_choices":[{"damage_healed":0.0,"max_hp_gain":0.0,"max_hp_loss":7.0,"gold_gain":0.0,"event_name":"Golden Idol","player_choice":"Lose Max HP","floor":8.0,"gold_loss":0.0,"damage_taken":0.0,"relics_obtained":["Golden Idol"]},{"damage_healed":0.0,"max_hp_gain":0.0,"max_hp_loss":0.0,"gold_gain":0.0,"cards_transformed":["Strike_R"],"event_name":"Transmorgrifier","player_choice":"Transformed","floor":19.0,"gold_loss":0.0,"damage_taken":0.0,"cards_obtained":["Ghostly Armor"]}],"is_beta":false,"boss_relics":[{"not_picked":["Calling Bell","Runic Pyramid"],"picked":"Velvet Choker"}],"items_purged_floors":[],"is_endless":false,"potions_floor_spawned":[1,3,7,10,11,21,22,24,31],"killed_by":"Champ","ascension_level":19}