{"gold_per_floor":[112,126,51,62,62,62,87,101,156,106,126,126,159,178,178,178],"floor_reached":16,"playtime":1926,"items_purged":["Strike_R"],"score":112,"play_id":"eb006562-aee8-48fb-ada1-13c9d3673618","local_time":"20190125124450","is_ascension_mode":false,"campfire_choices":[{"data":"Pommel Strike","floor":6,"key":"SMITH"},{"floor":15,"key":"REST"}],"neow_cost":"TEN_PERCENT_HP_LOSS","seed_source_timestamp":291842601907017,"circlet_count":0,"master_deck":["Strike_R","Strike_R","Strike_R","Defend_R","Defend_R","Defend_R","Bash","Iron Wave","Pommel Strike+1","Ghostly Armor","Thunderclap","Clothesline","Thunderclap","Carnage","Headbutt","Double Tap"],"relics":["Burning Blood","Nunchaku","Bottled Lightning","Centennial Puzzle","Dream Catcher"],"potions_floor_usage":[16,16,16],"damage_taken":[{"damage":6,"enemies":"Small Slimes","floor":1,"turns":3},{"damage":7,"enemies":"2 Louse","floor":2,"turns":4},{"damage":5,"enemies":"Jaw Worm","floor":4,"turns":4},{"damage":30,"enemies":"3 Sentries","floor":7,"turns":11},{"damage":4,"enemies":"3 Louse","floor":8,"turns":3},{"damage":0,"enemies":"Looter","floor":11,"turns":3},{"damage":42,"enemies":"Gremlin Nob","floor":13,"turns":6},{"damage":3,"enemies":"Gremlin Gang","floor":14,"turns":3},{"damage":44,"enemies":"Hexaghost","floor":16,"turns":9}],"seed_played":"5966550566977422235","potions_obtained":[{"floor":7,"key":"Fruit Juice"},{"floor":8,"key":"PowerPotion"},{"floor":13,"key":"FearPotion"}],"is_trial":false,"path_per_floor":["M","M","$","M","$","R","E","M","T","?","M","?","E","M","R","B"],"character_chosen":"IRONCLAD","items_purchased":[],"campfire_rested":1,"item_purchase_floors":[],"current_hp_per_floor":[72,71,71,72,72,72,48,50,50,50,56,49,13,16,37,0],"gold":178,"neow_bonus":"ONE_RARE_RELIC","is_prod":false,"is_daily":false,"chose_seed":false,"campfire_upgraded":1,"win_rate":0.0,"timestamp":1548438290,"path_taken":["M","M","$","M","$","R","E","M","T","?","M","?","E","M","R","BOSS"],"build_version":"2019-01-23","purchased_purges":1,"victory":false,"max_hp_per_floor":[72,72,72,72,72,72,72,72,72,72,72,72,72,72,72,77],"card_choices":[{"not_picked":["Armaments","Clothesline"],"picked":"Iron Wave","floor":1},{"not_picked":["Armaments","Seeing Red"],"picked":"Pommel Strike","floor":2},{"not_picked":["Dual Wield","Sword Boomerang"],"picked":"Ghostly Armor","floor":4},{"not_picked":["Flex","Limit Break"],"picked":"Thunderclap","floor":7},{"not_picked":["Infernal Blade","Armaments"],"picked":"Clothesline","floor":8},{"not_picked":["Iron Wave","Burning Pact"],"picked":"Thunderclap","floor":11},{"not_picked":["Warcry","Rupture"],"picked":"Carnage","floor":13},{"not_picked":["Corruption","Reckless Charge"],"picked":"Headbutt","floor":14},{"not_picked":["Iron Wave","Perfected Strike"],"picked":"Double Tap","floor":15}],"player_experience":13400,"relics_obtained":[{"floor":7,"key":"Bottled Lightning"},{"floor":9,"key":"Centennial Puzzle"},{"floor":13,"key":"Dream Catcher"}],"event_choices":[{"cards_removed":["Strike_R"],"damage_healed":0,"gold_gain":0,"player_choice":"Card Removal","damage_taken":0,"max_hp_gain":0,"max_hp_loss":0,"event_name":"The Cleric","floor":10,"gold_loss":50},{"cards_removed":["Defend_R"],"damage_healed":0,"gold_gain":0,"player_choice":"Card Removal","damage_taken":7,"max_hp_gain":0,"max_hp_loss":0,"event_name":"Golden Wing","floor":12,"gold_loss":0}],"is_beta":false,"boss_relics":[],"items_purged_floors":[3],"is_endless":false,"potions_floor_spawned":[7,8,13],"killed_by":"Hexaghost","ascension_level":0}