{"gold_per_floor":[118,0,15,15,15,15,29,58,105,105,115,115,129,204,204,301,301,316,144,155,155,172,172],"floor_reached":23,"playtime":4931,"items_purged":[],"score":191,"play_id":"40bc4ff4-3a78-4a51-a9f2-539c7407f77a","local_time":"20190222183312","is_ascension_mode":false,"campfire_choices":[{"data":"Dualcast","floor":6.0,"key":"SMITH"},{"floor":10.0,"key":"REST"},{"floor":12.0,"key":"REST"},{"floor":15.0,"key":"REST"}],"neow_cost":"NONE","seed_source_timestamp":0,"circlet_count":0,"master_deck":["Strike_B","Strike_B","Strike_B","Defend_B","Defend_B","Defend_B","Defend_B","Zap+1","Dualcast+1","Darkness","Ball Lightning","Go for the Eyes","White Noise+1","Compile Driver+1","Leap","Rainbow","Cold Snap","Go for the Eyes","Creative AI","Self Repair","HandOfGreed","Coolheaded","Tempest"],"special_seed":0,"relics":["Cracked Core","Centennial Puzzle","Bag of Marbles","Snecko Eye"],"potions_floor_usage":[18,23,23],"damage_taken":[{"damage":1.0,"enemies":"Jaw Worm","floor":1.0,"turns":4.0},{"damage":5.0,"enemies":"Small Slimes","floor":3.0,"turns":3.0},{"damage":0.0,"enemies":"Cultist","floor":7.0,"turns":2.0},{"damage":26.0,"enemies":"Lagavulin","floor":8.0,"turns":6.0},{"damage":0.0,"enemies":"Blue Slaver","floor":11.0,"turns":2.0},{"damage":17.0,"enemies":"3 Louse","floor":13.0,"turns":2.0},{"damage":26.0,"enemies":"The Guardian","floor":16.0,"turns":11.0},{"damage":44,"enemies":"2 Thieves","floor":18,"turns":4},{"damage":5,"enemies":"Shell Parasite","floor":20,"turns":3},{"damage":24,"enemies":"Snake Plant","floor":22,"turns":5},{"damage":9,"enemies":"Gremlin Leader","floor":23,"turns":2}],"seed_played":"-5006982055443007763","potions_obtained":[{"floor":1.0,"key":"EssenceOfSteel"},{"floor":3.0,"key":"GamblersBrew"},{"floor":7.0,"key":"Regen Potion"},{"floor":16.0,"key":"SteroidPotion"},{"floor":18,"key":"PowerPotion"}],"is_trial":false,"path_per_floor":["M","$","M","?","?","R","M","E","T","R","M","R","M","?","R","B",null,"M","$","M","?","M","E"],"character_chosen":"DEFECT","items_purchased":["Go for the Eyes","White Noise","HandOfGreed"],"campfire_rested":3,"item_purchase_floors":[2,2,19],"current_hp_per_floor":[74,74,69,54,54,54,54,28,28,50,50,72,55,44,66,55,75,31,31,26,26,9,0],"gold":172,"neow_bonus":"TRANSFORM_CARD","is_prod":false,"is_daily":false,"chose_seed":false,"campfire_upgraded":1,"win_rate":0.0,"timestamp":1550878392,"path_taken":["M","$","M","?","?","R","M","E","T","R","M","R","?","?","R","BOSS","M","$","M","?","M","E"],"build_version":"2019-01-23","purchased_purges":0,"victory":false,"max_hp_per_floor":[75,75,75,75,75,75,75,75,75,75,75,75,75,75,75,75,75,75,75,75,75,75,75],"card_choices":[{"not_picked":["Glacier","Stack"],"picked":"Ball Lightning","floor":1.0},{"not_picked":["Hologram","Coolheaded"],"picked":"Compile Driver","floor":3.0},{"not_picked":["Hologram","Stack"],"picked":"Leap","floor":7.0},{"not_picked":["Hologram","Glacier"],"picked":"Rainbow","floor":8.0},{"not_picked":["Fusion","Leap"],"picked":"Cold Snap","floor":11.0},{"not_picked":["Redo","Stack"],"picked":"Go for the Eyes","floor":13.0},{"not_picked":["Buffer","Reboot"],"picked":"Creative AI","floor":16.0},{"not_picked":["Stack+1","Rebound+1"],"picked":"Self Repair","floor":18},{"not_picked":["Beam Cell","Compile Driver"],"picked":"Coolheaded","floor":20},{"not_picked":["Skim","Leap"],"picked":"Tempest","floor":22}],"player_experience":22907,"relics_obtained":[{"floor":8.0,"key":"Centennial Puzzle"},{"floor":9.0,"key":"Bag of Marbles"}],"event_choices":[{"damage_healed":0.0,"max_hp_gain":0.0,"max_hp_loss":0.0,"gold_gain":0.0,"event_name":"Shining Light","player_choice":"Entered Light","floor":4.0,"gold_loss":0.0,"damage_taken":15.0,"cards_upgraded":["White Noise","Compile Driver"]},{"damage_healed":0.0,"max_hp_gain":0.0,"max_hp_loss":0.0,"gold_gain":0.0,"event_name":"Accursed Blacksmith","player_choice":"Forge","floor":5.0,"gold_loss":0.0,"damage_taken":0.0,"cards_upgraded":["Zap"]},{"damage_healed":0.0,"max_hp_gain":0.0,"max_hp_loss":0.0,"gold_gain":75.0,"event_name":"World of Goop","player_choice":"Gather Gold","floor":14.0,"gold_loss":0.0,"damage_taken":11.0},{"damage_healed":0,"gold_gain":0,"player_choice":"Got Potions","damage_taken":0,"max_hp_gain":0,"max_hp_loss":0,"event_name":"Lab","floor":21,"gold_loss":0}],"is_beta":false,"boss_relics":[{"not_picked":["Runic Dome","Sozu"],"picked":"Snecko Eye"}],"items_purged_floors":[],"is_endless":false,"potions_floor_spawned":[1,3,7,16,18],"killed_by":"Gremlin Leader","ascension_level":0}