{"gold_per_floor":[117,46,59,59,0,0,30,92,152,21,82,92,92,106,106,202,202,216,366,416,466,481,512,223,223,223,235,285,70,88,150,150,247,247,263,324,341,87,237,237,248,298,298,309,335,347,347,47,47,47,47,47,5,39,39],"floor_reached":55,"playtime":6029,"items_purged":["Defend_B","Decay","Pain"],"score":792,"play_id":"7fbab91e-492a-4b17-8e6b-4df080c47556","local_time":"20190124094549","is_ascension_mode":false,"campfire_choices":[{"data":"Zap","floor":6.0,"key":"SMITH"},{"floor":13.0,"key":"REST"},{"data":"White Noise","floor":15.0,"key":"SMITH"},{"data":"Consume","floor":25.0,"key":"SMITH"},{"floor":32.0,"key":"REST"},{"floor":40.0,"key":"REST"},{"floor":47.0,"key":"RECALL"},{"floor":49.0,"key":"REST"},{"data":"Buffer","floor":52.0,"key":"SMITH"}],"neow_cost":"NONE","seed_source_timestamp":0,"circlet_count":0,"master_deck":["Strike_B","Defend_B","Defend_B","Zap+1","Dualcast","Glacier","Compile Driver","Go for the Eyes","Sweeping Beam","FTL","Skim","Biased Cognition","Electrodynamics","Coolheaded","Steam","White Noise+1","All For One","Darkness+1","Turbo+1","Capacitor+1","Ball Lightning","Consume+1","Sweeping Beam","Rainbow","Hologram+1","White Noise+1","Self Repair","Panacea","Hologram+1","Doom and Gloom","Echo Form","Normality","Clumsy","Auto Shields+1","Leap","Buffer+1","Writhe","Conserve Battery","Melter","Go for the Eyes"],"special_seed":0,"relics":["Cracked Core","Smiling Mask","SsserpentHead","MawBank","Regal Pillow","Astrolabe","Gambling Chip","Darkstone Periapt","Mango","Question Card","Singing Bowl","Calling Bell","Blood Vial","Blue Candle","Nunchaku","Medical Kit","StoneCalendar","The Courier","ClockworkSouvenir","Happy Flower"],"potions_floor_usage":[55],"damage_taken":[{"damage":8.0,"enemies":"Jaw Worm","floor":1.0,"turns":5.0},{"damage":0.0,"enemies":"Cultist","floor":3.0,"turns":4.0},{"damage":16.0,"enemies":"3 Sentries","floor":7.0,"turns":5.0},{"damage":0.0,"enemies":"Small Slimes","floor":11.0,"turns":2.0},{"damage":7.0,"enemies":"Blue Slaver","floor":12.0,"turns":3.0},{"damage":15.0,"enemies":"Exordium Thugs","floor":14.0,"turns":3.0},{"damage":2.0,"enemies":"Slime Boss","floor":16.0,"turns":5.0},{"damage":7.0,"enemies":"Chosen","floor":18.0,"turns":6.0},{"damage":1.0,"enemies":"Colosseum Slavers","floor":19.0,"turns":2.0},{"damage":8.0,"enemies":"Colosseum Nobs","floor":19.0,"turns":2.0},{"damage":5.0,"enemies":"3 Byrds","floor":22.0,"turns":2.0},{"damage":14.0,"enemies":"Slavers","floor":23.0,"turns":2.0},{"damage":10.0,"enemies":"Snake Plant","floor":27.0,"turns":3.0},{"damage":14.0,"enemies":"Centurion and Healer","floor":30.0,"turns":5.0},{"damage":1.0,"enemies":"Cultist and Chosen","floor":31.0,"turns":4.0},{"damage":19.0,"enemies":"Automaton","floor":33.0,"turns":5.0},{"damage":31.0,"enemies":"3 Darklings","floor":35.0,"turns":3.0},{"damage":26.0,"enemies":"Orb Walker","floor":36.0,"turns":6.0},{"damage":35.0,"enemies":"Spire Growth","floor":37.0,"turns":5.0},{"damage":14.0,"enemies":"Mind Bloom Boss Battle","floor":39.0,"turns":5.0},{"damage":19.0,"enemies":"4 Shapes","floor":41.0,"turns":5.0},{"damage":33.0,"enemies":"Writhing Mass","floor":44.0,"turns":6.0},{"damage":0.0,"enemies":"Nemesis","floor":45.0,"turns":5.0},{"damage":11.0,"enemies":"Sphere and 2 Shapes","floor":46.0,"turns":3.0},{"damage":78.0,"enemies":"Donu and Deca","floor":50.0,"turns":9.0},{"damage":88.0,"enemies":"Shield and Spear","floor":54.0,"turns":7.0},{"damage":77,"enemies":"The Heart","floor":55,"turns":5}],"seed_played":"8901095158309122097","potions_obtained":[{"floor":1.0,"key":"Strength Potion"},{"floor":3.0,"key":"GamblersBrew"},{"floor":12.0,"key":"Regen Potion"},{"floor":18.0,"key":"SpeedPotion"},{"floor":19.0,"key":"Swift Potion"},{"floor":22.0,"key":"Ancient Potion"},{"floor":30.0,"key":"PowerPotion"},{"floor":33.0,"key":"Weak Potion"},{"floor":36.0,"key":"SpeedPotion"},{"floor":39.0,"key":"Fire Potion"},{"floor":44.0,"key":"Poison Potion"}],"is_trial":false,"path_per_floor":["M","$","M","?","$","R","E","?","T","$","M","M","R","M","R","B",null,"M","?","?","?","M","E","$","R","T","M","?","$","M","M","R","B",null,"M","M","M","$","?","R","M","?","T","M","E","M","R","$","R","B",null,"R","$","E","B"],"character_chosen":"DEFECT","items_purchased":["Compile Driver","Go for the Eyes","FTL","Skim","Electrodynamics","Coolheaded","Question Card","Self Repair","Panacea","Medical Kit","Go for the Eyes","AttackPotion","FairyPotion","ClockworkSouvenir","Dexterity Potion"],"campfire_rested":4,"item_purchase_floors":[2,2,5,5,10,10,24,29,29,38,48,48,48,48,53],"current_hp_per_floor":[67,67,67,67,67,67,51,44,44,44,44,37,74,59,59,57,75,68,59,59,59,54,54,54,54,54,46,52,52,59,58,97,78,115,91,83,64,64,61,111,94,125,125,106,108,101,101,101,127,56,127,127,127,41,0],"gold":39,"neow_bonus":"RANDOM_COMMON_RELIC","is_prod":false,"is_daily":false,"chose_seed":false,"campfire_upgraded":4,"win_rate":0,"timestamp":1548341149,"path_taken":["M","$","M","?","?","R","E","?","T","?","?","M","R","M","R","BOSS","M","?","?","?","M","E","$","R","T","M","?","$","M","?","R","BOSS","M","?","M","$","?","R","M","?","T","M","E","M","R","$","R","BOSS","R","$","E","BOSS"],"build_version":"2019-01-23","purchased_purges":3,"victory":false,"max_hp_per_floor":[75,75,75,75,75,75,75,75,75,75,75,75,75,75,75,75,75,75,75,75,75,75,89,89,89,89,91,97,97,97,97,97,97,115,115,117,117,117,119,119,119,125,125,125,125,127,127,127,127,127,127,127,127,129,129],"card_choices":[{"not_picked":["Rebound","Static Discharge"],"picked":"Glacier","floor":1.0},{"not_picked":["Coolheaded","Compile Driver"],"picked":"Sweeping Beam","floor":3.0},{"not_picked":["Go for the Eyes","Melter"],"picked":"Biased Cognition","floor":7.0},{"not_picked":["Loop","Sweeping Beam"],"picked":"Steam","floor":11.0},{"not_picked":["Gash","Recycle"],"picked":"White Noise","floor":12.0},{"not_picked":["Double Energy","Capacitor"],"picked":"Turbo","floor":14.0},{"not_picked":["Reboot","Machine Learning"],"picked":"All For One","floor":16.0},{"not_picked":["Skim","Redo"],"picked":"Ball Lightning","floor":18.0},{"not_picked":["Leap+1","Rebound"],"picked":"Cold Snap","floor":19.0},{"not_picked":["Storm","Hyperbeam"],"picked":"Hologram+1","floor":22.0},{"not_picked":["Chill","Beam Cell"],"picked":"White Noise+1","floor":23.0},{"not_picked":["Fusion+1","Cold Snap","Beam Cell","Barrage"],"picked":"Singing Bowl","floor":27.0},{"not_picked":["Coolheaded","BootSequence","Beam Cell+1"],"picked":"Hologram+1","floor":30.0},{"not_picked":["Reprogram+1","Steam","Beam Cell"],"picked":"Doom and Gloom","floor":31.0},{"not_picked":["Machine Learning","Creative AI","Biased Cognition"],"picked":"Echo Form","floor":33.0},{"not_picked":["Skim+1","Beam Cell","Compile Driver"],"picked":"Auto Shields+1","floor":35.0},{"not_picked":["Beam Cell","Steam+1","Rebound","Streamline"],"picked":"Singing Bowl","floor":36.0},{"not_picked":["Compile Driver","Gash","Ball Lightning"],"picked":"Leap","floor":37.0},{"not_picked":["Beam Cell+1","Cold Snap+1","Chaos","Hologram+1"],"picked":"Singing Bowl","floor":39.0},{"not_picked":["Loop+1","Blizzard+1","Leap+1"],"picked":"Buffer","floor":41.0},{"not_picked":["Blizzard","FTL","Redo+1"],"picked":"Conserve Battery","floor":44.0},{"not_picked":["Reinforced Body","Thunder Strike","Sweeping Beam"],"picked":"Melter","floor":45.0},{"not_picked":["Steam+1","Double Energy","Redo+1","Leap+1"],"picked":"Singing Bowl","floor":46.0},{"not_picked":["Streamline+1","Conserve Battery","Go for the Eyes+1","Glacier"],"picked":"Singing Bowl","floor":54.0}],"player_experience":3065792,"relics_obtained":[{"floor":7.0,"key":"MawBank"},{"floor":9.0,"key":"Regal Pillow"},{"floor":19.0,"key":"Gambling Chip"},{"floor":19.0,"key":"Darkstone Periapt"},{"floor":23.0,"key":"Mango"},{"floor":26.0,"key":"Singing Bowl"},{"floor":34.0,"key":"Blood Vial"},{"floor":34.0,"key":"Blue Candle"},{"floor":34.0,"key":"Nunchaku"},{"floor":39.0,"key":"StoneCalendar"},{"floor":45.0,"key":"The Courier"},{"floor":54.0,"key":"Happy Flower"}],"event_choices":[{"damage_healed":0.0,"max_hp_gain":0.0,"max_hp_loss":0.0,"gold_gain":0.0,"event_name":"FaceTrader","player_choice":"Trade","floor":4.0,"gold_loss":0.0,"damage_taken":0.0,"relics_obtained":["SsserpentHead"]},{"cards_removed":["Strike_B"],"damage_healed":0.0,"max_hp_gain":0.0,"max_hp_loss":0.0,"gold_gain":0.0,"event_name":"Golden Wing","player_choice":"Card Removal","floor":8.0,"gold_loss":0.0,"damage_taken":7.0},{"damage_healed":0.0,"max_hp_gain":0.0,"max_hp_loss":0.0,"gold_gain":0.0,"event_name":"Colosseum","player_choice":"Fight","floor":19.0,"gold_loss":0.0,"damage_taken":0.0},{"damage_healed":0.0,"max_hp_gain":0.0,"max_hp_loss":0.0,"gold_gain":0.0,"event_name":"Colosseum","player_choice":"Fought Nobs","floor":19.0,"gold_loss":0.0,"damage_taken":0.0},{"damage_healed":0.0,"max_hp_gain":0.0,"max_hp_loss":0.0,"gold_gain":0.0,"event_name":"The Library","player_choice":"Read","floor":20.0,"gold_loss":0.0,"damage_taken":0.0,"cards_obtained":["Consume"]},{"damage_healed":0.0,"max_hp_gain":0.0,"max_hp_loss":0.0,"gold_gain":0.0,"cards_transformed":["Turbo","Cold Snap"],"event_name":"Drug Dealer","player_choice":"Became Test Subject","floor":21.0,"gold_loss":0.0,"damage_taken":0.0,"cards_obtained":["Sweeping Beam","Rainbow"]},{"damage_healed":0.0,"max_hp_gain":0.0,"max_hp_loss":0.0,"gold_gain":0.0,"event_name":"Forgotten Altar","player_choice":"Smashed Altar","floor":28.0,"gold_loss":0.0,"damage_taken":0.0,"cards_obtained":["Decay"]},{"damage_healed":0.0,"max_hp_gain":0.0,"max_hp_loss":0.0,"gold_gain":0.0,"event_name":"MindBloom","player_choice":"Fight","floor":39.0,"gold_loss":0.0,"damage_taken":0.0},{"damage_healed":30.0,"max_hp_gain":0.0,"max_hp_loss":0.0,"gold_gain":0.0,"event_name":"Winding Halls","player_choice":"Writhe","floor":42.0,"gold_loss":0.0,"damage_taken":0.0,"cards_obtained":["Writhe"]}],"is_beta":false,"boss_relics":[{"not_picked":["Snecko Eye","Lizard Tail"],"picked":"Astrolabe"},{"not_picked":["Nuclear Battery","Runic Dome"],"picked":"Calling Bell"}],"items_purged_floors":[24,29,38],"is_endless":false,"potions_floor_spawned":[1,3,12,18,19,22,30,33,36,39,44],"killed_by":"The Heart","ascension_level":0}