{"gold_per_floor":[116,116,140,17,27,27,47,80,115,127,139,35,10,22,22,124,124,141,141,141,155,167,193,193,41,41,71,11,11,11,29,29,133,133,149,166,166,176,189,189,204,204,227,227,238,251,265,265,265,265],"floor_reached":50,"playtime":7485,"items_purged":["Strike_B"],"score":531,"play_id":"04113866-8f9e-43d7-9406-5d96253725dd","local_time":"20190316005605","is_ascension_mode":true,"campfire_choices":[{"data":"Zap","floor":6,"key":"SMITH"},{"floor":10,"key":"REST"},{"floor":15,"key":"REST"},{"floor":24,"key":"REST"},{"floor":29,"key":"REST"},{"floor":32,"key":"REST"},{"floor":40,"key":"RECALL"},{"floor":42,"key":"REST"},{"data":"Defragment","floor":44,"key":"SMITH"},{"floor":49,"key":"REST"}],"neow_cost":"NONE","seed_source_timestamp":29143244472831,"circlet_count":0,"master_deck":["Strike_B+1","Strike_B","Defend_B+1","Defend_B","Defend_B","Defend_B","Zap+1","Dualcast+1","Consume+1","Defragment+1","Flash of Steel","Static Discharge+1","Loop","Steam","Hyperbeam","Turbo","Flash of Steel","Gash","Coolheaded","All For One","Go for the Eyes","Hologram+1","Scrape+1","Self Repair","Echo Form","Cold Snap","Capacitor+1","Rainbow","Good Instincts","Ball Lightning+1","Stack","Writhe","Sweeping Beam","Doom and Gloom+1","Conserve Battery+1","Buffer+1","Gash+1","Stack"],"relics":["Cracked Core","War Paint","MawBank","Sozu","Nilry\u0027s Codex","Omamori","The Courier","Dream Catcher","Calling Bell","Vajra","Frozen Egg 2","Du-Vu Doll","Oddly Smooth Stone","Whetstone"],"potions_floor_usage":[8,16],"damage_taken":[{"damage":10,"enemies":"2 Louse","floor":1,"turns":3},{"damage":0,"enemies":"Jaw Worm","floor":5,"turns":3},{"damage":4,"enemies":"Small Slimes","floor":7,"turns":3},{"damage":27,"enemies":"Gremlin Nob","floor":8,"turns":4},{"damage":6,"enemies":"3 Louse","floor":14,"turns":2},{"damage":10,"enemies":"Hexaghost","floor":16,"turns":6},{"damage":4,"enemies":"Shell Parasite","floor":18,"turns":4},{"damage":15,"enemies":"2 Thieves","floor":21,"turns":3},{"damage":0,"enemies":"Snake Plant","floor":22,"turns":6},{"damage":30,"enemies":"Slavers","floor":23,"turns":3},{"damage":20,"enemies":"Book of Stabbing","floor":27,"turns":5},{"damage":10,"enemies":"3 Cultists","floor":31,"turns":5},{"damage":29,"enemies":"Champ","floor":33,"turns":9},{"damage":6,"enemies":"Orb Walker","floor":35,"turns":4},{"damage":21,"enemies":"3 Shapes","floor":36,"turns":3},{"damage":20,"enemies":"3 Darklings","floor":38,"turns":3},{"damage":0,"enemies":"Maw","floor":39,"turns":8},{"damage":8,"enemies":"Jaw Worm Horde","floor":41,"turns":2},{"damage":31,"enemies":"Writhing Mass","floor":45,"turns":5},{"damage":12,"enemies":"4 Shapes","floor":46,"turns":5},{"damage":18,"enemies":"Sphere and 2 Shapes","floor":47,"turns":8},{"damage":30,"enemies":"Time Eater","floor":50,"turns":5}],"seed_played":"3755668072979917450","potions_obtained":[{"floor":1,"key":"Poison Potion"},{"floor":14,"key":"Strength Potion"},{"floor":16,"key":"SpeedPotion"}],"is_trial":false,"path_per_floor":["M","?","T","$","M","R","M","E","T","R","?","$","$","M","R","B",null,"M","?","?","M","M","E","R","$","T","E","$","R","?","M","R","B",null,"M","M","?","M","M","R","M","R","T","R","M","M","M","?","R","B"],"character_chosen":"DEFECT","items_purchased":["Flash of Steel","Static Discharge","Turbo","Flash of Steel","Gash","Echo Form"],"campfire_rested":7,"item_purchase_floors":[4,4,12,12,13,25],"current_hp_per_floor":[65,58,58,58,58,58,54,27,27,49,34,34,34,28,50,40,75,71,71,55,40,40,10,32,32,32,19,19,41,41,31,53,24,75,75,61,61,41,48,48,40,62,62,62,38,26,15,15,37,7],"gold":265,"neow_bonus":"THREE_CARDS","is_prod":false,"is_daily":false,"chose_seed":false,"campfire_upgraded":2,"win_rate":0,"timestamp":1552712165,"path_taken":["M","?","?","?","M","R","?","E","T","R","?","?","$","M","R","BOSS","M","?","?","M","M","E","R","$","T","E","$","R","?","M","R","BOSS","M","M","?","?","M","R","M","R","T","R","M","M","M","?","R","BOSS"],"build_version":"2019-01-23","purchased_purges":1,"victory":false,"max_hp_per_floor":[75,75,75,75,75,75,75,75,75,75,75,75,75,75,75,75,75,75,75,75,75,75,75,75,75,75,75,75,75,75,75,75,75,75,75,75,75,75,75,75,75,75,75,75,75,75,75,75,75,75],"card_choices":[{"not_picked":["Reinforced Body","Turbo"],"picked":"Consume","floor":0},{"not_picked":["Chaos","Leap"],"picked":"Defragment","floor":1},{"not_picked":["Steam","Hologram"],"picked":"Loop","floor":5},{"not_picked":["Stack","Steam Power"],"picked":"Steam","floor":7},{"not_picked":["Aggregate","Hologram"],"picked":"Hyperbeam","floor":8},{"not_picked":["Leap","Steam Power"],"picked":"Coolheaded","floor":14},{"not_picked":["Meteor Strike","Electrodynamics"],"picked":"All For One","floor":16},{"not_picked":["Redo+1","Aggregate"],"picked":"Beam Cell+1","floor":18},{"not_picked":["Chill+1","Ball Lightning"],"picked":"Hologram+1","floor":21},{"not_picked":["Blizzard","Darkness"],"picked":"Scrape","floor":22},{"not_picked":["Hologram+1","Recycle"],"picked":"Self Repair","floor":23},{"not_picked":["Heatsinks","Echo Form"],"picked":"Cold Snap","floor":27},{"not_picked":["Hologram","Go for the Eyes"],"picked":"Capacitor+1","floor":29},{"not_picked":["Sweeping Beam","Hologram"],"picked":"Ball Lightning+1","floor":31},{"not_picked":["Rip and Tear+1","Gash"],"picked":"Stack","floor":32},{"not_picked":["Hologram","Hello World+1"],"picked":"Sweeping Beam","floor":35},{"not_picked":["Barrage+1","Sunder"],"picked":"Doom and Gloom+1","floor":36},{"not_picked":["Fusion+1","Ball Lightning+1"],"picked":"Conserve Battery+1","floor":38},{"not_picked":["Leap+1","Hologram+1"],"picked":"Buffer+1","floor":39},{"not_picked":["Scrape","Streamline+1","Rip and Tear"],"picked":"SKIP","floor":41},{"not_picked":["Streamline+1","Barrage+1","Rip and Tear"],"picked":"SKIP","floor":45},{"not_picked":["Undo","Rebound+1"],"picked":"Gash+1","floor":46},{"not_picked":["Recycle+1","Force Field+1","Fusion+1"],"picked":"SKIP","floor":47},{"not_picked":["Heatsinks+1","Static Discharge+1"],"picked":"Stack","floor":49}],"player_experience":284093,"relics_obtained":[{"floor":3,"key":"War Paint"},{"floor":8,"key":"MawBank"},{"floor":20,"key":"Nilry\u0027s Codex"},{"floor":23,"key":"Omamori"},{"floor":26,"key":"The Courier"},{"floor":27,"key":"Dream Catcher"},{"floor":34,"key":"Vajra"},{"floor":34,"key":"Frozen Egg 2"},{"floor":34,"key":"Du-Vu Doll"},{"floor":43,"key":"Whetstone"}],"event_choices":[{"cards_removed":["Strike_B"],"damage_healed":0,"gold_gain":0,"player_choice":"Card Removal","damage_taken":7,"max_hp_gain":0,"max_hp_loss":0,"event_name":"Golden Wing","floor":2,"gold_loss":0},{"damage_healed":0,"gold_gain":0,"player_choice":"Entered Light","damage_taken":15,"max_hp_gain":0,"max_hp_loss":0,"event_name":"Shining Light","floor":11,"gold_loss":0,"cards_upgraded":["Static Discharge","Consume"]},{"damage_healed":0,"gold_gain":0,"player_choice":"Read","damage_taken":0,"max_hp_gain":0,"max_hp_loss":0,"event_name":"The Library","floor":19,"gold_loss":0,"cards_obtained":["Go for the Eyes"]},{"damage_healed":0,"gold_gain":0,"player_choice":"Obtained Book","damage_taken":16,"max_hp_gain":0,"max_hp_loss":0,"event_name":"Cursed Tome","floor":20,"gold_loss":0},{"damage_healed":0,"gold_gain":0,"player_choice":"2 cards matched","damage_taken":0,"max_hp_gain":0,"max_hp_loss":0,"event_name":"Match and Keep!","floor":30,"gold_loss":0,"cards_obtained":["Rainbow","Good Instincts"]},{"damage_healed":0,"gold_gain":0,"player_choice":"Gave Potion","damage_taken":0,"relics_obtained":["Oddly Smooth Stone"],"max_hp_gain":0,"max_hp_loss":0,"event_name":"WeMeetAgain","floor":37,"gold_loss":0},{"cards_removed":["Beam Cell"],"damage_healed":0,"gold_gain":0,"player_choice":"Removed Attack","damage_taken":0,"max_hp_gain":0,"max_hp_loss":0,"event_name":"Falling","floor":48,"gold_loss":0}],"is_beta":false,"boss_relics":[{"not_picked":["Snecko Eye","Astrolabe"],"picked":"Sozu"},{"not_picked":["Eternal Feather","FrozenCore"],"picked":"Calling Bell"}],"items_purged_floors":[28],"is_endless":false,"potions_floor_spawned":[1,14,16,21,22,33,38,39,46],"killed_by":"Time Eater","ascension_level":1}