{"gold_per_floor":[211,211,226,240,260,295,311,340,366,366,382,382,394,428,428,529,529,542,82,94,106,122,149,149,149,149,169,169,184,69,89,89,187,187,200,300,2,21,34,62,62,62,133,11,24,39,39,57,57,57],"floor_reached":51,"playtime":5368,"items_purged":["Strike_R","Normality"],"score":725,"play_id":"f805e5f5-ed0d-4100-b2e8-d01cd6e53f49","local_time":"20190131221013","is_ascension_mode":false,"campfire_choices":[{"data":"Thunderclap","floor":12,"key":"SMITH"},{"floor":15,"key":"REST"},{"data":"True Grit","floor":24,"key":"SMITH"},{"data":"Juggernaut","floor":28,"key":"SMITH"},{"data":"Body Slam","floor":32,"key":"SMITH"},{"data":"Body Slam","floor":49,"key":"SMITH"}],"neow_cost":"NONE","seed_source_timestamp":40007432254353,"circlet_count":0,"master_deck":["Strike_R+1","Strike_R+1","Strike_R+1","Defend_R","Defend_R","Defend_R","Bash+1","Body Slam+1","Headbutt","Thunderclap+1","Battle Trance","Warcry+1","Immolate","True Grit+1","Metallicize","Shrug It Off+1","Armaments+1","Juggernaut+1","Headbutt","Impervious+1","Shrug It Off+1","Feel No Pain+1","Shockwave+1","Reckless Charge","Dark Embrace+1","Juggernaut+1","Armaments+1","Fire Breathing+1","Spot Weakness+1","Barricade+1","Ghostly Armor+1","Sword Boomerang+1","Burning Pact+1","Heavy Blade+1","Normality","Metallicize+1","Whirlwind+1","Body Slam+1","PanicButton+1","Warcry+1"],"relics":["Burning Blood","Whetstone","Ornamental Fan","Red Skull","Regal Pillow","Cursed Key","Toxic Egg 2","Oddly Smooth Stone","Frozen Egg 2","Astrolabe","Calipers","Question Card","Bottled Tornado"],"potions_floor_usage":[6,7,13,16,22,23,33,33,33,50,50,50],"damage_taken":[{"damage":0,"enemies":"2 Louse","floor":1,"turns":3},{"damage":1,"enemies":"Cultist","floor":3,"turns":3},{"damage":9,"enemies":"Jaw Worm","floor":4,"turns":4},{"damage":13,"enemies":"3 Louse","floor":5,"turns":3},{"damage":6,"enemies":"Gremlin Nob","floor":6,"turns":3},{"damage":3,"enemies":"Gremlin Gang","floor":7,"turns":4},{"damage":26,"enemies":"3 Sentries","floor":8,"turns":8},{"damage":0,"enemies":"Exordium Wildlife","floor":11,"turns":2},{"damage":6,"enemies":"Large Slime","floor":13,"turns":3},{"damage":21,"enemies":"Lagavulin","floor":14,"turns":6},{"damage":54,"enemies":"The Guardian","floor":16,"turns":13},{"damage":5,"enemies":"Chosen","floor":18,"turns":3},{"damage":9,"enemies":"Spheric Guardian","floor":20,"turns":4},{"damage":0,"enemies":"3 Cultists","floor":21,"turns":4},{"damage":0,"enemies":"Snecko","floor":22,"turns":4},{"damage":33,"enemies":"Book of Stabbing","floor":23,"turns":6},{"damage":11,"enemies":"Cultist and Chosen","floor":27,"turns":6},{"damage":10,"enemies":"Centurion and Healer","floor":29,"turns":5},{"damage":0,"enemies":"Snake Plant","floor":31,"turns":5},{"damage":40,"enemies":"Collector","floor":33,"turns":8},{"damage":4,"enemies":"3 Shapes","floor":35,"turns":5},{"damage":0,"enemies":"Mind Bloom Boss Battle","floor":36,"turns":5},{"damage":0,"enemies":"3 Darklings","floor":38,"turns":5},{"damage":25,"enemies":"Maw","floor":39,"turns":7},{"damage":68,"enemies":"Reptomancer","floor":40,"turns":6},{"damage":10,"enemies":"Jaw Worm Horde","floor":45,"turns":3},{"damage":8,"enemies":"Spire Growth","floor":46,"turns":4},{"damage":0,"enemies":"Sphere and 2 Shapes","floor":48,"turns":6},{"damage":32,"enemies":"Awakened One","floor":50,"turns":11}],"seed_played":"-3321458459590306551","potions_obtained":[{"floor":4,"key":"Strength Potion"},{"floor":6,"key":"Fire Potion"},{"floor":8,"key":"FearPotion"},{"floor":14,"key":"PowerPotion"},{"floor":18,"key":"Weak Potion"},{"floor":21,"key":"Block Potion"},{"floor":23,"key":"FearPotion"},{"floor":27,"key":"Strength Potion"},{"floor":29,"key":"Strength Potion"},{"floor":35,"key":"FairyPotion"},{"floor":45,"key":"LiquidBronze"},{"floor":48,"key":"PowerPotion"}],"is_trial":false,"path_per_floor":["?","M","?","?","M","?","?","?","?"],"character_chosen":"IRONCLAD","items_purchased":["True Grit","Metallicize","Toxic Egg 2","Shrug It Off+1","Feel No Pain+1","Shockwave+1","Barricade+1","Ghostly Armor+1","Metallicize+1","Strength Potion"],"campfire_rested":1,"item_purchase_floors":[19,19,19,19,30,30,37,37,44,44],"current_hp_per_floor":[80,80,80,77,70,70,73,53,53,37,43,43,43,28,67,19,80,80,80,77,80,80,53,53,53,53,48,48,44,44,50,50,16,80,80,80,80,80,61,14,70,70,70,70,66,64,64,70,70,44],"gold":57,"neow_bonus":"HUNDRED_GOLD","is_prod":false,"is_daily":false,"chose_seed":false,"campfire_upgraded":5,"win_rate":0,"timestamp":1548990613,"path_taken":["M","?","M","?","M","E","M","E","T","?","M","R","M","E","R","BOSS","M","$","M","M","M","E","R","?","T","?","R","M","$","M","R","BOSS","M","?","$","M","M","E","?","?","T","$","M","M","?","M","R","BOSS"],"build_version":"2019-01-23","purchased_purges":2,"victory":true,"max_hp_per_floor":[80,80,80,80,80,80,80,80,80,80,80,80,80,80,80,80,80,80,80,80,80,80,80,80,80,80,80,80,80,80,80,80,80,80,80,80,80,80,80,80,70,70,70,70,70,70,70,70,70,70],"card_choices":[{"not_picked":["Havoc","Clothesline","Wild Strike"],"picked":"SKIP","floor":1},{"not_picked":["Twin Strike","Pommel Strike"],"picked":"Body Slam","floor":3},{"not_picked":["Body Slam","Blood for Blood"],"picked":"Headbutt","floor":4},{"not_picked":["Flame Barrier","Sever Soul"],"picked":"Thunderclap","floor":5},{"not_picked":["Rupture","Dropkick","Clothesline"],"picked":"SKIP","floor":6},{"not_picked":["Whirlwind","Reckless Charge"],"picked":"Battle Trance","floor":7},{"not_picked":["Havoc","Sentinel"],"picked":"Warcry","floor":8},{"not_picked":["Perfected Strike","Clothesline","Sever Soul"],"picked":"SKIP","floor":11},{"not_picked":["Sword Boomerang","Reckless Charge","Perfected Strike"],"picked":"SKIP","floor":13},{"not_picked":["Anger","Sever Soul","Wild Strike"],"picked":"SKIP","floor":14},{"not_picked":["Reaper","Brutality"],"picked":"Immolate","floor":16},{"not_picked":["Twin Strike","Heavy Blade"],"picked":"Iron Wave","floor":18},{"not_picked":["Carnage","Corruption"],"picked":"Armaments+1","floor":20},{"not_picked":["Rupture","Iron Wave+1"],"picked":"Juggernaut","floor":21},{"not_picked":["Heavy Blade+1","Blood for Blood"],"picked":"Headbutt","floor":22},{"not_picked":["Dropkick","Heavy Blade","Second Wind+1"],"picked":"SKIP","floor":23},{"not_picked":["Dropkick","Heavy Blade","Second Wind+1"],"picked":"SKIP","floor":23},{"not_picked":["Corruption+1","Shrug It Off+1"],"picked":"Impervious+1","floor":27},{"not_picked":["Twin Strike+1","True Grit+1"],"picked":"Shrug It Off+1","floor":29},{"not_picked":["Armaments+1","Heavy Blade"],"picked":"Reckless Charge","floor":31},{"not_picked":["Berserk+1","Feed"],"picked":"Dark Embrace+1","floor":33},{"not_picked":["Sever Soul+1","Iron Wave"],"picked":"Fire Breathing+1","floor":35},{"not_picked":["Wild Strike+1","Searing Blow+1"],"picked":"Spot Weakness+1","floor":36},{"not_picked":["Flex+1","Anger"],"picked":"Sword Boomerang+1","floor":38},{"not_picked":["Feel No Pain+1","Warcry+1"],"picked":"Burning Pact+1","floor":39},{"not_picked":["Corruption+1","Cleave+1"],"picked":"Heavy Blade+1","floor":40},{"not_picked":["Sever Soul+1","Perfected Strike+1","Clash+1"],"picked":"Whirlwind+1","floor":45},{"not_picked":["Clash+1","Uppercut","Sword Boomerang+1"],"picked":"Body Slam","floor":46},{"not_picked":["Impatience+1","Trip+1","Panacea+1"],"picked":"PanicButton+1","floor":47},{"not_picked":["Combust+1","Cleave","Twin Strike"],"picked":"Warcry+1","floor":48}],"player_experience":40711,"relics_obtained":[{"floor":6,"key":"Whetstone"},{"floor":8,"key":"Ornamental Fan"},{"floor":9,"key":"Red Skull"},{"floor":14,"key":"Regal Pillow"},{"floor":23,"key":"Oddly Smooth Stone"},{"floor":26,"key":"Frozen Egg 2"},{"floor":36,"key":"Calipers"},{"floor":40,"key":"Question Card"},{"floor":43,"key":"Bottled Tornado"}],"event_choices":[{"damage_healed":0,"gold_gain":0,"player_choice":"Forge","damage_taken":0,"max_hp_gain":0,"max_hp_loss":0,"event_name":"Accursed Blacksmith","floor":2,"gold_loss":0,"cards_upgraded":["Bash"]},{"damage_healed":0,"gold_gain":0,"player_choice":"Entered Light","damage_taken":16,"max_hp_gain":0,"max_hp_loss":0,"event_name":"Shining Light","floor":10,"gold_loss":0,"cards_upgraded":["Strike_R","Warcry"]},{"cards_removed":["Strike_R"],"damage_healed":0,"gold_gain":0,"player_choice":"Offered Basic","damage_taken":0,"max_hp_gain":0,"max_hp_loss":0,"event_name":"Bonfire Elementals","floor":25,"gold_loss":0},{"damage_healed":0,"gold_gain":0,"player_choice":"Fight","damage_taken":0,"max_hp_gain":0,"max_hp_loss":0,"event_name":"MindBloom","floor":36,"gold_loss":0},{"damage_healed":70,"gold_gain":0,"player_choice":"Heal","damage_taken":0,"max_hp_gain":0,"max_hp_loss":10,"event_name":"The Moai Head","floor":41,"gold_loss":0},{"damage_healed":0,"gold_gain":0,"player_choice":"Ignored","damage_taken":0,"max_hp_gain":0,"max_hp_loss":0,"event_name":"Mysterious Sphere","floor":42,"gold_loss":0},{"damage_healed":0,"gold_gain":0,"player_choice":"Memory 1","damage_taken":0,"max_hp_gain":0,"max_hp_loss":0,"event_name":"SensoryStone","floor":47,"gold_loss":0}],"is_beta":false,"boss_relics":[{"not_picked":["White Beast Statue","Snecko Eye"],"picked":"Cursed Key"},{"not_picked":["Eternal Feather","Coffee Dripper"],"picked":"Astrolabe"}],"items_purged_floors":[19,37],"is_endless":false,"potions_floor_spawned":[4,6,8,14,18,21,23,27,29,35,45,48],"ascension_level":0}