{"gold_per_floor":[110,185,104,104,66,66,96,110,133,143,143,158,185,195,195,291,291,305,405,405,415,433,433],"floor_reached":23,"playtime":2463,"items_purged":[],"score":289,"play_id":"c8b0fa65-4fe8-4c61-9b1e-43e989810bac","local_time":"20190308105548","is_ascension_mode":true,"campfire_choices":[{"data":"Flash of Steel","floor":6,"key":"SMITH"},{"data":"Combust","floor":11,"key":"SMITH"},{"data":"Inflame","floor":15,"key":"SMITH"}],"neow_cost":"NONE","seed_source_timestamp":721019514003682,"circlet_count":0,"master_deck":["Strike_R","Strike_R+1","Strike_R","Strike_R","Strike_R","Defend_R","Defend_R","Defend_R","Defend_R+1","Bash","Flash of Steel+1","Combust+1","Inflame+1","True Grit","Armaments","Feed","Offering","Pommel Strike","Limit Break","Pommel Strike","Metallicize+1","Shrug It Off"],"relics":["Burning Blood","NeowsBlessing","Torii","Orichalcum","Smiling Mask","Velvet Choker","Nunchaku","Singing Bowl"],"potions_floor_usage":[12,16,16,19,22,23],"damage_taken":[{"damage":0,"enemies":"2 Louse","floor":1,"turns":1},{"damage":1,"enemies":"3 Sentries","floor":7,"turns":1},{"damage":0,"enemies":"Small Slimes","floor":8,"turns":1},{"damage":2,"enemies":"Jaw Worm","floor":10,"turns":3},{"damage":1,"enemies":"Looter","floor":12,"turns":2},{"damage":2,"enemies":"Gremlin Nob","floor":13,"turns":3},{"damage":2,"enemies":"3 Louse","floor":14,"turns":2},{"damage":50,"enemies":"The Guardian","floor":16,"turns":8},{"damage":18,"enemies":"3 Byrds","floor":18,"turns":4},{"damage":29,"enemies":"Colosseum Slavers","floor":19,"turns":3},{"damage":17,"enemies":"Colosseum Nobs","floor":19,"turns":4},{"damage":16,"enemies":"2 Thieves","floor":21,"turns":4},{"damage":35,"enemies":"Snake Plant","floor":22,"turns":5},{"damage":23,"enemies":"Gremlin Leader","floor":23,"turns":6}],"seed_played":"-819867312415660154","potions_obtained":[{"floor":1,"key":"Poison Potion"},{"floor":8,"key":"Fire Potion"},{"floor":12,"key":"Strength Potion"},{"floor":13,"key":"Fire Potion"},{"floor":21,"key":"Energy Potion"},{"floor":22,"key":"AttackPotion"}],"is_trial":false,"path_per_floor":["M","?","$","?","$","R","E","M","T","M","R","M","E","M","R","B",null,"M","?","?","M","M","E"],"character_chosen":"IRONCLAD","items_purchased":["Flash of Steel","Combust"],"campfire_rested":0,"item_purchase_floors":[3,5],"current_hp_per_floor":[80,69,69,53,53,53,58,64,64,68,68,73,77,83,83,39,83,74,43,43,36,12,0],"gold":433,"neow_bonus":"THREE_ENEMY_KILL","is_prod":false,"is_daily":false,"chose_seed":false,"campfire_upgraded":3,"win_rate":0,"timestamp":1552060548,"path_taken":["M","?","$","?","?","R","E","M","T","M","R","M","E","M","R","BOSS","M","?","?","M","?","E"],"build_version":"2019-01-23","purchased_purges":0,"victory":false,"max_hp_per_floor":[80,80,80,80,80,80,80,80,80,80,80,80,80,83,83,83,83,86,89,89,92,97,97],"card_choices":[{"not_picked":["Flex","Entrench","Sentinel"],"picked":"SKIP","floor":1},{"not_picked":["Sword Boomerang","Dropkick"],"picked":"Inflame","floor":7},{"not_picked":["Dual Wield","Sword Boomerang"],"picked":"True Grit","floor":8},{"not_picked":["Iron Wave","Burning Pact"],"picked":"Armaments","floor":10},{"not_picked":["Sword Boomerang","Clothesline"],"picked":"Feed","floor":12},{"not_picked":["Fire Breathing","Power Through"],"picked":"Offering","floor":13},{"not_picked":["Twin Strike","Iron Wave"],"picked":"Pommel Strike","floor":14},{"not_picked":["Barricade","Feed"],"picked":"Limit Break","floor":16},{"not_picked":["True Grit","Fire Breathing"],"picked":"Pommel Strike","floor":18},{"not_picked":["Clash","Clothesline+1"],"picked":"Metallicize+1","floor":19},{"not_picked":["True Grit","Perfected Strike+1"],"picked":"Shrug It Off","floor":21},{"not_picked":["Corruption","Clash+1","Searing Blow"],"picked":"Singing Bowl","floor":22}],"player_experience":96294,"relics_obtained":[{"floor":7,"key":"Torii"},{"floor":9,"key":"Orichalcum"},{"floor":13,"key":"Smiling Mask"},{"floor":19,"key":"Nunchaku"},{"floor":19,"key":"Singing Bowl"}],"event_choices":[{"damage_healed":0,"gold_gain":75,"player_choice":"Gather Gold","damage_taken":11,"max_hp_gain":0,"max_hp_loss":0,"event_name":"World of Goop","floor":2,"gold_loss":0},{"damage_healed":0,"gold_gain":0,"player_choice":"Entered Light","damage_taken":16,"max_hp_gain":0,"max_hp_loss":0,"event_name":"Shining Light","floor":4,"gold_loss":0,"cards_upgraded":["Defend_R","Strike_R"]},{"damage_healed":0,"gold_gain":0,"player_choice":"Fight","damage_taken":0,"max_hp_gain":0,"max_hp_loss":0,"event_name":"Colosseum","floor":19,"gold_loss":0},{"damage_healed":0,"gold_gain":0,"player_choice":"Fought Nobs","damage_taken":0,"max_hp_gain":0,"max_hp_loss":0,"event_name":"Colosseum","floor":19,"gold_loss":0},{"damage_healed":0,"gold_gain":0,"player_choice":"Bought 0 Potions","damage_taken":0,"max_hp_gain":0,"max_hp_loss":0,"event_name":"The Woman in Blue","floor":20,"gold_loss":0}],"is_beta":false,"boss_relics":[{"not_picked":["Pandora\u0027s Box","Black Star"],"picked":"Velvet Choker"}],"items_purged_floors":[],"is_endless":false,"potions_floor_spawned":[1,8,12,13,21,22],"killed_by":"Gremlin Leader","ascension_level":1}