{"gold_per_floor":[117,117,117,67,67,67,95,95,95,95,125,125,141,18,18,123,123,141,66,84,54,0,0,0],"floor_reached":24,"playtime":954,"items_purged":["Parasite"],"score":238,"play_id":"46d9cfe0-a266-41b4-8f1c-7db218a2bfda","local_time":"20190311122127","is_ascension_mode":true,"campfire_choices":[{"data":"Bash","floor":6,"key":"SMITH"},{"floor":8,"key":"REST"},{"floor":15,"key":"REST"},{"floor":23,"key":"REST"}],"neow_cost":"PERCENT_DAMAGE","seed_source_timestamp":756968247107186,"circlet_count":0,"master_deck":["Strike_R+1","Defend_R","Defend_R","Defend_R","Bash+1","Whirlwind+1","Rampage","Ghostly Armor","Iron Wave+1","Flex"],"relics":["Burning Blood","Ancient Tea Set","Letter Opener","Paper Frog","Empty Cage"],"potions_floor_usage":[16,16,16,24,24,24],"damage_taken":[{"damage":2,"enemies":"Jaw Worm","floor":1,"turns":5},{"damage":16,"enemies":"Gremlin Nob","floor":7,"turns":3},{"damage":48,"enemies":"Lagavulin","floor":11,"turns":8},{"damage":0,"enemies":"2 Louse","floor":13,"turns":1},{"damage":33,"enemies":"Hexaghost","floor":16,"turns":7},{"damage":31,"enemies":"Shell Parasite","floor":18,"turns":6},{"damage":33,"enemies":"Spheric Guardian","floor":20,"turns":6},{"damage":60,"enemies":"Book of Stabbing","floor":24,"turns":6}],"seed_played":"6975302415734445077","potions_obtained":[{"floor":1,"key":"LiquidBronze"},{"floor":13,"key":"AttackPotion"},{"floor":20,"key":"Fruit Juice"},{"floor":21,"key":"Strength Potion"},{"floor":21,"key":"FearPotion"}],"is_trial":false,"path_per_floor":["M","?","?","?","$","R","E","R","T","?","E","?","M","$","R","B",null,"M","$","M","?","$","R","E"],"character_chosen":"IRONCLAD","items_purchased":["Poison Potion","Ghostly Armor","Flex"],"campfire_rested":3,"item_purchase_floors":[14,19,22],"current_hp_per_floor":[60,53,37,37,37,37,27,51,51,51,9,29,35,35,58,31,77,52,52,25,25,25,48,0],"gold":0,"neow_bonus":"REMOVE_TWO","is_prod":false,"is_daily":false,"chose_seed":false,"campfire_upgraded":1,"win_rate":0,"timestamp":1552321287,"path_taken":["M","?","?","?","$","R","E","R","T","?","E","?","M","?","R","BOSS","M","$","M","?","?","R","E"],"build_version":"2019-01-23","purchased_purges":1,"victory":false,"max_hp_per_floor":[80,80,80,80,80,80,80,80,80,80,80,80,80,77,77,77,77,77,77,77,77,77,77,82],"card_choices":[{"not_picked":["Combust","Entrench"],"picked":"Whirlwind","floor":1},{"not_picked":["Sword Boomerang","Carnage","Havoc"],"picked":"SKIP","floor":7},{"not_picked":["Anger","Infernal Blade","Wild Strike"],"picked":"SKIP","floor":11},{"not_picked":["Burning Pact","Armaments"],"picked":"Rampage","floor":13},{"not_picked":["Heavy Blade","Searing Blow","Anger"],"picked":"SKIP","floor":18},{"not_picked":["Shockwave","Sword Boomerang"],"picked":"Iron Wave+1","floor":20}],"player_experience":137491,"relics_obtained":[{"floor":7,"key":"Ancient Tea Set"},{"floor":9,"key":"Letter Opener"},{"floor":11,"key":"Paper Frog"}],"event_choices":[{"cards_removed":["Defend_R"],"damage_healed":0,"gold_gain":0,"player_choice":"Card Removal","damage_taken":7,"max_hp_gain":0,"max_hp_loss":0,"event_name":"Golden Wing","floor":2,"gold_loss":0},{"damage_healed":0,"gold_gain":0,"player_choice":"Entered Light","damage_taken":16,"max_hp_gain":0,"max_hp_loss":0,"event_name":"Shining Light","floor":3,"gold_loss":0,"cards_upgraded":["Whirlwind","Strike_R"]},{"damage_healed":0,"gold_gain":0,"player_choice":"Left Gold","damage_taken":0,"max_hp_gain":0,"max_hp_loss":0,"event_name":"World of Goop","floor":4,"gold_loss":50},{"damage_healed":0,"gold_gain":0,"player_choice":"Ignored","damage_taken":0,"max_hp_gain":0,"max_hp_loss":0,"event_name":"Liars Game","floor":10,"gold_loss":0},{"damage_healed":20,"gold_gain":0,"player_choice":"Healed and dodged fight","damage_taken":0,"max_hp_gain":0,"max_hp_loss":0,"event_name":"Mushrooms","floor":12,"gold_loss":0,"cards_obtained":["Parasite"]},{"damage_healed":0,"gold_gain":0,"player_choice":"Bought 2 Potions","damage_taken":0,"max_hp_gain":0,"max_hp_loss":0,"event_name":"The Woman in Blue","floor":21,"gold_loss":0}],"is_beta":false,"boss_relics":[{"not_picked":["Black Blood","Fusion Hammer"],"picked":"Empty Cage"}],"items_purged_floors":[14],"is_endless":false,"potions_floor_spawned":[1,13,20],"killed_by":"Book of Stabbing","ascension_level":4}