{"gold_per_floor":[113,130,130,130,130,161,175,175,202,237,249,263,263,69,69,167,167,184,203,223,252,252,252,263,291,291,310,310,340,340,373,373,373],"floor_reached":33,"playtime":1689,"items_purged":[],"score":473,"play_id":"250a5ef9-d57d-4d9f-b277-d24255f15dda","local_time":"20190314131108","is_ascension_mode":true,"campfire_choices":[{"data":"Anger","floor":8,"key":"SMITH"},{"data":"Shockwave","floor":15,"key":"SMITH"},{"floor":23,"key":"REST"},{"floor":28,"key":"REST"},{"floor":30,"key":"REST"},{"floor":32,"key":"REST"}],"neow_cost":"NONE","seed_source_timestamp":849437212534921,"circlet_count":0,"master_deck":["Strike_R","Strike_R","Strike_R","Strike_R","Defend_R","Defend_R","Defend_R","Defend_R","Bash+1","Anger+1","Headbutt","Clumsy","Impervious","Disarm","Immolate","Shockwave+1","Demon Form","Pommel Strike+1","Battle Trance+1","Ghostly Armor"],"relics":["Burning Blood","NeowsBlessing","Blood Vial","Potion Belt","Sundial","Velvet Choker","Red Mask","Bag of Marbles","Kunai","Happy Flower","Bottled Lightning"],"potions_floor_usage":[7,10,13,19,21,29,29,31],"damage_taken":[{"damage":0,"enemies":"Small Slimes","floor":1,"turns":1},{"damage":0,"enemies":"Cultist","floor":2,"turns":1},{"damage":0,"enemies":"Gremlin Nob","floor":6,"turns":1},{"damage":7,"enemies":"Jaw Worm","floor":7,"turns":2},{"damage":35,"enemies":"Lagavulin","floor":10,"turns":6},{"damage":11,"enemies":"Blue Slaver","floor":11,"turns":4},{"damage":17,"enemies":"3 Louse","floor":12,"turns":4},{"damage":0,"enemies":"3 Sentries","floor":13,"turns":1},{"damage":35,"enemies":"The Guardian","floor":16,"turns":9},{"damage":23,"enemies":"Shell Parasite","floor":18,"turns":6},{"damage":11,"enemies":"3 Byrds","floor":19,"turns":3},{"damage":19,"enemies":"Shelled Parasite and Fungi","floor":20,"turns":5},{"damage":30,"enemies":"Masked Bandits","floor":21,"turns":4},{"damage":8,"enemies":"Cultist and Chosen","floor":24,"turns":4},{"damage":22,"enemies":"Book of Stabbing","floor":25,"turns":4},{"damage":14,"enemies":"Snecko","floor":27,"turns":5},{"damage":43,"enemies":"Slavers","floor":29,"turns":4},{"damage":21,"enemies":"Gremlin Leader","floor":31,"turns":5},{"damage":70,"enemies":"Collector","floor":33,"turns":7}],"seed_played":"-8290688497913241143","potions_obtained":[{"floor":2,"key":"Strength Potion"},{"floor":6,"key":"Ancient Potion"},{"floor":12,"key":"SmokeBomb"},{"floor":18,"key":"LiquidBronze"},{"floor":20,"key":"SpeedPotion"},{"floor":21,"key":"FearPotion"},{"floor":27,"key":"Ancient Potion"},{"floor":29,"key":"Regen Potion"}],"is_trial":false,"path_per_floor":["M","M","?","?","?","E","M","R","T","E","M","M","E","$","R","B",null,"M","M","M","?","?","R","M","E","T","M","R","E","R","E","R","B"],"character_chosen":"IRONCLAD","items_purchased":["Immolate","Shockwave"],"campfire_rested":4,"item_purchase_floors":[14,14],"current_hp_per_floor":[78,80,73,73,73,79,79,79,79,51,48,39,47,47,47,20,65,50,47,36,14,14,38,38,24,24,18,42,7,31,32,56,0],"gold":373,"neow_bonus":"THREE_ENEMY_KILL","is_prod":false,"is_daily":false,"chose_seed":false,"campfire_upgraded":2,"win_rate":0,"timestamp":1552583468,"path_taken":["M","M","?","?","?","E","?","R","T","E","M","M","E","$","R","BOSS","M","M","M","?","?","R","M","E","T","M","R","E","R","E","R","BOSS"],"build_version":"2019-01-23","purchased_purges":0,"victory":false,"max_hp_per_floor":[80,80,80,80,80,80,80,80,80,80,80,80,80,80,80,80,80,80,80,80,80,80,80,80,80,80,80,80,80,80,80,80,80],"card_choices":[{"not_picked":["Heavy Blade","Wild Strike"],"picked":"Anger","floor":1},{"not_picked":["Anger","Heavy Blade"],"picked":"Headbutt","floor":2},{"not_picked":["Anger","Heavy Blade","Clothesline"],"picked":"SKIP","floor":6},{"not_picked":["Armaments","Anger"],"picked":"Impervious","floor":7},{"not_picked":["Metallicize","Body Slam","Warcry"],"picked":"SKIP","floor":10},{"not_picked":["Perfected Strike","Thunderclap","Havoc"],"picked":"SKIP","floor":11},{"not_picked":["Blood for Blood","Pummel"],"picked":"Disarm","floor":12},{"not_picked":["Feed","Limit Break"],"picked":"Demon Form","floor":16},{"not_picked":["Clothesline+1","Body Slam+1","Inflame"],"picked":"SKIP","floor":18},{"not_picked":["Fire Breathing+1","Rupture","Anger"],"picked":"SKIP","floor":19},{"not_picked":["Headbutt+1","Ghostly Armor"],"picked":"Pommel Strike+1","floor":20},{"not_picked":["Hemokinesis","Pommel Strike","Pummel+1"],"picked":"SKIP","floor":24},{"not_picked":["Corruption+1","Dark Embrace","Anger"],"picked":"SKIP","floor":25},{"not_picked":["Bloodletting+1","Burning Pact"],"picked":"Battle Trance+1","floor":27},{"not_picked":["Dropkick","Heavy Blade+1"],"picked":"Ghostly Armor","floor":29},{"not_picked":["Ghostly Armor","Bludgeon","Shrug It Off"],"picked":"SKIP","floor":31}],"player_experience":187472,"relics_obtained":[{"floor":6,"key":"Blood Vial"},{"floor":9,"key":"Potion Belt"},{"floor":10,"key":"Sundial"},{"floor":21,"key":"Red Mask"},{"floor":25,"key":"Bag of Marbles"},{"floor":26,"key":"Kunai"},{"floor":29,"key":"Happy Flower"},{"floor":31,"key":"Bottled Lightning"}],"event_choices":[{"cards_removed":["Strike_R"],"damage_healed":0,"gold_gain":0,"player_choice":"Card Removal","damage_taken":7,"max_hp_gain":0,"max_hp_loss":0,"event_name":"Golden Wing","floor":3,"gold_loss":0},{"damage_healed":0,"gold_gain":0,"player_choice":"Grow","damage_taken":0,"max_hp_gain":0,"max_hp_loss":0,"event_name":"Living Wall","floor":4,"gold_loss":0,"cards_upgraded":["Bash"]},{"damage_healed":0,"gold_gain":0,"player_choice":"1 cards matched","damage_taken":0,"max_hp_gain":0,"max_hp_loss":0,"event_name":"Match and Keep!","floor":5,"gold_loss":0,"cards_obtained":["Clumsy"]},{"damage_healed":0,"gold_gain":0,"player_choice":"Fought Bandits","damage_taken":0,"max_hp_gain":0,"max_hp_loss":0,"event_name":"Masked Bandits","floor":21,"gold_loss":0},{"damage_healed":0,"gold_gain":0,"player_choice":"Ignored","damage_taken":0,"max_hp_gain":0,"max_hp_loss":0,"event_name":"Ghosts","floor":22,"gold_loss":0}],"is_beta":false,"boss_relics":[{"not_picked":["Sozu","Empty Cage"],"picked":"Velvet Choker"}],"items_purged_floors":[],"is_endless":false,"potions_floor_spawned":[2,6,12,13,18,20,21,27,29],"killed_by":"Collector","ascension_level":7}