{"gold_per_floor":[109,122,133,54,70,70,98,114,114,131,142,92,92,92,92,197,197,217,67,84,84,84,114,114,126,126,139,139],"floor_reached":28,"playtime":1372,"items_purged":[],"score":339,"play_id":"d915087c-b6c9-464f-85a0-485a3c1b13f8","local_time":"20190318075423","is_ascension_mode":true,"campfire_choices":[{"data":"Bash","floor":6,"key":"SMITH"},{"floor":13,"key":"REST"},{"floor":15,"key":"REST"},{"data":"Armaments","floor":24,"key":"SMITH"}],"neow_cost":"NONE","seed_source_timestamp":888953072126878,"circlet_count":0,"master_deck":["Strike_R","Strike_R","Strike_R","Defend_R","Defend_R","Defend_R","Defend_R","Bash+1","Twin Strike","Spot Weakness","Uppercut","Pommel Strike","Battle Trance","Limit Break","Pommel Strike+1","Armaments+1","Iron Wave"],"relics":["Burning Blood","Regal Pillow","Bronze Scales","Self Forming Clay","Black Star","Pen Nib","Bottled Flame","Matryoshka","Art of War","Blue Candle"],"potions_floor_usage":[8,18,23,25,27],"damage_taken":[{"damage":2,"enemies":"2 Louse","floor":1,"turns":3},{"damage":3,"enemies":"Small Slimes","floor":2,"turns":4},{"damage":9,"enemies":"Cultist","floor":3,"turns":5},{"damage":16,"enemies":"3 Louse","floor":5,"turns":3},{"damage":35,"enemies":"Lagavulin","floor":7,"turns":5},{"damage":24,"enemies":"Exordium Wildlife","floor":8,"turns":6},{"damage":6,"enemies":"Looter","floor":10,"turns":2},{"damage":14,"enemies":"3 Louse","floor":11,"turns":5},{"damage":47,"enemies":"Slime Boss","floor":16,"turns":12},{"damage":0,"enemies":"3 Byrds","floor":18,"turns":1},{"damage":22,"enemies":"Shell Parasite","floor":20,"turns":6},{"damage":37,"enemies":"Book of Stabbing","floor":23,"turns":5},{"damage":22,"enemies":"Cultist and Chosen","floor":25,"turns":7},{"damage":5,"enemies":"Chosen and Byrds","floor":27,"turns":5},{"damage":20,"enemies":"Shelled Parasite and Fungi","floor":28,"turns":2}],"seed_played":"-8996190039365352431","potions_obtained":[{"floor":1,"key":"LiquidBronze"},{"floor":7,"key":"Explosive Potion"},{"floor":16,"key":"SteroidPotion"},{"floor":18,"key":"Explosive Potion"},{"floor":25,"key":"Energy Potion"}],"is_trial":false,"path_per_floor":["M","M","M","$","M","R","E","M","T","M","M","?","R","?","R","B",null,"M","$","M","$","?","E","R","M","T","M","M"],"character_chosen":"IRONCLAD","items_purchased":["Uppercut","Pen Nib"],"campfire_rested":2,"item_purchase_floors":[4,19],"current_hp_per_floor":[76,79,76,76,66,66,37,19,19,19,11,11,50,50,80,39,70,76,76,60,60,60,29,29,13,13,14,0],"gold":139,"neow_bonus":"RANDOM_COMMON_RELIC","is_prod":false,"is_daily":false,"chose_seed":false,"campfire_upgraded":2,"win_rate":0,"timestamp":1552910063,"path_taken":["M","M","M","$","M","R","E","M","T","M","M","?","R","?","R","BOSS","M","?","M","$","?","E","R","M","T","M","M"],"build_version":"2019-01-23","purchased_purges":0,"victory":false,"max_hp_per_floor":[80,80,80,80,80,80,80,80,80,80,80,80,80,80,80,80,80,80,80,80,80,80,80,80,80,80,80,80],"card_choices":[{"not_picked":["Entrench","Warcry"],"picked":"Twin Strike","floor":1},{"not_picked":["Wild Strike","Flex","Cleave"],"picked":"SKIP","floor":2},{"not_picked":["Warcry","Clothesline"],"picked":"Spot Weakness","floor":3},{"not_picked":["Pummel","Power Through","Uppercut"],"picked":"SKIP","floor":5},{"not_picked":["Dark Embrace","Second Wind","Feel No Pain"],"picked":"SKIP","floor":7},{"not_picked":["Body Slam","Dropkick"],"picked":"Pommel Strike","floor":8},{"not_picked":["Inflame","Iron Wave"],"picked":"Battle Trance","floor":10},{"not_picked":["Pommel Strike","Burning Pact","Battle Trance"],"picked":"SKIP","floor":11},{"not_picked":["Barricade","Exhume"],"picked":"Limit Break","floor":16},{"not_picked":["Wild Strike","Cleave"],"picked":"Pommel Strike+1","floor":18},{"not_picked":["Thunderclap+1","Shrug It Off"],"picked":"Armaments","floor":20},{"not_picked":["Searing Blow","Perfected Strike+1"],"picked":"Iron Wave","floor":23},{"not_picked":["Iron Wave","Clash","Blood for Blood"],"picked":"SKIP","floor":25},{"not_picked":["Blood for Blood","Metallicize","Clash"],"picked":"SKIP","floor":27}],"player_experience":229036,"relics_obtained":[{"floor":7,"key":"Bronze Scales"},{"floor":9,"key":"Self Forming Clay"},{"floor":23,"key":"Bottled Flame"},{"floor":23,"key":"Matryoshka"},{"floor":26,"key":"Art of War"},{"floor":26,"key":"Blue Candle"}],"event_choices":[{"cards_removed":["Strike_R"],"damage_healed":0,"gold_gain":0,"player_choice":"Card Removal","damage_taken":0,"max_hp_gain":0,"max_hp_loss":0,"event_name":"The Cleric","floor":12,"gold_loss":50},{"cards_removed":["Strike_R"],"damage_healed":0,"gold_gain":0,"player_choice":"Purged","damage_taken":0,"max_hp_gain":0,"max_hp_loss":0,"event_name":"Purifier","floor":14,"gold_loss":0}],"is_beta":false,"boss_relics":[{"not_picked":["Orrery","Coffee Dripper"],"picked":"Black Star"}],"items_purged_floors":[],"is_endless":false,"potions_floor_spawned":[1,7,16,18,25],"killed_by":"Shelled Parasite and Fungi","ascension_level":8}