{"gold_per_floor":[111,111,34,52,63,63,63,63,63,76,76,88,163,338,338,338],"floor_reached":16,"playtime":280,"items_purged":[],"score":90,"play_id":"bd15b803-c654-41d2-ab60-473bdcfa4102","local_time":"20190324035551","is_ascension_mode":false,"campfire_choices":[{"data":"Limit Break","floor":6,"key":"SMITH"},{"data":"Flame Barrier","floor":8,"key":"SMITH"},{"data":"Battle Trance","floor":11,"key":"SMITH"},{"data":"Infernal Blade","floor":15,"key":"SMITH"}],"neow_cost":"NONE","seed_source_timestamp":3234157767182,"circlet_count":0,"master_deck":["Strike_R","Strike_R","Strike_R","Strike_R","Strike_R","Defend_R","Defend_R","Defend_R","Defend_R","Bash+1","Headbutt","Battle Trance+1","Limit Break+1","Flame Barrier+1","Infernal Blade+1","Doubt"],"relics":["Burning Blood","NeowsBlessing","Singing Bowl"],"potions_floor_usage":[10,10],"damage_taken":[{"damage":0,"enemies":"Small Slimes","floor":1,"turns":1},{"damage":0,"enemies":"Cultist","floor":4,"turns":1},{"damage":0,"enemies":"2 Louse","floor":5,"turns":1},{"damage":0,"enemies":"Gremlin Gang","floor":10,"turns":2},{"damage":2,"enemies":"3 Louse","floor":12,"turns":5},{"damage":75,"enemies":"The Guardian","floor":16,"turns":19}],"seed_played":"4659210558368760842","potions_obtained":[{"floor":1,"key":"Explosive Potion"},{"floor":4,"key":"AttackPotion"}],"is_trial":false,"path_per_floor":["M","?","$","M","M","R","?","R","T","M","R","M","?","?","R","B"],"character_chosen":"IRONCLAD","items_purchased":["Battle Trance"],"campfire_rested":0,"item_purchase_floors":[3],"current_hp_per_floor":[80,80,80,80,80,80,80,80,80,82,82,82,71,71,71,0],"gold":338,"neow_bonus":"THREE_ENEMY_KILL","is_prod":false,"is_daily":false,"chose_seed":false,"campfire_upgraded":4,"win_rate":0,"timestamp":1553421351,"path_taken":["M","?","?","M","?","R","?","R","T","M","R","?","?","?","R","BOSS"],"build_version":"2019-01-23","purchased_purges":0,"victory":false,"max_hp_per_floor":[80,80,80,80,80,80,80,80,80,82,82,82,82,82,82,82],"card_choices":[{"not_picked":["Perfected Strike","Heavy Blade"],"picked":"Headbutt","floor":1},{"not_picked":["Metallicize","Wild Strike"],"picked":"Limit Break","floor":4},{"not_picked":["Sever Soul","Wild Strike"],"picked":"Flame Barrier","floor":5},{"not_picked":["Armaments","Clash","Dropkick"],"picked":"Singing Bowl","floor":10},{"not_picked":["Anger","Disarm"],"picked":"Infernal Blade","floor":12}],"player_experience":1128289,"relics_obtained":[{"floor":9,"key":"Singing Bowl"}],"event_choices":[{"damage_healed":0,"gold_gain":0,"player_choice":"Upgraded","damage_taken":0,"max_hp_gain":0,"max_hp_loss":0,"event_name":"Upgrade Shrine","floor":2,"gold_loss":0,"cards_upgraded":["Bash"]},{"damage_healed":0,"gold_gain":0,"player_choice":"Ignored","damage_taken":0,"max_hp_gain":0,"max_hp_loss":0,"event_name":"NoteForYourself","floor":7,"gold_loss":0},{"damage_healed":0,"gold_gain":75,"player_choice":"Gather Gold","damage_taken":11,"max_hp_gain":0,"max_hp_loss":0,"event_name":"World of Goop","floor":13,"gold_loss":0},{"damage_healed":0,"gold_gain":175,"player_choice":"AGREE","damage_taken":0,"max_hp_gain":0,"max_hp_loss":0,"event_name":"Liars Game","floor":14,"gold_loss":0,"cards_obtained":["Doubt"]}],"is_beta":false,"boss_relics":[],"items_purged_floors":[],"is_endless":false,"potions_floor_spawned":[1,4],"killed_by":"The Guardian","ascension_level":0}