{"gold_per_floor":[110,110,123,0,0,31,31,62,62,73,148,148,13,13,13,115,115,126,126,136,136,149,149,9,39,64,64,75,100,100,113,113,210,210,227,227,227,227,227,227,241,241,241,256,256,302,302,314,314,314,314,314,53,86,86],"floor_reached":55,"playtime":15026,"items_purged":[],"score":734,"play_id":"dd6b0e6c-5593-4516-b9df-4d3aae9ab1c1","local_time":"20190228014806","is_ascension_mode":false,"campfire_choices":[{"data":"Dualcast","floor":7.0,"key":"SMITH"},{"data":"Redo","floor":12.0,"key":"SMITH"},{"floor":15.0,"key":"REST"},{"floor":23.0,"key":"RECALL"},{"floor":27.0,"key":"REST"},{"floor":30.0,"key":"REST"},{"data":"Multi-Cast","floor":32.0,"key":"SMITH"},{"data":"White Noise","floor":40.0,"key":"SMITH"},{"floor":45.0,"key":"REST"},{"data":"Loop","floor":47.0,"key":"SMITH"},{"floor":49.0,"key":"REST"},{"data":"Steam Power","floor":52,"key":"SMITH"}],"neow_cost":"NONE","seed_source_timestamp":0,"circlet_count":0,"master_deck":["Strike_B+1","Strike_B+1","Strike_B+1","Strike_B+1","Defend_B+1","Defend_B+1","Defend_B+1","Zap+1","Dualcast+1","Leap","Hologram","Go for the Eyes+1","Doom and Gloom","Chill","Turbo","Redo+1","Compile Driver","White Noise+1","Go for the Eyes","All For One","Skim","Loop+1","Steam","Finesse","Rebound","Conserve Battery","Multi-Cast+1","Static Discharge+1","Beam Cell+1","Ball Lightning","FTL","Steam Power+1","Electrodynamics","Tempest","Ball Lightning+1","Bandage Up","Coolheaded+1","BootSequence+1","Cold Snap","Hologram+1","Coolheaded+1","Turbo","Rainbow","Defragment+1"],"special_seed":0,"relics":["FrozenCore","WingedGreaves","Pantograph","Pear","Prayer Wheel","Nuclear Battery","Matryoshka","Bronze Scales","Ice Cream","Oddly Smooth Stone","Frozen Egg 2","Nunchaku","DollysMirror","Happy Flower"],"potions_floor_usage":[50],"damage_taken":[{"damage":0.0,"enemies":"Cultist","floor":1.0,"turns":3.0},{"damage":1.0,"enemies":"2 Louse","floor":3.0,"turns":2.0},{"damage":8.0,"enemies":"Lagavulin","floor":6.0,"turns":6.0},{"damage":13.0,"enemies":"Gremlin Nob","floor":8.0,"turns":3.0},{"damage":0.0,"enemies":"Small Slimes","floor":10.0,"turns":3.0},{"damage":19.0,"enemies":"The Guardian","floor":16.0,"turns":10.0},{"damage":17.0,"enemies":"2 Thieves","floor":18.0,"turns":3.0},{"damage":2.0,"enemies":"Spheric Guardian","floor":20.0,"turns":3.0},{"damage":6.0,"enemies":"3 Cultists","floor":22.0,"turns":4.0},{"damage":20.0,"enemies":"Book of Stabbing","floor":25.0,"turns":4.0},{"damage":0.0,"enemies":"Centurion and Healer","floor":28.0,"turns":6.0},{"damage":17.0,"enemies":"Gremlin Leader","floor":29.0,"turns":5.0},{"damage":0.0,"enemies":"Cultist and Chosen","floor":31.0,"turns":4.0},{"damage":45.0,"enemies":"Collector","floor":33.0,"turns":8.0},{"damage":12.0,"enemies":"3 Shapes","floor":35.0,"turns":5.0},{"damage":11.0,"enemies":"Orb Walker","floor":41.0,"turns":2.0},{"damage":37.0,"enemies":"Writhing Mass","floor":44.0,"turns":5.0},{"damage":13.0,"enemies":"2 Orb Walkers","floor":46.0,"turns":4.0},{"damage":41.0,"enemies":"Transient","floor":48.0,"turns":5.0},{"damage":46,"enemies":"Donu and Deca","floor":50,"turns":10},{"damage":7,"enemies":"Shield and Spear","floor":54,"turns":5},{"damage":98,"enemies":"The Heart","floor":55,"turns":6}],"seed_played":"839683512399747773","potions_obtained":[{"floor":1.0,"key":"Energy Potion"},{"floor":8.0,"key":"Explosive Potion"},{"floor":18.0,"key":"SteroidPotion"},{"floor":20.0,"key":"Energy Potion"},{"floor":22.0,"key":"SpeedPotion"},{"floor":28.0,"key":"FocusPotion"},{"floor":41.0,"key":"EssenceOfSteel"},{"floor":46.0,"key":"SteroidPotion"}],"is_trial":false,"path_per_floor":["M","?","M","$","?","E","R","E","T","M","?","R","$","?","R","B",null,"M","?","M","?","M","R","$","E","T","R","M","E","R","M","R","B",null,"M","?","?","?","$","R","M","?","T","M","R","?","R","M","R","B",null,"R","$","E","B"],"character_chosen":"DEFECT","items_purchased":["Go for the Eyes","Doom and Gloom","Compile Driver","White Noise","Go for the Eyes","All For One","DollysMirror","Rainbow"],"campfire_rested":5,"item_purchase_floors":[4,4,13,13,13,24,53,53],"current_hp_per_floor":[75,75,74,74,74,66,66,63,63,63,52,52,52,35,60,66,85,68,68,66,66,60,60,60,40,40,65,65,48,73,73,73,40,85,73,73,73,73,73,73,62,91,91,54,81,68,68,31,58,41,91,91,91,88,0],"gold":86,"neow_bonus":"RANDOM_COLORLESS","is_prod":false,"is_daily":false,"chose_seed":false,"campfire_upgraded":6,"win_rate":0,"timestamp":1551336486,"path_taken":["M","?","M","$","?","E","R","E","T","?","?","R","$","?","R","BOSS","M","?","M","?","M","R","$","E","T","R","M","E","R","M","R","BOSS","M","?","?","?","$","R","M","?","T","?","R","?","R","M","R","BOSS","R","$","E","BOSS"],"build_version":"2019-01-23","purchased_purges":0,"victory":false,"max_hp_per_floor":[75,75,75,75,75,75,75,85,85,85,85,85,85,85,85,85,85,85,85,85,85,85,85,85,85,85,85,85,85,85,85,85,85,85,85,85,85,81,81,81,81,91,91,91,91,91,91,91,91,91,91,91,91,91,91],"card_choices":[{"not_picked":["Chaos","Gash"],"picked":"Leap","floor":1.0},{"not_picked":["Rebound","Chill"],"picked":"Hologram","floor":3.0},{"not_picked":["Machine Learning","Recycle"],"picked":"Chill","floor":6.0},{"not_picked":["Hologram","Fusion"],"picked":"Turbo","floor":8.0},{"not_picked":["Go for the Eyes","Lockon"],"picked":"Redo","floor":10.0},{"not_picked":["Rebound","Barrage","Capacitor"],"picked":"SKIP","floor":10.0},{"not_picked":["Electrodynamics","Buffer"],"picked":"All For One","floor":16.0},{"not_picked":["FTL+1","Reprogram"],"picked":"Skim","floor":18.0},{"not_picked":["Stack","Leap"],"picked":"Loop","floor":18.0},{"not_picked":["Hello World","Blizzard"],"picked":"Steam","floor":20.0},{"not_picked":["Streamline","Recycle","Redo"],"picked":"SKIP","floor":20.0},{"not_picked":["Doom and Gloom","Loop"],"picked":"Conserve Battery","floor":22.0},{"not_picked":["Rip and Tear","Skim+1","Leap+1"],"picked":"SKIP","floor":22.0},{"not_picked":["Heatsinks","Self Repair"],"picked":"Multi-Cast","floor":25.0},{"not_picked":["Stack+1","Undo"],"picked":"Static Discharge+1","floor":28.0},{"not_picked":["Go for the Eyes+1","Hologram"],"picked":"Beam Cell+1","floor":28.0},{"not_picked":["Redo+1","Reinforced Body"],"picked":"Ball Lightning","floor":29.0},{"not_picked":["Barrage","Gash+1"],"picked":"FTL","floor":31.0},{"not_picked":["Fusion","Stack"],"picked":"Steam Power","floor":31.0},{"not_picked":["Core Surge","Thunder Strike"],"picked":"Electrodynamics","floor":33.0},{"not_picked":["Conserve Battery+1","Genetic Algorithm+1"],"picked":"Tempest","floor":35.0},{"not_picked":["Storm+1","Stack+1"],"picked":"Ball Lightning+1","floor":35.0},{"not_picked":["Forethought","Swift Strike"],"picked":"Bandage Up","floor":37.0},{"not_picked":["Gash","Streamline+1"],"picked":"Coolheaded+1","floor":41.0},{"not_picked":["Stack+1","Conserve Battery+1"],"picked":"BootSequence+1","floor":41.0},{"not_picked":["Steam","Go for the Eyes"],"picked":"Cold Snap","floor":44.0},{"not_picked":["Undo","Barrage+1"],"picked":"Hologram+1","floor":44.0},{"not_picked":["Go for the Eyes+1","Leap+1"],"picked":"Coolheaded+1","floor":46.0},{"not_picked":["Amplify","Doom and Gloom","Hologram"],"picked":"SKIP","floor":48.0},{"not_picked":["Beam Cell+1","Turbo","Genetic Algorithm+1"],"picked":"SKIP","floor":48.0},{"not_picked":["Storm+1","Hologram+1"],"picked":"Defragment+1","floor":54}],"player_experience":76883,"relics_obtained":[{"floor":6.0,"key":"Pantograph"},{"floor":8.0,"key":"Pear"},{"floor":9.0,"key":"Prayer Wheel"},{"floor":25.0,"key":"Matryoshka"},{"floor":26.0,"key":"Bronze Scales"},{"floor":29.0,"key":"Ice Cream"},{"floor":43.0,"key":"Oddly Smooth Stone"},{"floor":43.0,"key":"Frozen Egg 2"},{"floor":46.0,"key":"Nunchaku"},{"floor":54,"key":"Happy Flower"}],"event_choices":[{"damage_healed":0.0,"max_hp_gain":0.0,"max_hp_loss":0.0,"gold_gain":0.0,"event_name":"Living Wall","player_choice":"Grow","floor":2.0,"gold_loss":0.0,"damage_taken":0.0,"cards_upgraded":["Zap"]},{"damage_healed":0.0,"max_hp_gain":0.0,"max_hp_loss":0.0,"gold_gain":0.0,"event_name":"WeMeetAgain","player_choice":"Gave Potion","floor":5.0,"gold_loss":0.0,"damage_taken":0.0,"relics_obtained":["WingedGreaves"]},{"damage_healed":0.0,"max_hp_gain":0.0,"max_hp_loss":0.0,"gold_gain":75.0,"event_name":"World of Goop","player_choice":"Gather Gold","floor":11.0,"gold_loss":0.0,"damage_taken":11.0},{"damage_healed":0.0,"max_hp_gain":0.0,"max_hp_loss":0.0,"gold_gain":0.0,"event_name":"Shining Light","player_choice":"Entered Light","floor":14.0,"gold_loss":0.0,"damage_taken":17.0,"cards_upgraded":["Go for the Eyes","Defend_B"]},{"damage_healed":0.0,"max_hp_gain":0.0,"max_hp_loss":0.0,"gold_gain":0.0,"event_name":"Back to Basics","player_choice":"Simplicity","floor":19.0,"gold_loss":0.0,"damage_taken":0.0,"cards_upgraded":["Strike_B","Strike_B","Strike_B","Strike_B","Defend_B","Defend_B","Defend_B"]},{"damage_healed":0.0,"max_hp_gain":0.0,"max_hp_loss":0.0,"gold_gain":0.0,"cards_transformed":["Blind","Defend_B"],"event_name":"Drug Dealer","player_choice":"Became Test Subject","floor":21.0,"gold_loss":0.0,"damage_taken":0.0,"cards_obtained":["Finesse","Rebound"]},{"damage_healed":0.0,"max_hp_gain":0.0,"max_hp_loss":0.0,"gold_gain":0.0,"event_name":"Tomb of Lord Red Mask","player_choice":"Ignored","floor":36.0,"gold_loss":0.0,"damage_taken":0.0},{"damage_healed":0.0,"max_hp_gain":0.0,"max_hp_loss":0.0,"gold_gain":0.0,"event_name":"SensoryStone","player_choice":"Memory 1","floor":37.0,"gold_loss":0.0,"damage_taken":0.0},{"damage_healed":0.0,"max_hp_gain":0.0,"max_hp_loss":4.0,"gold_gain":0.0,"event_name":"Winding Halls","player_choice":"Max HP","floor":38.0,"gold_loss":0.0,"damage_taken":0.0},{"cards_removed":["All For One"],"damage_healed":19.0,"max_hp_gain":10.0,"max_hp_loss":0.0,"gold_gain":0.0,"event_name":"Bonfire Elementals","player_choice":"Offered Rare","floor":42.0,"gold_loss":0.0,"damage_taken":0.0},{"damage_healed":0.0,"max_hp_gain":0.0,"max_hp_loss":0.0,"gold_gain":0.0,"event_name":"Mysterious Sphere","player_choice":"Fight","floor":46.0,"gold_loss":0.0,"damage_taken":0.0}],"is_beta":false,"boss_relics":[{"not_picked":["White Beast Statue","Lizard Tail"],"picked":"Nuclear Battery"},{"not_picked":["Calling Bell","Empty Cage"],"picked":"FrozenCore"}],"items_purged_floors":[],"is_endless":false,"potions_floor_spawned":[1,8,18,20,22,28,29,41,46,48],"killed_by":"The Heart","ascension_level":0}