{"gold_per_floor":[115,135,146,146,146,176,176,190,190,265,280,280,312,312,312,312],"floor_reached":16,"playtime":632,"items_purged":[],"score":143,"play_id":"3eb6e784-ef08-441e-a00c-167f9b7ac3f2","local_time":"20190313121926","is_ascension_mode":true,"campfire_choices":[{"floor":7,"key":"REST"},{"floor":12,"key":"REST"},{"floor":15,"key":"REST"}],"neow_cost":"NONE","seed_source_timestamp":817788971817635,"circlet_count":0,"master_deck":["Strike_R","Strike_R","Strike_R","Strike_R","Strike_R","Defend_R","Defend_R","Defend_R","Defend_R","Bash","Pommel Strike","Combust+1","Carnage","Whirlwind","Flex","Ghostly Armor"],"relics":["Burning Blood","Bag of Preparation","Gremlin Horn","The Courier","Magic Flower","Question Card"],"potions_floor_usage":[6,8,13],"damage_taken":[{"damage":15,"enemies":"Small Slimes","floor":1,"turns":4},{"damage":16,"enemies":"Jaw Worm","floor":2,"turns":4},{"damage":11,"enemies":"2 Louse","floor":3,"turns":2},{"damage":60,"enemies":"Lagavulin","floor":6,"turns":7},{"damage":5,"enemies":"Large Slime","floor":8,"turns":4},{"damage":20,"enemies":"3 Louse","floor":11,"turns":3},{"damage":17,"enemies":"Gremlin Nob","floor":13,"turns":4},{"damage":46,"enemies":"Hexaghost","floor":16,"turns":9}],"seed_played":"-7014584768083978165","potions_obtained":[{"floor":3,"key":"Ancient Potion"},{"floor":6,"key":"Fire Potion"},{"floor":11,"key":"EssenceOfSteel"}],"is_trial":false,"path_per_floor":["M","M","M","?","?","E","R","M","T","?","M","R","E","?","R","B"],"character_chosen":"IRONCLAD","items_purchased":[],"campfire_rested":3,"item_purchase_floors":[],"current_hp_per_floor":[63,53,48,48,74,20,44,45,45,34,20,44,33,21,45,0],"gold":312,"neow_bonus":"RANDOM_COMMON_RELIC","is_prod":false,"is_daily":false,"chose_seed":false,"campfire_upgraded":0,"win_rate":0,"timestamp":1552493966,"path_taken":["M","M","M","?","?","E","R","M","T","?","M","R","E","?","R","BOSS"],"build_version":"2019-01-23","purchased_purges":0,"victory":false,"max_hp_per_floor":[80,80,80,80,80,80,80,80,80,80,80,80,80,80,80,80],"card_choices":[{"not_picked":["Twin Strike","Metallicize"],"picked":"Pommel Strike","floor":1},{"not_picked":["Sword Boomerang","Perfected Strike"],"picked":"Combust","floor":2},{"not_picked":["Sentinel","Dual Wield"],"picked":"Carnage","floor":3},{"not_picked":["True Grit","Infernal Blade"],"picked":"Whirlwind","floor":6},{"not_picked":["Wild Strike","Clothesline"],"picked":"Flex","floor":8},{"not_picked":["Armaments","Heavy Blade"],"picked":"Ghostly Armor","floor":11},{"not_picked":["Whirlwind","Thunderclap","Dual Wield"],"picked":"SKIP","floor":13}],"player_experience":163750,"relics_obtained":[{"floor":6,"key":"Gremlin Horn"},{"floor":9,"key":"The Courier"},{"floor":13,"key":"Magic Flower"}],"event_choices":[{"damage_healed":0,"gold_gain":0,"player_choice":"Grow","damage_taken":0,"max_hp_gain":0,"max_hp_loss":0,"event_name":"Living Wall","floor":4,"gold_loss":0,"cards_upgraded":["Combust"]},{"damage_healed":26,"gold_gain":0,"player_choice":"Banana","damage_taken":0,"max_hp_gain":0,"max_hp_loss":0,"event_name":"Big Fish","floor":5,"gold_loss":0},{"damage_healed":0,"gold_gain":75,"player_choice":"Gather Gold","damage_taken":11,"max_hp_gain":0,"max_hp_loss":0,"event_name":"World of Goop","floor":10,"gold_loss":0},{"damage_healed":0,"gold_gain":0,"player_choice":"Success","damage_taken":12,"relics_obtained":["Question Card"],"max_hp_gain":0,"max_hp_loss":0,"event_name":"Scrap Ooze","floor":14,"gold_loss":0}],"is_beta":false,"boss_relics":[],"items_purged_floors":[],"is_endless":false,"potions_floor_spawned":[3,6,11],"killed_by":"Hexaghost","ascension_level":6}