{"gold_per_floor":[110,35,35,49,65,65,90,90,90,90,90,90,13,41,41,120,120,93,112,112,127,127],"floor_reached":22,"playtime":2885,"items_purged":[],"score":384,"play_id":"666476ef-52ec-4fdd-ba65-7a7bcabd5cae","local_time":"20190204025348","is_ascension_mode":true,"campfire_choices":[{"data":"Neutralize","floor":6.0,"key":"SMITH"},{"data":"Footwork","floor":8.0,"key":"SMITH"},{"floor":10.0,"key":"REST"},{"data":"Neutralize","floor":12.0,"key":"SMITH"},{"floor":15.0,"key":"REST"}],"neow_cost":"NONE","seed_source_timestamp":572079810782987,"circlet_count":0,"master_deck":["AscendersBane","Defend_G","Defend_G","Defend_G","Defend_G","Strike_G","Strike_G","Strike_G","Strike_G","Strike_G","Survivor","Neutralize+1","Backflip","Endless Agony","Neutralize+1","Dagger Throw","Dash","Footwork+1","Footwork","Caltrops","Tools of the Trade","Deflect"],"special_seed":0,"relics":["Ring of the Snake","NeowsBlessing","Strawberry","Mummified Hand","Pear","StoneCalendar","Runic Pyramid"],"potions_floor_usage":[21],"damage_taken":[{"damage":0.0,"enemies":"Small Slimes","floor":1.0,"turns":1.0},{"damage":0.0,"enemies":"Cultist","floor":4.0,"turns":1.0},{"damage":0.0,"enemies":"2 Louse","floor":5.0,"turns":1.0},{"damage":25.0,"enemies":"Lagavulin","floor":7.0,"turns":6.0},{"damage":24.0,"enemies":"3 Sentries","floor":14.0,"turns":12.0},{"damage":8.0,"enemies":"Slime Boss","floor":16.0,"turns":10.0},{"damage":35,"enemies":"2 Thieves","floor":18,"turns":4},{"damage":6,"enemies":"Spheric Guardian","floor":19,"turns":5},{"damage":18,"enemies":"Snecko","floor":21,"turns":7}],"seed_played":"731295536401876948","potions_obtained":[{"floor":1.0,"key":"Fire Potion"},{"floor":16.0,"key":"Energy Potion"},{"floor":19,"key":"Energy Potion"}],"is_trial":false,"path_per_floor":["M","?","?","M","M","R","E","R","T","R","T","R","$","E","R","B",null,"M","M","$","M","?"],"character_chosen":"THE_SILENT","items_purchased":["Footwork"],"campfire_rested":2,"item_purchase_floors":[13],"current_hp_per_floor":[59,59,59,59,59,59,41,41,41,62,72,72,72,48,72,64,78,43,37,37,19,0],"gold":127,"neow_bonus":"THREE_ENEMY_KILL","is_prod":false,"is_daily":false,"chose_seed":false,"campfire_upgraded":3,"win_rate":0,"timestamp":1549266828,"path_taken":["M","?","?","?","M","R","E","R","T","R","?","R","$","E","R","BOSS","M","M","$","M","?"],"build_version":"2019-01-23","purchased_purges":0,"victory":false,"max_hp_per_floor":[66,66,66,66,66,66,73,73,73,73,83,83,83,83,83,83,83,83,83,83,83,83],"card_choices":[{"not_picked":["Expertise","Quick Slash"],"picked":"Backflip","floor":1.0},{"not_picked":["Bane","PiercingWail"],"picked":"Dagger Throw","floor":4.0},{"not_picked":["Setup","Dodge and Roll"],"picked":"Dash","floor":5.0},{"not_picked":["Choke","Dagger Spray"],"picked":"Footwork","floor":7.0},{"not_picked":["Backstab","Finisher"],"picked":"Caltrops","floor":14.0},{"not_picked":["Phantasmal Killer","Unload"],"picked":"Tools of the Trade","floor":16.0},{"not_picked":["Blade Dance","Predator+1","Bouncing Flask"],"picked":"SKIP","floor":18},{"not_picked":["Quick Slash","Poisoned Stab","Dash+1"],"picked":"SKIP","floor":19},{"not_picked":["Flying Knee","Escape Plan"],"picked":"Deflect","floor":21}],"player_experience":3185873,"relics_obtained":[{"floor":7.0,"key":"Strawberry"},{"floor":9.0,"key":"Mummified Hand"},{"floor":11.0,"key":"Pear"},{"floor":14.0,"key":"StoneCalendar"}],"event_choices":[{"cards_removed":["Defend_G"],"damage_healed":0.0,"max_hp_gain":0.0,"max_hp_loss":0.0,"gold_gain":0.0,"event_name":"The Cleric","player_choice":"Card Removal","floor":2.0,"gold_loss":75.0,"damage_taken":0.0},{"damage_healed":0.0,"max_hp_gain":0.0,"max_hp_loss":0.0,"gold_gain":0.0,"event_name":"Match and Keep!","player_choice":"2 cards matched","floor":3.0,"gold_loss":0.0,"damage_taken":0.0,"cards_obtained":["Endless Agony","Neutralize"]}],"is_beta":false,"boss_relics":[{"not_picked":["Eternal Feather","Astrolabe"],"picked":"Runic Pyramid"}],"items_purged_floors":[],"is_endless":false,"potions_floor_spawned":[1,16,19],"ascension_level":20}