{"gold_per_floor":[110,110,35,35,54,54,84,84,84,84,35,35,47,79,79,79],"floor_reached":16,"playtime":1101,"items_purged":["Defend_G"],"score":106,"play_id":"14fbfa8c-87be-4e7f-a2c1-a171a939d3da","local_time":"20190131131114","is_ascension_mode":false,"campfire_choices":[{"data":"Quick Slash","floor":6,"key":"SMITH"},{"data":"Backflip","floor":8,"key":"SMITH"},{"data":"Neutralize","floor":10,"key":"SMITH"},{"floor":12,"key":"REST"},{"floor":15,"key":"REST"}],"neow_cost":"NONE","seed_source_timestamp":401073714714173,"circlet_count":0,"master_deck":["Defend_G+1","Defend_G+1","Defend_G","Defend_G","Strike_G","Strike_G","Strike_G","Strike_G","Survivor","Neutralize+1","Quick Slash+1","Backflip+1","Flying Knee","Sucker Punch"],"relics":["Black Star","Anchor","Bottled Lightning","Gremlin Horn","Boot","Blood Vial"],"potions_floor_usage":[7,14,16],"damage_taken":[{"damage":2,"enemies":"2 Louse","floor":1,"turns":5},{"damage":0,"enemies":"Cultist","floor":5,"turns":3},{"damage":22,"enemies":"Lagavulin","floor":7,"turns":11},{"damage":5,"enemies":"Small Slimes","floor":13,"turns":3},{"damage":14,"enemies":"Gremlin Nob","floor":14,"turns":4},{"damage":57,"enemies":"The Guardian","floor":16,"turns":16}],"seed_played":"-122498373378269921","potions_obtained":[{"floor":1,"key":"PowerPotion"},{"floor":13,"key":"SkillPotion"},{"floor":14,"key":"Energy Potion"}],"is_trial":false,"path_per_floor":["M","?","$","?","M","R","E","R","T","R","$","R","M","E","R","B"],"character_chosen":"THE_SILENT","items_purchased":["Flying Knee"],"campfire_rested":2,"item_purchase_floors":[11],"current_hp_per_floor":[68,54,54,54,54,54,32,32,32,32,32,53,48,34,55,0],"gold":79,"neow_bonus":"BOSS_RELIC","is_prod":false,"is_daily":false,"chose_seed":false,"campfire_upgraded":3,"win_rate":0.0,"timestamp":1548958274,"path_taken":["M","?","$","?","?","R","E","R","T","R","?","R","?","E","R","BOSS"],"build_version":"2019-01-23","purchased_purges":1,"victory":false,"max_hp_per_floor":[70,70,70,70,70,70,70,70,70,70,70,70,70,70,70,70],"card_choices":[{"not_picked":["Well Laid Plans","Dodge and Roll"],"picked":"Quick Slash","floor":1},{"not_picked":["Choke","Deflect","Infinite Blades"],"picked":"SKIP","floor":5},{"not_picked":["Deadly Poison","Endless Agony"],"picked":"Backflip","floor":7},{"not_picked":["Deadly Poison","Backstab","Distraction"],"picked":"SKIP","floor":13},{"not_picked":["Venomology","PiercingWail"],"picked":"Sucker Punch","floor":14}],"player_experience":35755,"relics_obtained":[{"floor":7,"key":"Anchor"},{"floor":7,"key":"Bottled Lightning"},{"floor":9,"key":"Gremlin Horn"},{"floor":14,"key":"Boot"},{"floor":14,"key":"Blood Vial"}],"event_choices":[{"damage_healed":0,"gold_gain":0,"player_choice":"Entered Light","damage_taken":14,"max_hp_gain":0,"max_hp_loss":0,"event_name":"Shining Light","floor":2,"gold_loss":0,"cards_upgraded":["Defend_G","Defend_G"]},{"cards_removed":["Strike_G"],"damage_healed":0,"gold_gain":0,"player_choice":"Purged","damage_taken":0,"max_hp_gain":0,"max_hp_loss":0,"event_name":"Purifier","floor":4,"gold_loss":0}],"is_beta":false,"boss_relics":[],"items_purged_floors":[3],"is_endless":false,"potions_floor_spawned":[1,13,14],"killed_by":"The Guardian","ascension_level":0}