{"gold_per_floor":[13,26,43,43,43,43,57,84,84,159,159,172,172,191,191],"floor_reached":15,"playtime":1292,"items_purged":[],"score":189,"play_id":"7291dc83-1823-40fe-b502-e70fb3676cd9","local_time":"20190110033400","is_ascension_mode":true,"campfire_choices":[{"data":"True Grit","floor":6.0,"key":"SMITH"},{"floor":11.0,"key":"REST"},{"floor":15,"key":"REST"}],"neow_cost":"NO_GOLD","seed_source_timestamp":26412481539493,"circlet_count":0,"master_deck":["AscendersBane","Strike_R","Strike_R","Strike_R","Strike_R","Defend_R","Defend_R","Defend_R","Defend_R","Bash","Reaper","Headbutt","Dual Wield","True Grit+1","Pommel Strike","Power Through","Corruption","Parasite","Offering"],"special_seed":0,"relics":["Burning Blood","Pen Nib","PreservedInsect"],"potions_floor_usage":[12],"damage_taken":[{"damage":7.0,"enemies":"Jaw Worm","floor":1.0,"turns":3.0},{"damage":6.0,"enemies":"2 Louse","floor":2.0,"turns":3.0},{"damage":8.0,"enemies":"Small Slimes","floor":3.0,"turns":6.0},{"damage":16.0,"enemies":"2 Fungi Beasts","floor":7.0,"turns":4.0},{"damage":32.0,"enemies":"Gremlin Nob","floor":8.0,"turns":4.0},{"damage":32,"enemies":"Exordium Thugs","floor":12,"turns":5},{"damage":21,"enemies":"Blue Slaver","floor":14,"turns":6}],"seed_played":"6270737452558589423","potions_obtained":[{"floor":1.0,"key":"Swift Potion"},{"floor":7.0,"key":"SpeedPotion"},{"floor":8.0,"key":"SteroidPotion"},{"floor":12,"key":"LiquidBronze"},{"floor":14,"key":"AttackPotion"}],"is_trial":false,"path_per_floor":["M","M","M","?","?","R","M","E","T","?","R","M","?","M","R"],"character_chosen":"IRONCLAD","items_purchased":[],"campfire_rested":2,"item_purchase_floors":[],"current_hp_per_floor":[67,71,73,73,66,66,64,38,38,27,49,41,59,52,74],"gold":191,"neow_bonus":"THREE_RARE_CARDS","is_prod":false,"is_daily":false,"chose_seed":false,"campfire_upgraded":1,"win_rate":0,"timestamp":1547109240,"path_taken":["M","M","M","?","?","R","?","E","T","?","R","M","?","M","R"],"build_version":"2019-01-03v4","purchased_purges":0,"victory":false,"max_hp_per_floor":[75,75,75,75,75,75,75,75,75,75,75,75,75,75,75],"card_choices":[{"not_picked":["Bludgeon","Feed"],"picked":"Reaper","floor":0.0},{"not_picked":["Sentinel","Rampage"],"picked":"Headbutt","floor":1.0},{"not_picked":["Flex","Havoc"],"picked":"Dual Wield","floor":2.0},{"not_picked":["Headbutt","Clash"],"picked":"True Grit","floor":3.0},{"not_picked":["Power Through","Headbutt"],"picked":"Pommel Strike","floor":7.0},{"not_picked":["Heavy Blade","Seeing Red"],"picked":"Power Through","floor":8.0},{"not_picked":["Sever Soul","Anger"],"picked":"Corruption","floor":12},{"not_picked":["Sentinel","Spot Weakness"],"picked":"Offering","floor":14}],"player_experience":2856313,"relics_obtained":[{"floor":8.0,"key":"Pen Nib"},{"floor":9.0,"key":"PreservedInsect"}],"event_choices":[{"damage_healed":0.0,"max_hp_gain":0.0,"max_hp_loss":0.0,"gold_gain":0.0,"event_name":"The Cleric","player_choice":"Leave","floor":4.0,"gold_loss":0.0,"damage_taken":0.0},{"cards_removed":["Strike_R"],"damage_healed":0.0,"max_hp_gain":0.0,"max_hp_loss":0.0,"gold_gain":0.0,"event_name":"Golden Wing","player_choice":"Card Removal","floor":5.0,"gold_loss":0.0,"damage_taken":7.0},{"damage_healed":0.0,"max_hp_gain":0.0,"max_hp_loss":0.0,"gold_gain":75.0,"event_name":"World of Goop","player_choice":"Gather Gold","floor":10.0,"gold_loss":0.0,"damage_taken":11.0},{"damage_healed":18,"gold_gain":0,"player_choice":"Healed and dodged fight","damage_taken":0,"max_hp_gain":0,"max_hp_loss":0,"event_name":"Mushrooms","floor":13,"gold_loss":0,"cards_obtained":["Parasite"]}],"is_beta":false,"boss_relics":[],"items_purged_floors":[],"is_endless":false,"potions_floor_spawned":[1,7,8,12,14],"ascension_level":19}