{"gold_per_floor":[110,110,29,42,56,56,74,74,126,160,172,197,209,232,244,256],"floor_reached":16,"playtime":1741,"items_purged":[],"score":248,"play_id":"038f25a0-df45-400f-86f2-0a79c2b785f4","local_time":"20190107002738","is_ascension_mode":true,"campfire_choices":[{"floor":6.0,"key":"REST"},{"floor":8.0,"key":"REST"},{"data":"Warcry","floor":11,"key":"SMITH"},{"data":"Entrench","floor":15,"key":"SMITH"}],"neow_cost":"PERCENT_DAMAGE","seed_source_timestamp":1333070567209,"circlet_count":0,"master_deck":["AscendersBane","Strike_R","Strike_R","Strike_R","Strike_R","Strike_R","Defend_R","Defend_R","Defend_R","Defend_R","Bash","Warcry+1","Battle Trance","Dropkick","Headbutt","Entrench+1","Bludgeon","Burning Pact","Iron Wave"],"special_seed":0,"relics":["Burning Blood","Shovel","Gremlin Horn","Bronze Scales","MawBank","Dead Branch"],"potions_floor_usage":[10,10,14],"damage_taken":[{"damage":18.0,"enemies":"Cultist","floor":1.0,"turns":5.0},{"damage":24.0,"enemies":"Jaw Worm","floor":4.0,"turns":4.0},{"damage":0.0,"enemies":"2 Louse","floor":5.0,"turns":2.0},{"damage":32.0,"enemies":"Exordium Wildlife","floor":7.0,"turns":5.0},{"damage":0,"enemies":"Gremlin Nob","floor":10,"turns":2},{"damage":7,"enemies":"Large Slime","floor":12,"turns":4},{"damage":0,"enemies":"Lots of Slimes","floor":14,"turns":2},{"damage":58,"enemies":"Hexaghost","floor":16,"turns":9}],"seed_played":"-4256865635652600435","potions_obtained":[{"floor":5.0,"key":"Strength Potion"},{"floor":7.0,"key":"SkillPotion"},{"floor":12,"key":"Fire Potion"}],"is_trial":false,"path_per_floor":["M","T","$","M","M","R","M","R","T","E","R","M","T","M","R","B"],"character_chosen":"IRONCLAD","items_purchased":["Battle Trance"],"campfire_rested":2,"item_purchase_floors":[3],"current_hp_per_floor":[38,38,38,20,26,48,22,44,44,50,50,49,49,55,55,0],"gold":256,"neow_bonus":"ONE_RARE_RELIC","is_prod":false,"is_daily":false,"chose_seed":false,"campfire_upgraded":2,"win_rate":0,"timestamp":1546838858,"path_taken":["M","?","$","M","M","R","M","R","T","E","R","M","?","M","R","BOSS"],"build_version":"2019-01-03v4","purchased_purges":0,"victory":false,"max_hp_per_floor":[75,75,75,75,75,75,75,75,75,75,75,75,75,75,75,75],"card_choices":[{"not_picked":["Perfected Strike","Wild Strike"],"picked":"Warcry","floor":1.0},{"not_picked":["Flex","Wild Strike"],"picked":"Dropkick","floor":4.0},{"not_picked":["Cleave","Fire Breathing"],"picked":"Headbutt","floor":5.0},{"not_picked":["Thunderclap","Twin Strike"],"picked":"Entrench","floor":7.0},{"not_picked":["Headbutt","Cleave"],"picked":"Bludgeon","floor":10},{"not_picked":["Iron Wave","Clothesline"],"picked":"Burning Pact","floor":12},{"not_picked":["Twin Strike","Hemokinesis"],"picked":"Iron Wave","floor":14}],"player_experience":2815719,"relics_obtained":[{"floor":2.0,"key":"Gremlin Horn"},{"floor":9.0,"key":"Bronze Scales"},{"floor":10,"key":"MawBank"},{"floor":13,"key":"Dead Branch"}],"event_choices":[],"is_beta":false,"boss_relics":[],"items_purged_floors":[],"is_endless":false,"potions_floor_spawned":[5,7,12],"killed_by":"Hexaghost","ascension_level":19}