{"gold_per_floor":[115,78,78,78,97,97,127,127,202,202,220,220],"floor_reached":12,"playtime":692,"items_purged":[],"score":103,"play_id":"0d7c363b-8c99-4cfe-ac67-efef860f2803","local_time":"20190324195759","is_ascension_mode":true,"campfire_choices":[{"data":"Steam","floor":6,"key":"SMITH"},{"floor":8,"key":"REST"},{"data":"Genetic Algorithm","floor":10,"key":"SMITH"}],"neow_cost":"NONE","seed_source_timestamp":784372504645600,"circlet_count":0,"master_deck":["Strike_B","Strike_B","Strike_B","Defend_B","Defend_B","Defend_B","Defend_B","Zap","Dualcast","Steam+1","Steam","Genetic Algorithm+1","Barrage"],"relics":["Cracked Core","Juzu Bracelet","Dodecahedron","Gremlin Horn","The Courier"],"potions_floor_usage":[7],"damage_taken":[{"damage":1,"enemies":"Small Slimes","floor":1,"turns":4},{"damage":0,"enemies":"Cultist","floor":5,"turns":3},{"damage":27,"enemies":"3 Sentries","floor":7,"turns":11},{"damage":0,"enemies":"2 Louse","floor":11,"turns":2},{"damage":70,"enemies":"Gremlin Nob","floor":12,"turns":5}],"seed_played":"-6478356550638959075","potions_obtained":[{"floor":5,"key":"Strength Potion"}],"is_trial":false,"path_per_floor":["M","?","?","?","M","R","E","R","T","R","M","E"],"character_chosen":"DEFECT","items_purchased":[],"campfire_rested":1,"item_purchase_floors":[],"current_hp_per_floor":[67,67,67,67,67,67,40,62,62,62,62,0],"gold":220,"neow_bonus":"RANDOM_COMMON_RELIC","is_prod":false,"is_daily":false,"chose_seed":false,"campfire_upgraded":2,"win_rate":0,"timestamp":1553453879,"path_taken":["M","?","?","?","M","R","E","R","T","R","M","E"],"build_version":"2019-01-23","purchased_purges":0,"victory":false,"max_hp_per_floor":[75,75,75,75,75,75,75,75,75,75,75,75],"card_choices":[{"not_picked":["Barrage","Defragment"],"picked":"Steam","floor":1},{"not_picked":["Capacitor","Fusion"],"picked":"Steam","floor":5},{"not_picked":["Rebound","Biased Cognition"],"picked":"Genetic Algorithm","floor":7},{"not_picked":["Blizzard","Go for the Eyes"],"picked":"Barrage","floor":11}],"player_experience":593536,"relics_obtained":[{"floor":3,"key":"Dodecahedron"},{"floor":7,"key":"Gremlin Horn"},{"floor":9,"key":"The Courier"}],"event_choices":[{"damage_healed":0,"gold_gain":0,"player_choice":"Left Gold","damage_taken":0,"max_hp_gain":0,"max_hp_loss":0,"event_name":"World of Goop","floor":2,"gold_loss":37},{"damage_healed":0,"gold_gain":0,"player_choice":"Relic","damage_taken":0,"max_hp_gain":0,"max_hp_loss":0,"event_name":"Wheel of Change","floor":3,"gold_loss":0},{"cards_removed":["Strike_B"],"damage_healed":0,"gold_gain":0,"player_choice":"Offered Basic","damage_taken":0,"max_hp_gain":0,"max_hp_loss":0,"event_name":"Bonfire Elementals","floor":4,"gold_loss":0}],"is_beta":false,"boss_relics":[],"items_purged_floors":[],"is_endless":false,"potions_floor_spawned":[5],"killed_by":"Gremlin Nob","ascension_level":7}