{"gold_per_floor":[118,43,43,55,66,66,93,93,93,128,145,36,50,50,50,50],"floor_reached":16,"playtime":886,"items_purged":[],"score":215,"play_id":"01f21a27-eac7-4832-8ad5-307bc9c46f7c","local_time":"20190110185739","is_ascension_mode":true,"campfire_choices":[{"data":"Flame Barrier","floor":6.0,"key":"SMITH"},{"data":"Battle Trance","floor":8,"key":"SMITH"},{"data":"Armaments","floor":15,"key":"SMITH"}],"neow_cost":"NONE","seed_source_timestamp":82152835406270,"circlet_count":0,"master_deck":["AscendersBane","Strike_R","Strike_R","Strike_R","Strike_R","Strike_R","Defend_R","Defend_R","Bash","Clothesline","Battle Trance+1","Cleave","Flame Barrier+1","Limit Break","Pommel Strike","Armaments+1","Shrug It Off","Heavy Blade","Parasite"],"special_seed":0,"relics":["Burning Blood","Orichalcum","Charon\u0027s Ashes","Paper Frog","Matryoshka"],"potions_floor_usage":[7,7],"damage_taken":[{"damage":8.0,"enemies":"2 Louse","floor":1.0,"turns":4.0},{"damage":2.0,"enemies":"Small Slimes","floor":4.0,"turns":3.0},{"damage":0.0,"enemies":"Cultist","floor":5.0,"turns":3.0},{"damage":28,"enemies":"Lagavulin","floor":7,"turns":7},{"damage":17,"enemies":"Gremlin Nob","floor":10,"turns":5},{"damage":16,"enemies":"Large Slime","floor":11,"turns":5},{"damage":0,"enemies":"2 Fungi Beasts","floor":13,"turns":3},{"damage":61,"enemies":"Hexaghost","floor":16,"turns":12}],"seed_played":"-390625962934531067","potions_obtained":[{"floor":1.0,"key":"GamblersBrew"},{"floor":5.0,"key":"LiquidBronze"}],"is_trial":false,"path_per_floor":["M","?","?","M","M","R","E","R","T","E","M","$","M","?","R","B"],"character_chosen":"IRONCLAD","items_purchased":["Shrug It Off","Heavy Blade"],"campfire_rested":0,"item_purchase_floors":[12,12],"current_hp_per_floor":[66,66,66,70,75,75,53,53,53,42,32,32,38,56,56,0],"gold":50,"neow_bonus":"RANDOM_COMMON_RELIC","is_prod":false,"is_daily":false,"chose_seed":false,"campfire_upgraded":3,"win_rate":0,"timestamp":1547164659,"path_taken":["M","?","?","M","?","R","E","R","T","E","M","$","M","?","R","BOSS"],"build_version":"2019-01-03v4","purchased_purges":0,"victory":false,"max_hp_per_floor":[75,75,75,75,75,75,75,75,75,75,75,75,75,75,75,75],"card_choices":[{"not_picked":["Twin Strike","Dropkick"],"picked":"Clothesline","floor":1.0},{"not_picked":["Headbutt","Warcry"],"picked":"Cleave","floor":4.0},{"not_picked":["True Grit","Feel No Pain"],"picked":"Flame Barrier","floor":5.0},{"not_picked":["Searing Blow","Burning Pact"],"picked":"Limit Break","floor":7},{"not_picked":["Battle Trance","Wild Strike"],"picked":"Pommel Strike","floor":10},{"not_picked":["Wild Strike","Warcry"],"picked":"Armaments","floor":11},{"not_picked":["Blood for Blood","Clothesline","Iron Wave"],"picked":"SKIP","floor":13}],"player_experience":2866135,"relics_obtained":[{"floor":7,"key":"Charon\u0027s Ashes"},{"floor":9,"key":"Paper Frog"},{"floor":10,"key":"Matryoshka"}],"event_choices":[{"cards_removed":["Defend_R"],"damage_healed":0.0,"max_hp_gain":0.0,"max_hp_loss":0.0,"gold_gain":0.0,"event_name":"The Cleric","player_choice":"Card Removal","floor":2.0,"gold_loss":75.0,"damage_taken":0.0},{"damage_healed":0.0,"max_hp_gain":0.0,"max_hp_loss":0.0,"gold_gain":0.0,"cards_transformed":["Defend_R"],"event_name":"Transmorgrifier","player_choice":"Transformed","floor":3.0,"gold_loss":0.0,"damage_taken":0.0,"cards_obtained":["Battle Trance"]},{"damage_healed":18,"gold_gain":0,"player_choice":"Healed and dodged fight","damage_taken":0,"max_hp_gain":0,"max_hp_loss":0,"event_name":"Mushrooms","floor":14,"gold_loss":0,"cards_obtained":["Parasite"]}],"is_beta":false,"boss_relics":[],"items_purged_floors":[],"is_endless":false,"potions_floor_spawned":[1,5],"killed_by":"Hexaghost","ascension_level":19}