{"gold_per_floor":[110,80,97,22,41,41,41,72,95,105,105,119,119,119,119,220,220,220,145,145,105,105,105,5,5],"floor_reached":25,"playtime":1429,"items_purged":["Defend_G","Strike_G"],"score":201,"play_id":"ff2a8208-f79c-44c3-8b92-9127d4936c98","local_time":"20190207125017","is_ascension_mode":false,"campfire_choices":[{"data":"Deadly Poison","floor":6,"key":"SMITH"},{"data":"Sucker Punch","floor":11,"key":"SMITH"},{"data":"Deadly Poison","floor":13,"key":"SMITH"},{"data":"Survivor","floor":15,"key":"SMITH"},{"floor":23,"key":"REST"}],"neow_cost":"NONE","seed_source_timestamp":107118185047294,"circlet_count":0,"master_deck":["Defend_G+1","Defend_G+1","Defend_G","Defend_G","Strike_G","Strike_G+1","Strike_G","Strike_G","Survivor+1","Neutralize+1","Deadly Poison+1","Sucker Punch+1","Deadly Poison+1","Bullet Time","Deadly Poison"],"relics":["Ring of the Snake","Lantern","War Paint","Art of War","Darkstone Periapt","Ectoplasm"],"potions_floor_usage":[3,3,12,16,19,22],"damage_taken":[{"damage":0,"enemies":"Small Slimes","floor":1,"turns":3},{"damage":0,"enemies":"Cultist","floor":3,"turns":2},{"damage":0,"enemies":"2 Louse","floor":5,"turns":4},{"damage":12,"enemies":"3 Sentries","floor":8,"turns":11},{"damage":4,"enemies":"Blue Slaver","floor":10,"turns":3},{"damage":13,"enemies":"Exordium Thugs","floor":12,"turns":4},{"damage":15,"enemies":"Slime Boss","floor":16,"turns":11},{"damage":0,"enemies":"Chosen","floor":18,"turns":4},{"damage":17,"enemies":"2 Thieves","floor":19,"turns":5},{"damage":6,"enemies":"Chosen and Byrds","floor":22,"turns":6},{"damage":64,"enemies":"Gremlin Leader","floor":25,"turns":6}],"seed_played":"2803628096286144400","potions_obtained":[{"floor":2,"key":"Poison Potion"},{"floor":2,"key":"AttackPotion"},{"floor":5,"key":"Regen Potion"},{"floor":8,"key":"Strength Potion"},{"floor":16,"key":"Weak Potion"},{"floor":19,"key":"AttackPotion"}],"is_trial":false,"path_per_floor":["M","?","M","$","M","R","?","E","T","M","R","M","R","?","R","B",null,"M","M","?","?","M","R","$","E"],"character_chosen":"THE_SILENT","items_purchased":[],"campfire_rested":1,"item_purchase_floors":[],"current_hp_per_floor":[70,70,70,70,70,70,70,58,58,54,54,55,55,52,52,37,70,70,53,44,44,38,59,59,0],"gold":5,"neow_bonus":"RANDOM_COMMON_RELIC","is_prod":false,"is_daily":false,"chose_seed":false,"campfire_upgraded":4,"win_rate":0.0,"timestamp":1549561817,"path_taken":["M","?","M","$","?","R","?","E","T","M","R","M","R","?","R","BOSS","M","M","?","?","?","R","$","E"],"build_version":"2019-01-23","purchased_purges":2,"victory":false,"max_hp_per_floor":[70,70,70,70,70,70,70,70,70,70,70,70,70,70,70,70,70,70,70,70,70,70,70,70,70],"card_choices":[{"not_picked":["Dagger Throw","Calculated Gamble","Dodge and Roll"],"picked":"SKIP","floor":1},{"not_picked":["Reflex","Poisoned Stab"],"picked":"Deadly Poison","floor":3},{"not_picked":["Dagger Throw","Caltrops","Underhanded Strike"],"picked":"SKIP","floor":5},{"not_picked":["Wraith Form v2","Bane","Glass Knife"],"picked":"SKIP","floor":8},{"not_picked":["Tactician","Quick Slash"],"picked":"Sucker Punch","floor":10},{"not_picked":["Slice","Outmaneuver"],"picked":"Deadly Poison","floor":12},{"not_picked":["Malaise","Doppelganger"],"picked":"Bullet Time","floor":16},{"not_picked":["Outmaneuver","Leg Sweep","Dodge and Roll"],"picked":"SKIP","floor":18},{"not_picked":["Acrobatics+1","Backflip"],"picked":"Deadly Poison","floor":19},{"not_picked":["Underhanded Strike","Bane","Dodge and Roll"],"picked":"SKIP","floor":22}],"player_experience":53133,"relics_obtained":[{"floor":8,"key":"War Paint"},{"floor":9,"key":"Art of War"}],"event_choices":[{"damage_healed":0,"gold_gain":0,"player_choice":"Bought 2 Potions","damage_taken":0,"max_hp_gain":0,"max_hp_loss":0,"event_name":"The Woman in Blue","floor":2,"gold_loss":0},{"damage_healed":0,"gold_gain":0,"player_choice":"Ignored","damage_taken":0,"max_hp_gain":0,"max_hp_loss":0,"event_name":"Liars Game","floor":7,"gold_loss":0},{"damage_healed":0,"gold_gain":0,"player_choice":"Success","damage_taken":3,"relics_obtained":["Darkstone Periapt"],"max_hp_gain":0,"max_hp_loss":0,"event_name":"Scrap Ooze","floor":14,"gold_loss":0},{"damage_healed":0,"gold_gain":0,"player_choice":"Stopped","damage_taken":9,"max_hp_gain":0,"max_hp_loss":0,"event_name":"Cursed Tome","floor":20,"gold_loss":0},{"damage_healed":0,"gold_gain":0,"player_choice":"Upgraded Two","damage_taken":0,"max_hp_gain":0,"max_hp_loss":0,"event_name":"Designer","floor":21,"gold_loss":40,"cards_upgraded":["Neutralize","Strike_G"]}],"is_beta":false,"boss_relics":[{"not_picked":["Coffee Dripper","Lizard Tail"],"picked":"Ectoplasm"}],"items_purged_floors":[4,24],"is_endless":false,"potions_floor_spawned":[5,8,16,19],"killed_by":"Gremlin Leader","ascension_level":0}