{"gold_per_floor":[119,119,129,149,149,149,174,190,220,220],"floor_reached":10,"playtime":592,"items_purged":[],"score":92,"play_id":"eac6c741-deaa-403b-b67a-6be549c7ae88","local_time":"20190314122330","is_ascension_mode":true,"campfire_choices":[{"data":"Shrug It Off","floor":6,"key":"SMITH"}],"neow_cost":"NONE","seed_source_timestamp":847659259781303,"circlet_count":0,"master_deck":["Strike_R","Strike_R","Strike_R","Strike_R+1","Defend_R","Defend_R+1","Defend_R","Defend_R","Bash","Rupture","Heavy Blade","Headbutt","Shrug It Off+1","True Grit"],"relics":["Burning Blood","Smiling Mask","Question Card","Tiny Chest"],"potions_floor_usage":[7,8],"damage_taken":[{"damage":4,"enemies":"2 Louse","floor":1,"turns":3},{"damage":7,"enemies":"Small Slimes","floor":3,"turns":3},{"damage":1,"enemies":"Cultist","floor":4,"turns":3},{"damage":28,"enemies":"3 Sentries","floor":7,"turns":8},{"damage":25,"enemies":"Exordium Thugs","floor":8,"turns":7},{"damage":12,"enemies":"Exordium Wildlife","floor":10,"turns":1}],"seed_played":"-8471462220583092064","potions_obtained":[{"floor":3,"key":"EssenceOfSteel"},{"floor":7,"key":"GamblersBrew"},{"floor":8,"key":"Explosive Potion"}],"is_trial":false,"path_per_floor":["M","?","M","M","?","R","E","M","T","M"],"character_chosen":"IRONCLAD","items_purchased":[],"campfire_rested":0,"item_purchase_floors":[],"current_hp_per_floor":[74,62,61,66,50,50,28,9,9,0],"gold":220,"neow_bonus":"TRANSFORM_CARD","is_prod":false,"is_daily":false,"chose_seed":false,"campfire_upgraded":1,"win_rate":0,"timestamp":1552580610,"path_taken":["M","?","M","M","?","R","E","M","T","M"],"build_version":"2019-01-23","purchased_purges":0,"victory":false,"max_hp_per_floor":[80,80,80,80,80,80,80,80,80,80],"card_choices":[{"not_picked":["Warcry","Headbutt"],"picked":"Heavy Blade","floor":1},{"not_picked":["Disarm","Bloodletting"],"picked":"Headbutt","floor":3},{"not_picked":["Juggernaut","Spot Weakness"],"picked":"Shrug It Off","floor":4},{"not_picked":["Body Slam","Rupture","Headbutt"],"picked":"SKIP","floor":7},{"not_picked":["Thunderclap","Armaments","Sword Boomerang"],"picked":"True Grit","floor":8}],"player_experience":185749,"relics_obtained":[{"floor":7,"key":"Question Card"},{"floor":9,"key":"Tiny Chest"}],"event_choices":[{"damage_healed":0,"gold_gain":0,"player_choice":"Success","damage_taken":12,"relics_obtained":["Smiling Mask"],"max_hp_gain":0,"max_hp_loss":0,"event_name":"Scrap Ooze","floor":2,"gold_loss":0},{"damage_healed":0,"gold_gain":0,"player_choice":"Entered Light","damage_taken":16,"max_hp_gain":0,"max_hp_loss":0,"event_name":"Shining Light","floor":5,"gold_loss":0,"cards_upgraded":["Strike_R","Defend_R"]}],"is_beta":false,"boss_relics":[],"items_purged_floors":[],"is_endless":false,"potions_floor_spawned":[3,7,8],"killed_by":"Exordium Wildlife","ascension_level":7}