{"gold_per_floor":[414,73,73,92,92,92,108,108,108,140,160,160,194,212,212,310,310,337,377,389,177,187,187,219,219,295,310,339,339,364,364,364,467,467,485,226,240,240,190,412,424,437,437,451,451,481,195,228,228,228,228,228,19,44,44],"floor_reached":55,"playtime":5876,"items_purged":["Parasite","Regret","Decay","Injury","Writhe","Strike_B"],"score":984,"play_id":"ac589a88-d53b-4c30-bede-14f94d4353cb","local_time":"20190310141835","is_ascension_mode":true,"campfire_choices":[{"data":"Defragment","floor":6.0,"key":"SMITH"},{"data":"Darkness","floor":12.0,"key":"SMITH"},{"floor":15.0,"key":"REST"},{"floor":23.0,"key":"REST"},{"data":"Dualcast","floor":25.0,"key":"SMITH"},{"data":"Electrodynamics","floor":29.0,"key":"SMITH"},{"floor":32.0,"key":"REST"},{"floor":45.0,"key":"RECALL"},{"floor":49.0,"key":"REST"},{"data":"1","floor":52.0,"key":"LIFT"}],"neow_cost":"CURSE","seed_source_timestamp":1134277642991,"circlet_count":0,"master_deck":["Strike_B","Strike_B","Defend_B","Defend_B","Defend_B","Defend_B","Zap+1","Dualcast+1","Go for the Eyes","Defragment+1","Compile Driver","Darkness+1","Steam Power","Coolheaded+1","Ball Lightning","Reinforced Body+1","Glacier+1","Electrodynamics+1","Hologram+1","Turbo+1","Reinforced Body+1","Discovery+1","Hologram+1","Coolheaded+1","Conserve Battery+1","BootSequence+1","Blizzard","Rainbow+1","Double Energy+1","Fission+1","Conserve Battery+1","Defragment+1","Darkness+1","Static Discharge+1","Redo+1","Seek+1","White Noise+1","Finesse+1","Darkness+1","Impatience+1","Steam+1","Turbo+1","Doom and Gloom+1"],"special_seed":0,"relics":["Cracked Core","Old Coin","PreservedInsect","Anchor","Regal Pillow","Ice Cream","Toxic Egg 2","Smiling Mask","Calling Bell","MawBank","Pear","Gambling Chip","Red Mask","Blood Vial","Bottled Tornado","Girya","Bottled Flame","Sozu","DollysMirror","Mango","Vajra","Juzu Bracelet","Du-Vu Doll"],"potions_floor_usage":[55],"damage_taken":[{"damage":1.0,"enemies":"Jaw Worm","floor":1.0,"turns":3.0},{"damage":0.0,"enemies":"Cultist","floor":4.0,"turns":2.0},{"damage":0.0,"enemies":"Small Slimes","floor":7.0,"turns":2.0},{"damage":24.0,"enemies":"Lagavulin","floor":10.0,"turns":4.0},{"damage":5.0,"enemies":"Looter","floor":11.0,"turns":3.0},{"damage":0.0,"enemies":"Gremlin Nob","floor":13.0,"turns":2.0},{"damage":2.0,"enemies":"Exordium Thugs","floor":14.0,"turns":3.0},{"damage":5.0,"enemies":"The Guardian","floor":16.0,"turns":10.0},{"damage":17.0,"enemies":"2 Thieves","floor":18.0,"turns":3.0},{"damage":31.0,"enemies":"Masked Bandits","floor":19.0,"turns":4.0},{"damage":0.0,"enemies":"Spheric Guardian","floor":22.0,"turns":2.0},{"damage":0.0,"enemies":"Slavers","floor":24.0,"turns":5.0},{"damage":10.0,"enemies":"Shelled Parasite and Fungi","floor":27.0,"turns":4.0},{"damage":3.0,"enemies":"Gremlin Leader","floor":28.0,"turns":5.0},{"damage":0.0,"enemies":"Slavers","floor":30.0,"turns":2.0},{"damage":50.0,"enemies":"Collector","floor":33.0,"turns":9.0},{"damage":0.0,"enemies":"3 Shapes","floor":35.0,"turns":2.0},{"damage":5.0,"enemies":"3 Darklings","floor":37.0,"turns":3.0},{"damage":0.0,"enemies":"Sphere and 2 Shapes","floor":41.0,"turns":2.0},{"damage":0.0,"enemies":"Transient","floor":42.0,"turns":5.0},{"damage":0.0,"enemies":"Maw","floor":44.0,"turns":7.0},{"damage":18.0,"enemies":"Nemesis","floor":46.0,"turns":5.0},{"damage":36.0,"enemies":"Giant Head","floor":48.0,"turns":7.0},{"damage":47.0,"enemies":"Donu and Deca","floor":50.0,"turns":7.0},{"damage":4,"enemies":"Shield and Spear","floor":54,"turns":4},{"damage":98,"enemies":"The Heart","floor":55,"turns":5}],"seed_played":"-7047042972837026220","potions_obtained":[{"floor":1.0,"key":"LiquidBronze"},{"floor":7.0,"key":"Ancient Potion"},{"floor":11.0,"key":"Block Potion"},{"floor":19.0,"key":"EssenceOfSteel"},{"floor":28.0,"key":"Ancient Potion"},{"floor":30.0,"key":"Energy Potion"}],"is_trial":false,"path_per_floor":["M","$","?","M","?","R","M","?","T","E","M","R","E","M","R","B",null,"M","?","?","$","M","R","E","R","T","M","E","R","E","?","R","B",null,"M","$","M","?","$","?","M","M","T","M","R","E","$","E","R","B",null,"R","$","E","B"],"character_chosen":"DEFECT","items_purchased":["Defragment","PreservedInsect","Compile Driver","Discovery+1","Hologram+1","Coolheaded+1","DollysMirror","Finesse+1","Vajra","Impatience+1","Steam+1","Turbo+1"],"campfire_rested":4,"item_purchase_floors":[2,2,2,21,21,21,36,47,47,53,53,53],"current_hp_per_floor":[74,72,72,72,72,72,72,72,72,48,43,43,43,41,72,67,82,65,34,34,34,34,73,73,73,73,65,64,64,66,50,87,37,87,87,87,82,82,82,82,83,83,83,83,83,79,79,45,89,44,97,97,97,93,0],"gold":44,"neow_bonus":"ONE_RARE_RELIC","is_prod":false,"is_daily":false,"chose_seed":false,"campfire_upgraded":4,"win_rate":0,"timestamp":1552241915,"path_taken":["M","$","?","?","?","R","M","?","T","E","M","R","E","?","R","BOSS","M","?","?","$","M","R","E","R","T","M","E","R","E","?","R","BOSS","M","$","M","?","$","?","M","M","T","M","R","E","$","E","R","BOSS","R","$","E","BOSS"],"build_version":"2019-01-23","purchased_purges":6,"victory":false,"max_hp_per_floor":[75,72,72,72,72,72,72,72,72,72,72,72,72,72,72,72,82,82,82,82,82,82,82,82,82,82,82,82,82,82,87,87,87,87,87,87,87,83,83,83,83,83,83,83,83,97,97,97,97,97,97,97,97,97,97],"card_choices":[{"not_picked":["Coolheaded","White Noise"],"picked":"Go for the Eyes","floor":1.0},{"not_picked":["Redo","Steam"],"picked":"Darkness","floor":4.0},{"not_picked":["Stack","Aggregate"],"picked":"Steam Power","floor":7.0},{"not_picked":["Hello World","Steam"],"picked":"Coolheaded","floor":10.0},{"not_picked":["Cold Snap","Loop"],"picked":"Ball Lightning","floor":11.0},{"not_picked":["Rebound","Ball Lightning"],"picked":"Reinforced Body+1","floor":13.0},{"not_picked":["Steam+1","Tempest+1"],"picked":"Glacier+1","floor":14.0},{"not_picked":["All For One","Core Surge"],"picked":"Electrodynamics","floor":16.0},{"not_picked":["Cold Snap","Go for the Eyes"],"picked":"Hologram+1","floor":18.0},{"not_picked":["Storm","Reprogram+1"],"picked":"Turbo+1","floor":19.0},{"not_picked":["Loop","Beam Cell+1"],"picked":"Conserve Battery+1","floor":22.0},{"not_picked":["Steam+1","Cold Snap"],"picked":"BootSequence+1","floor":24.0},{"not_picked":["Rip and Tear+1","Hologram+1"],"picked":"Blizzard","floor":27.0},{"not_picked":["Barrage","Sunder"],"picked":"Rainbow+1","floor":28.0},{"not_picked":["Hologram+1","Leap+1"],"picked":"Double Energy+1","floor":30.0},{"not_picked":["Hyperbeam","Multi-Cast+1"],"picked":"Fission+1","floor":33.0},{"not_picked":["Turbo+1","Gash+1"],"picked":"Conserve Battery+1","floor":35.0},{"not_picked":["FTL+1","Cold Snap+1"],"picked":"Darkness+1","floor":37.0},{"not_picked":["Rebound","Gash+1"],"picked":"Static Discharge+1","floor":41.0},{"not_picked":["Heatsinks+1","Hologram+1"],"picked":"Redo+1","floor":42.0},{"not_picked":["Hello World","Stack+1"],"picked":"Seek+1","floor":44.0},{"not_picked":["Fusion+1","Skim+1"],"picked":"White Noise+1","floor":46.0},{"not_picked":["Undo+1","Leap+1"],"picked":"Darkness+1","floor":48.0},{"not_picked":["Gash+1","Go for the Eyes"],"picked":"Doom and Gloom+1","floor":54}],"player_experience":244942,"relics_obtained":[{"floor":8.0,"key":"Regal Pillow"},{"floor":9.0,"key":"Ice Cream"},{"floor":10.0,"key":"Toxic Egg 2"},{"floor":13.0,"key":"Smiling Mask"},{"floor":17.0,"key":"MawBank"},{"floor":17.0,"key":"Pear"},{"floor":17.0,"key":"Gambling Chip"},{"floor":19.0,"key":"Red Mask"},{"floor":24.0,"key":"Blood Vial"},{"floor":26.0,"key":"Bottled Tornado"},{"floor":28.0,"key":"Girya"},{"floor":30.0,"key":"Bottled Flame"},{"floor":46.0,"key":"Mango"},{"floor":48.0,"key":"Juzu Bracelet"},{"floor":54,"key":"Du-Vu Doll"}],"event_choices":[{"damage_healed":0.0,"max_hp_gain":0.0,"max_hp_loss":0.0,"gold_gain":0.0,"event_name":"Upgrade Shrine","player_choice":"Upgraded","floor":3.0,"gold_loss":0.0,"damage_taken":0.0,"cards_upgraded":["Zap"]},{"damage_healed":0.0,"max_hp_gain":0.0,"max_hp_loss":0.0,"gold_gain":0.0,"event_name":"Big Fish","player_choice":"Box","floor":5.0,"gold_loss":0.0,"damage_taken":0.0,"relics_obtained":["Anchor"],"cards_obtained":["Regret"]},{"damage_healed":0.0,"max_hp_gain":0.0,"max_hp_loss":0.0,"gold_gain":0.0,"event_name":"Wheel of Change","player_choice":"Relic","floor":8.0,"gold_loss":0.0,"damage_taken":0.0},{"damage_healed":0.0,"max_hp_gain":0.0,"max_hp_loss":0.0,"gold_gain":0.0,"event_name":"Masked Bandits","player_choice":"Fought Bandits","floor":19.0,"gold_loss":0.0,"damage_taken":0.0},{"damage_healed":0.0,"max_hp_gain":0.0,"max_hp_loss":0.0,"gold_gain":0.0,"cards_transformed":["Regret","Strike_B"],"event_name":"Drug Dealer","player_choice":"Became Test Subject","floor":20.0,"gold_loss":0.0,"damage_taken":0.0,"cards_obtained":["Decay","Reinforced Body"]},{"damage_healed":0.0,"max_hp_gain":5.0,"max_hp_loss":0.0,"gold_gain":0.0,"event_name":"Forgotten Altar","player_choice":"Shed Blood","floor":31.0,"gold_loss":0.0,"damage_taken":21.0},{"damage_healed":0.0,"max_hp_gain":0.0,"max_hp_loss":4.0,"gold_gain":0.0,"event_name":"Winding Halls","player_choice":"Max HP","floor":38.0,"gold_loss":0.0,"damage_taken":0.0},{"damage_healed":0.0,"max_hp_gain":0.0,"max_hp_loss":0.0,"gold_gain":222.0,"event_name":"Tomb of Lord Red Mask","player_choice":"Wore Mask","floor":40.0,"gold_loss":0.0,"damage_taken":0.0}],"is_beta":false,"boss_relics":[{"not_picked":["Ectoplasm","FrozenCore"],"picked":"Calling Bell"},{"not_picked":["Eternal Feather","Cursed Key"],"picked":"Sozu"}],"items_purged_floors":[2,21,36,39,47,53],"is_endless":false,"potions_floor_spawned":[1,7,11,19,28,30,41,42,44,48,54],"killed_by":"The Heart","ascension_level":1}