{"gold_per_floor":[117,117,117,136,148,148,148,148,148,160,160,460,6,25,25,130,130,143,213,123,135,60,60,78,78,78,78,91,123,1,36,36,131,131,147,157,157,172,104,104,121,121,144,144,178,193,193,204,204,204],"floor_reached":51,"playtime":3437,"items_purged":["Injury"],"score":909,"play_id":"93bf02f3-16b4-4257-b819-9e5ac560648d","local_time":"20190323225324","is_ascension_mode":true,"campfire_choices":[{"data":"Stack","floor":6,"key":"SMITH"},{"data":"Zap","floor":8,"key":"SMITH"},{"data":"Sunder","floor":11,"key":"SMITH"},{"data":"Hologram","floor":15,"key":"SMITH"},{"data":"Finesse","floor":23,"key":"SMITH"},{"floor":25,"key":"REST"},{"floor":32,"key":"REST"},{"floor":40,"key":"REST"},{"floor":44,"key":"REST"},{"floor":47,"key":"REST"},{"floor":49,"key":"REST"}],"neow_cost":"NONE","seed_source_timestamp":705665692073900,"circlet_count":0,"master_deck":["Strike_B","Strike_B","Strike_B","Strike_B+1","Defend_B","Defend_B","Defend_B","Defend_B","Zap+1","Dualcast","Cold Snap+1","Stack+1","Machine Learning","Sunder+1","Finesse+1","Hologram+1","All For One","Clumsy","Hologram+1","Glacier+1","Sweeping Beam","Echo Form+1","Capacitor+1","Redo+1","Seek","Steam+1","Blizzard","Loop+1","Defragment+1","Conserve Battery","Beam Cell+1","Barrage","Parasite","Stack+1"],"special_seed":0,"relics":["Cracked Core","Symbiotic Virus","Old Coin","Lantern","Medical Kit","Calling Bell","Mercury Hourglass","Du-Vu Doll","Art of War","Cables","Frozen Egg 2","MawBank","Ancient Tea Set","Lizard Tail","Anchor","Pocketwatch"],"potions_floor_usage":[28,29,33,33,33,45,45,50,50,50],"damage_taken":[{"damage":7,"enemies":"Small Slimes","floor":1,"turns":3},{"damage":0,"enemies":"Cultist","floor":4,"turns":3},{"damage":0,"enemies":"2 Louse","floor":5,"turns":1},{"damage":4,"enemies":"Red Slaver","floor":10,"turns":3},{"damage":0,"enemies":"Large Slime","floor":14,"turns":4},{"damage":16,"enemies":"The Guardian","floor":16,"turns":11},{"damage":0,"enemies":"Spheric Guardian","floor":18,"turns":2},{"damage":3,"enemies":"Chosen","floor":21,"turns":4},{"damage":8,"enemies":"Sentry and Sphere","floor":24,"turns":4},{"damage":4,"enemies":"Snake Plant","floor":28,"turns":5},{"damage":22,"enemies":"Slavers","floor":29,"turns":3},{"damage":6,"enemies":"Gremlin Leader","floor":31,"turns":8},{"damage":37,"enemies":"Automaton","floor":33,"turns":8},{"damage":45,"enemies":"3 Darklings","floor":35,"turns":7},{"damage":0,"enemies":"3 Shapes","floor":36,"turns":6},{"damage":6,"enemies":"Sphere and 2 Shapes","floor":38,"turns":6},{"damage":30,"enemies":"Transient","floor":41,"turns":5},{"damage":13,"enemies":"Giant Head","floor":45,"turns":8},{"damage":24,"enemies":"4 Shapes","floor":46,"turns":3},{"damage":0,"enemies":"Writhing Mass","floor":48,"turns":8},{"damage":71,"enemies":"Time Eater","floor":50,"turns":9}],"seed_played":"-7158061613453909202","potions_obtained":[{"floor":1,"key":"SteroidPotion"},{"floor":5,"key":"EntropicBrew"},{"floor":10,"key":"Weak Potion"},{"floor":24,"key":"FocusPotion"},{"floor":33,"key":"Dexterity Potion"},{"floor":35,"key":"FocusPotion"},{"floor":36,"key":"SteroidPotion"},{"floor":41,"key":"Weak Potion"},{"floor":45,"key":"FocusPotion"},{"floor":48,"key":"EssenceOfSteel"}],"is_trial":false,"path_per_floor":["M","?","?","M","M","R","$","R","T","M","R","?","$","M","R","B",null,"M","T","?","M","$","R","M","R","T","?","M","E","$","E","R","B",null,"M","M","?","M","$","R","M","?","T","R","E","M","R","M","R","B",null],"character_chosen":"DEFECT","items_purchased":["Lantern","Medical Kit","Finesse","Capacitor+1","Strength Potion","Block Potion","Defragment+1"],"campfire_rested":6,"item_purchase_floors":[13,13,13,30,30,30,39],"current_hp_per_floor":[68,68,68,68,68,68,68,68,68,64,64,64,64,64,64,48,74,74,74,74,71,71,71,63,82,82,82,78,56,56,50,74,37,71,26,26,26,20,20,44,14,14,14,38,25,1,25,25,49,41],"gold":204,"neow_bonus":"TEN_PERCENT_HP_BONUS","is_prod":false,"is_daily":false,"chose_seed":false,"campfire_upgraded":5,"win_rate":0,"timestamp":1553378004,"path_taken":["M","?","?","?","M","R","?","R","T","M","R","?","$","M","R","BOSS","M","?","?","?","$","R","M","R","T","?","M","E","$","E","R","BOSS","M","M","?","?","$","R","M","?","T","R","E","?","R","?","R","BOSS"],"build_version":"2019-01-23","purchased_purges":1,"victory":true,"max_hp_per_floor":[82,82,82,82,82,82,82,82,82,82,82,82,82,82,82,82,82,82,82,82,82,82,82,82,82,82,82,82,82,82,82,82,82,82,82,82,82,82,82,82,82,82,82,82,82,82,82,82,82,82],"card_choices":[{"not_picked":["Lockon","Coolheaded"],"picked":"Cold Snap","floor":1},{"not_picked":["Capacitor","Melter"],"picked":"Stack","floor":4},{"not_picked":["Coolheaded","Darkness"],"picked":"Machine Learning","floor":5},{"not_picked":["Coolheaded","Turbo"],"picked":"Sunder","floor":10},{"not_picked":["Rebound","Gash"],"picked":"Hologram","floor":14},{"not_picked":["Thunder Strike","Fission"],"picked":"All For One","floor":16},{"not_picked":["Ball Lightning","Darkness"],"picked":"Hologram+1","floor":18},{"not_picked":["White Noise","Stack"],"picked":"Glacier+1","floor":21},{"not_picked":["Ball Lightning","Compile Driver"],"picked":"Hologram","floor":24},{"not_picked":["Sunder","Fusion"],"picked":"Sweeping Beam","floor":28},{"not_picked":["Steam+1","Glacier"],"picked":"Echo Form+1","floor":29},{"not_picked":["Echo Form+1","White Noise"],"picked":"Redo","floor":31},{"not_picked":["Rainbow","Hyperbeam"],"picked":"Seek","floor":33},{"not_picked":["Skim+1","Compile Driver+1"],"picked":"Steam+1","floor":35},{"not_picked":["Gash+1","Cold Snap+1"],"picked":"Blizzard","floor":36},{"not_picked":["White Noise","Sweeping Beam"],"picked":"Loop+1","floor":38},{"not_picked":["Barrage+1","Gash+1"],"picked":"Conserve Battery","floor":41},{"not_picked":["Go for the Eyes","Chill"],"picked":"Beam Cell+1","floor":45},{"not_picked":["Redo","FTL+1"],"picked":"Barrage","floor":46},{"not_picked":["Beam Cell","Ball Lightning"],"picked":"Stack+1","floor":48}],"player_experience":586994,"relics_obtained":[{"floor":9,"key":"Symbiotic Virus"},{"floor":17,"key":"Mercury Hourglass"},{"floor":17,"key":"Du-Vu Doll"},{"floor":17,"key":"Art of War"},{"floor":19,"key":"Cables"},{"floor":26,"key":"Frozen Egg 2"},{"floor":29,"key":"MawBank"},{"floor":31,"key":"Ancient Tea Set"},{"floor":43,"key":"Anchor"},{"floor":45,"key":"Pocketwatch"}],"event_choices":[{"damage_healed":0,"gold_gain":0,"player_choice":"Ignored","damage_taken":0,"max_hp_gain":0,"max_hp_loss":0,"event_name":"Golden Wing","floor":2,"gold_loss":0},{"damage_healed":0,"gold_gain":0,"player_choice":"Upgraded","damage_taken":0,"max_hp_gain":0,"max_hp_loss":0,"event_name":"Upgrade Shrine","floor":3,"gold_loss":0,"cards_upgraded":["Cold Snap"]},{"damage_healed":0,"gold_gain":0,"player_choice":"Gave Potion","damage_taken":0,"relics_obtained":["Old Coin"],"max_hp_gain":0,"max_hp_loss":0,"event_name":"WeMeetAgain","floor":12,"gold_loss":0},{"cards_removed":["Doubt"],"damage_healed":0,"gold_gain":0,"player_choice":"Upgrade and Remove","damage_taken":0,"max_hp_gain":0,"max_hp_loss":0,"event_name":"Designer","floor":20,"gold_loss":90,"cards_upgraded":["Strike_B"]},{"damage_healed":0,"gold_gain":0,"player_choice":"Ignored","damage_taken":0,"max_hp_gain":0,"max_hp_loss":0,"event_name":"Ghosts","floor":27,"gold_loss":0},{"damage_healed":0,"gold_gain":0,"player_choice":"Upgraded","damage_taken":0,"max_hp_gain":0,"max_hp_loss":0,"event_name":"Upgrade Shrine","floor":37,"gold_loss":0,"cards_upgraded":["Redo"]},{"cards_removed":["Hologram"],"damage_healed":0,"gold_gain":0,"player_choice":"Purged","damage_taken":0,"max_hp_gain":0,"max_hp_loss":0,"event_name":"Purifier","floor":42,"gold_loss":0}],"is_beta":false,"boss_relics":[{"not_picked":["Orrery","Cursed Key"],"picked":"Calling Bell"},{"not_picked":["Runic Dome","Eternal Feather"],"picked":"Lizard Tail"}],"items_purged_floors":[22],"is_endless":false,"potions_floor_spawned":[1,5,10,24,33,35,36,41,45,48],"ascension_level":6}