{"gold_per_floor":[111,126,145,160,160,160,175,175,201,212,235,235,235,160,160,264,264,279,279,279,279,299,316,216,216],"floor_reached":25,"playtime":2217,"items_purged":["Strike_R","Defend_R"],"score":193,"play_id":"be58c92b-09a6-4d2a-92a9-f6fd272530de","local_time":"20190106080153","is_ascension_mode":false,"campfire_choices":[{"data":"Inflame","floor":6.0,"key":"SMITH"},{"data":"True Grit","floor":8.0,"key":"SMITH"},{"data":"Clash","floor":15.0,"key":"SMITH"}],"neow_cost":"NONE","seed_source_timestamp":16321439868306,"circlet_count":0,"master_deck":["Strike_R","Strike_R","Strike_R","Defend_R","Defend_R","Bash","Inflame+1","Clash+1","True Grit+1"],"special_seed":0,"relics":["Burning Blood","NeowsBlessing","Juzu Bracelet","Odd Mushroom","Centennial Puzzle","Black Star"],"potions_floor_usage":[25,25],"damage_taken":[{"damage":0.0,"enemies":"Cultist","floor":1.0,"turns":1.0},{"damage":0.0,"enemies":"Small Slimes","floor":2.0,"turns":1.0},{"damage":0.0,"enemies":"2 Louse","floor":3.0,"turns":1.0},{"damage":5.0,"enemies":"2 Fungi Beasts","floor":4.0,"turns":4.0},{"damage":13.0,"enemies":"Red Slaver","floor":7.0,"turns":2.0},{"damage":4.0,"enemies":"3 Louse","floor":10.0,"turns":3.0},{"damage":9.0,"enemies":"The Mushroom Lair","floor":11.0,"turns":3.0},{"damage":55.0,"enemies":"Slime Boss","floor":16.0,"turns":14.0},{"damage":12.0,"enemies":"Spheric Guardian","floor":18.0,"turns":4.0},{"damage":8,"enemies":"Shell Parasite","floor":22,"turns":5},{"damage":44,"enemies":"Sentry and Sphere","floor":23,"turns":6},{"damage":0,"enemies":"Colosseum Slavers","floor":25,"turns":1}],"seed_played":"6884658528883663737","potions_obtained":[{"floor":2.0,"key":"EssenceOfSteel"},{"floor":3.0,"key":"Explosive Potion"},{"floor":10.0,"key":"Regen Potion"},{"floor":16.0,"key":"GamblersBrew"},{"floor":22,"key":"Explosive Potion"},{"floor":23,"key":"PowerPotion"}],"is_trial":false,"path_per_floor":["M","M","M","M","?","R","M","R","T","M","?","?","?","$","R","B",null,"M","?","?","?","M","M","$","?"],"character_chosen":"IRONCLAD","items_purchased":[],"campfire_rested":0,"item_purchase_floors":[],"current_hp_per_floor":[80,80,80,80,73,73,66,66,66,68,65,65,47,47,47,13,80,74,59,59,59,57,19,19,19],"gold":216,"neow_bonus":"THREE_ENEMY_KILL","is_prod":false,"is_daily":false,"chose_seed":false,"campfire_upgraded":3,"win_rate":0,"timestamp":1546779713,"path_taken":["M","M","?","M","?","R","M","R","T","M","?","?","?","$","R","BOSS","M","?","?","?","M","M","$","?"],"build_version":"2019-01-03v4","purchased_purges":2,"victory":false,"max_hp_per_floor":[80,80,80,80,80,80,80,80,80,80,80,80,80,80,80,80,80,80,85,85,85,85,85,85,85],"card_choices":[{"not_picked":["Sword Boomerang","Heavy Blade","Wild Strike"],"picked":"SKIP","floor":1.0},{"not_picked":["Armaments","Flex"],"picked":"Inflame","floor":2.0},{"not_picked":["Pommel Strike","Warcry"],"picked":"Clash","floor":3.0},{"not_picked":["Intimidate","Sword Boomerang","Havoc"],"picked":"SKIP","floor":4.0},{"not_picked":["Bloodletting","Thunderclap"],"picked":"True Grit","floor":7.0},{"not_picked":["Anger","Reaper","Armaments"],"picked":"SKIP","floor":10.0},{"not_picked":["Anger+1","Pommel Strike","Power Through"],"picked":"SKIP","floor":18.0},{"not_picked":["Body Slam","Intimidate+1","Havoc"],"picked":"SKIP","floor":22},{"not_picked":["True Grit+1","Seeing Red","Spot Weakness"],"picked":"SKIP","floor":23}],"player_experience":2802136,"relics_obtained":[{"floor":9.0,"key":"Juzu Bracelet"},{"floor":11.0,"key":"Odd Mushroom"}],"event_choices":[{"cards_removed":["Strike_R"],"damage_healed":0.0,"max_hp_gain":0.0,"max_hp_loss":0.0,"gold_gain":0.0,"event_name":"Golden Wing","player_choice":"Card Removal","floor":5.0,"gold_loss":0.0,"damage_taken":7.0},{"damage_healed":0.0,"max_hp_gain":0.0,"max_hp_loss":0.0,"gold_gain":0.0,"event_name":"Mushrooms","player_choice":"Fought Mushrooms","floor":11.0,"gold_loss":0.0,"damage_taken":0.0},{"cards_removed":["Defend_R"],"damage_healed":0.0,"max_hp_gain":0.0,"max_hp_loss":0.0,"gold_gain":0.0,"event_name":"Bonfire Elementals","player_choice":"Offered Basic","floor":12.0,"gold_loss":0.0,"damage_taken":0.0},{"damage_healed":0.0,"max_hp_gain":0.0,"max_hp_loss":0.0,"gold_gain":0.0,"event_name":"Scrap Ooze","player_choice":"Success","floor":13.0,"gold_loss":0.0,"damage_taken":18.0,"relics_obtained":["Centennial Puzzle"]},{"damage_healed":0.0,"max_hp_gain":5.0,"max_hp_loss":0.0,"gold_gain":0.0,"event_name":"Forgotten Altar","player_choice":"Shed Blood","floor":19.0,"gold_loss":0.0,"damage_taken":20.0},{"damage_healed":0,"gold_gain":0,"player_choice":"Ignored","damage_taken":0,"max_hp_gain":0,"max_hp_loss":0,"event_name":"Cursed Tome","floor":20,"gold_loss":0},{"damage_healed":0,"gold_gain":0,"player_choice":"Ignored","damage_taken":0,"max_hp_gain":0,"max_hp_loss":0,"event_name":"Ghosts","floor":21,"gold_loss":0},{"damage_healed":0,"gold_gain":0,"player_choice":"Fight","damage_taken":0,"max_hp_gain":0,"max_hp_loss":0,"event_name":"Colosseum","floor":25,"gold_loss":0}],"is_beta":false,"boss_relics":[{"not_picked":["Mark of Pain","Busted Crown"],"picked":"Black Star"}],"items_purged_floors":[14,24],"is_endless":false,"potions_floor_spawned":[2,3,10,16,22,23],"killed_by":"Colosseum Slavers","ascension_level":0}