{"gold_per_floor":[114,289,306,306,581,581,506,526,526,557,557,570,192,222,222,324,324,335,335,347,422,206,206,69,84,84,100,9,109,135,154,154,258,258,274,274,274,291,29,57,11,62,62,62,62,80,480,505,505,505,505,505,6,40,40],"floor_reached":56,"playtime":8979,"items_purged":["Regret","Injury"],"score":1399,"play_id":"a27e705b-8473-4648-9890-e76860cc22a3","local_time":"20190122164451","is_ascension_mode":false,"campfire_choices":[{"data":"Body Slam","floor":6.0,"key":"SMITH"},{"floor":11.0,"key":"REST"},{"floor":15.0,"key":"REST"},{"data":"Apotheosis","floor":23.0,"key":"SMITH"},{"data":"True Grit","floor":32.0,"key":"SMITH"},{"floor":45,"key":"RECALL"},{"floor":49,"key":"REST"},{"floor":52,"key":"REST"}],"neow_cost":"PERCENT_DAMAGE","seed_source_timestamp":45284466200993,"circlet_count":0,"master_deck":["Strike_R","Strike_R","Strike_R","Strike_R","Strike_R","Defend_R","Defend_R","Defend_R","Defend_R","Iron Wave","Body Slam+1","Iron Wave","Iron Wave","Shrug It Off","True Grit+1","Ghostly Armor","Impervious","Juggernaut","Feel No Pain","Inflame","Iron Wave","Apotheosis+1","Double Tap","Entrench","Body Slam","Flash of Steel","Entrench","Pommel Strike","Offering","Madness","Madness","Finesse","Secret Technique","Secret Weapon","True Grit+1","Pommel Strike","Body Slam","Shrug It Off+1","Impervious","Iron Wave+1","Juggernaut","Shrug It Off"],"special_seed":0,"relics":["Burning Blood","Calipers","Ornamental Fan","Mummified Hand","Dream Catcher","Regal Pillow","Oddly Smooth Stone","Cursed Key","WingedGreaves","Letter Opener","Red Mask","Mark of Pain","Bottled Lightning","Unceasing Top","Du-Vu Doll","Old Coin","StoneCalendar","Strange Spoon","Anchor","Happy Flower"],"potions_floor_usage":[47,50,50,55],"damage_taken":[{"damage":0.0,"enemies":"2 Louse","floor":1.0,"turns":3.0},{"damage":5.0,"enemies":"Small Slimes","floor":3.0,"turns":3.0},{"damage":4.0,"enemies":"Cultist","floor":8.0,"turns":4.0},{"damage":25.0,"enemies":"3 Sentries","floor":10.0,"turns":13.0},{"damage":18.0,"enemies":"Exordium Thugs","floor":12.0,"turns":6.0},{"damage":11.0,"enemies":"Slime Boss","floor":16.0,"turns":8.0},{"damage":1.0,"enemies":"Chosen","floor":18.0,"turns":5.0},{"damage":0.0,"enemies":"3 Byrds","floor":20.0,"turns":5.0},{"damage":0.0,"enemies":"Snecko","floor":25.0,"turns":4.0},{"damage":7.0,"enemies":"Shelled Parasite and Fungi","floor":27.0,"turns":5.0},{"damage":4.0,"enemies":"Colosseum Slavers","floor":29.0,"turns":5.0},{"damage":0.0,"enemies":"Colosseum Nobs","floor":29.0,"turns":4.0},{"damage":13.0,"enemies":"Masked Bandits","floor":30.0,"turns":5.0},{"damage":0.0,"enemies":"Cultist and Chosen","floor":31.0,"turns":6.0},{"damage":8.0,"enemies":"Collector","floor":33.0,"turns":9.0},{"damage":6.0,"enemies":"3 Darklings","floor":35.0,"turns":7.0},{"damage":0.0,"enemies":"Orb Walker","floor":38.0,"turns":3.0},{"damage":6.0,"enemies":"Reptomancer","floor":40.0,"turns":5.0},{"damage":10.0,"enemies":"2 Orb Walkers","floor":42.0,"turns":3.0},{"damage":0,"enemies":"Sphere and 2 Shapes","floor":46,"turns":5},{"damage":0,"enemies":"Mind Bloom Boss Battle","floor":47,"turns":3},{"damage":0,"enemies":"Giant Head","floor":48,"turns":3},{"damage":0,"enemies":"Time Eater","floor":50,"turns":9},{"damage":7,"enemies":"Shield and Spear","floor":54,"turns":3},{"damage":6,"enemies":"The Heart","floor":55,"turns":7}],"seed_played":"-3981456623236428447","potions_obtained":[{"floor":1.0,"key":"PowerPotion"},{"floor":8.0,"key":"SkillPotion"},{"floor":12.0,"key":"Strength Potion"},{"floor":18.0,"key":"GamblersBrew"},{"floor":20.0,"key":"Regen Potion"},{"floor":29.0,"key":"Ancient Potion"},{"floor":33.0,"key":"PowerPotion"},{"floor":47,"key":"Strength Potion"},{"floor":54,"key":"Weak Potion"}],"is_trial":false,"path_per_floor":["M","?","M","?","?","R","$","M","T","E","R","M","$","?","R","B",null,"M","?","M","?","$","R","$","M","T","M","$","?","?","M","R","B",null,"M","?","?","M","$","E","$","?","T","?","R","M","?","E","R","B",null,"R","$","E","B",null],"character_chosen":"IRONCLAD","items_purchased":["Shrug It Off","Dream Catcher","Regal Pillow","True Grit","Iron Wave","Apotheosis","Double Tap","Flash of Steel","Bottled Lightning","Body Slam","Strange Spoon","Anchor","Shrug It Off"],"campfire_rested":4,"item_purchase_floors":[13,13,13,13,22,22,24,28,39,41,53,53,53],"current_hp_per_floor":[62,62,63,63,63,63,63,65,65,46,70,58,58,58,80,75,80,80,80,80,72,72,72,72,78,78,77,77,80,73,79,79,77,80,80,70,60,66,66,66,66,62,62,62,62,68,80,80,80,80,80,80,80,79,79],"gold":40,"neow_bonus":"ONE_RARE_RELIC","is_prod":false,"is_daily":false,"chose_seed":false,"campfire_upgraded":3,"win_rate":0,"timestamp":1548193491,"path_taken":["M","?","M","?","?","R","$","?","T","E","R","M","$","?","R","BOSS","M","?","M","?","$","R","$","?","T","M","?","?","?","M","R","BOSS","M","?","?","M","$","E","$","?","T","?","R","?","?","E","R","BOSS","R","$","E","BOSS"],"build_version":"2019-01-17v2","purchased_purges":2,"victory":true,"max_hp_per_floor":[80,80,80,80,80,80,80,80,80,80,80,80,80,80,80,80,80,80,80,80,80,80,80,80,80,80,80,80,80,80,80,80,80,80,80,80,80,80,80,80,80,80,80,80,80,80,80,80,80,80,80,80,80,80,80],"card_choices":[{"not_picked":["Seeing Red","Cleave"],"picked":"Iron Wave","floor":1.0},{"not_picked":["Havoc","Whirlwind"],"picked":"Body Slam","floor":3.0},{"not_picked":["Sever Soul","Fire Breathing","Exhume"],"picked":"SKIP","floor":8.0},{"not_picked":["Shrug It Off","Heavy Blade"],"picked":"Iron Wave","floor":10.0},{"not_picked":["Heavy Blade","Pommel Strike"],"picked":"Iron Wave","floor":12.0},{"not_picked":["Thunderclap","Limit Break"],"picked":"Ghostly Armor","floor":15.0},{"not_picked":["Immolate","Limit Break"],"picked":"Impervious","floor":16.0},{"not_picked":["Clothesline+1","Warcry"],"picked":"Cleave","floor":18.0},{"not_picked":["Uppercut","Thunderclap"],"picked":"Inflame","floor":20.0},{"not_picked":["Pommel Strike","Seeing Red"],"picked":"Entrench","floor":25.0},{"not_picked":["Anger+1","Thunderclap"],"picked":"Body Slam","floor":27.0},{"not_picked":["Body Slam+1","Fire Breathing"],"picked":"Entrench","floor":29.0},{"not_picked":["Twin Strike+1","Cleave+1"],"picked":"Pommel Strike","floor":30.0},{"not_picked":["Searing Blow","Second Wind","Pummel"],"picked":"SKIP","floor":31.0},{"not_picked":["Dark Embrace","Bludgeon"],"picked":"Offering","floor":33.0},{"not_picked":["Sever Soul","Intimidate","Twin Strike"],"picked":"SKIP","floor":35.0},{"not_picked":["Secret Weapon","Violence"],"picked":"Finesse","floor":37.0},{"not_picked":["Impatience","Madness"],"picked":"Secret Technique","floor":37.0},{"not_picked":["Blind","Panacea"],"picked":"Secret Weapon","floor":37.0},{"not_picked":["Headbutt+1","Flex"],"picked":"True Grit+1","floor":38.0},{"not_picked":["Seeing Red+1","Cleave+1"],"picked":"Pommel Strike","floor":40.0},{"not_picked":["Second Wind+1","Armaments"],"picked":"Shrug It Off+1","floor":42.0},{"not_picked":["Cleave","Clothesline"],"picked":"Iron Wave+1","floor":46},{"not_picked":["Perfected Strike+1","Shrug It Off+1"],"picked":"Juggernaut","floor":47},{"not_picked":["Sentinel","Rupture+1","Exhume"],"picked":"SKIP","floor":48},{"not_picked":["Sword Boomerang","Carnage+1","Fire Breathing+1"],"picked":"SKIP","floor":54}],"player_experience":3038233,"relics_obtained":[{"floor":9.0,"key":"Ornamental Fan"},{"floor":10.0,"key":"Mummified Hand"},{"floor":29.0,"key":"WingedGreaves"},{"floor":29.0,"key":"Letter Opener"},{"floor":30.0,"key":"Red Mask"},{"floor":40.0,"key":"Unceasing Top"},{"floor":42.0,"key":"Du-Vu Doll"},{"floor":47,"key":"Old Coin"},{"floor":48,"key":"StoneCalendar"},{"floor":54,"key":"Happy Flower"}],"event_choices":[{"damage_healed":0.0,"max_hp_gain":0.0,"max_hp_loss":0.0,"gold_gain":175.0,"event_name":"Liars Game","player_choice":"AGREE","floor":2.0,"gold_loss":0.0,"damage_taken":0.0,"cards_obtained":["Doubt"]},{"cards_removed":["Doubt"],"damage_healed":0.0,"max_hp_gain":0.0,"max_hp_loss":0.0,"gold_gain":0.0,"event_name":"Living Wall","player_choice":"Forget","floor":4.0,"gold_loss":0.0,"damage_taken":0.0},{"damage_healed":0.0,"max_hp_gain":0.0,"max_hp_loss":0.0,"gold_gain":275.0,"event_name":"Golden Shrine","player_choice":"Desecrate","floor":5.0,"gold_loss":0.0,"damage_taken":0.0,"cards_obtained":["Regret"]},{"damage_healed":0.0,"max_hp_gain":0.0,"max_hp_loss":0.0,"gold_gain":30.0,"event_name":"Dead Adventurer","player_choice":"Searched \u00272\u0027 times","floor":14.0,"gold_loss":0.0,"damage_taken":0.0,"relics_obtained":["Oddly Smooth Stone"]},{"damage_healed":0.0,"max_hp_gain":0.0,"max_hp_loss":0.0,"gold_gain":0.0,"cards_transformed":["Cleave","Bash"],"event_name":"Drug Dealer","player_choice":"Became Test Subject","floor":19.0,"gold_loss":0.0,"damage_taken":0.0,"cards_obtained":["Juggernaut","Feel No Pain"]},{"damage_healed":0.0,"max_hp_gain":0.0,"max_hp_loss":0.0,"gold_gain":75.0,"event_name":"FaceTrader","player_choice":"Touch","floor":21.0,"gold_loss":0.0,"damage_taken":8.0},{"damage_healed":0.0,"max_hp_gain":0.0,"max_hp_loss":0.0,"gold_gain":0.0,"event_name":"Colosseum","player_choice":"Fight","floor":29.0,"gold_loss":0.0,"damage_taken":0.0},{"damage_healed":0.0,"max_hp_gain":0.0,"max_hp_loss":0.0,"gold_gain":0.0,"event_name":"Colosseum","player_choice":"Fought Nobs","floor":29.0,"gold_loss":0.0,"damage_taken":0.0},{"damage_healed":0.0,"max_hp_gain":0.0,"max_hp_loss":0.0,"gold_gain":0.0,"event_name":"Masked Bandits","player_choice":"Fought Bandits","floor":30.0,"gold_loss":0.0,"damage_taken":0.0},{"damage_healed":0.0,"max_hp_gain":0.0,"max_hp_loss":0.0,"gold_gain":0.0,"event_name":"Winding Halls","player_choice":"Embrace Madness","floor":36.0,"gold_loss":0.0,"damage_taken":10.0,"cards_obtained":["Madness","Madness"]},{"damage_healed":0.0,"max_hp_gain":0.0,"max_hp_loss":0.0,"gold_gain":0.0,"event_name":"SensoryStone","player_choice":"Memory 3","floor":37.0,"gold_loss":0.0,"damage_taken":10.0},{"damage_healed":0.0,"max_hp_gain":0.0,"max_hp_loss":0.0,"gold_gain":0.0,"event_name":"Mysterious Sphere","player_choice":"Fight","floor":42.0,"gold_loss":0.0,"damage_taken":0.0},{"damage_healed":0,"gold_gain":0,"player_choice":"Copied","damage_taken":0,"max_hp_gain":0,"max_hp_loss":0,"event_name":"Duplicator","floor":44,"gold_loss":0,"cards_obtained":["Impervious"]},{"damage_healed":0,"gold_gain":0,"player_choice":"Fight","damage_taken":0,"max_hp_gain":0,"max_hp_loss":0,"event_name":"MindBloom","floor":47,"gold_loss":0}],"is_beta":false,"boss_relics":[{"not_picked":["White Beast Statue","Velvet Choker"],"picked":"Cursed Key"},{"not_picked":["Philosopher\u0027s Stone","Calling Bell"],"picked":"Mark of Pain"}],"items_purged_floors":[7,53],"is_endless":false,"potions_floor_spawned":[1,8,12,18,20,29,33,40,46,47,48,54],"ascension_level":0}