{"gold_per_floor":[116,128,178,188,113,138,138,164,216,226,245,145,145,159,159,231,231,247,247,167,185,5,5],"floor_reached":23,"playtime":1583,"items_purged":["Strike_R","Strike_R","Strike_R"],"score":372,"play_id":"352326aa-726b-49aa-b3c6-23427cbbeb90","local_time":"20190101200454","is_ascension_mode":true,"campfire_choices":[{"data":"Searing Blow","floor":7.0,"key":"SMITH"},{"floor":13.0,"key":"REST"},{"data":"Searing Blow+1","floor":15.0,"key":"SMITH"}],"neow_cost":"NONE","seed_source_timestamp":6335857007730,"circlet_count":0,"master_deck":["AscendersBane","Strike_R","Strike_R","Defend_R","Defend_R","Defend_R","Defend_R","Bash","Searing Blow+2","Armaments","Offering","Burning Pact","Evolve+1","Shrug It Off"],"special_seed":0,"relics":["Burning Blood","NeowsBlessing","Ancient Tea Set","Centennial Puzzle","Pen Nib","White Beast Statue"],"potions_floor_usage":[],"damage_taken":[{"damage":0.0,"enemies":"Small Slimes","floor":1.0,"turns":1.0},{"damage":0.0,"enemies":"Cultist","floor":2.0,"turns":1.0},{"damage":0.0,"enemies":"Jaw Worm","floor":4.0,"turns":1.0},{"damage":56.0,"enemies":"Gremlin Nob","floor":6.0,"turns":5.0},{"damage":3.0,"enemies":"Blue Slaver","floor":10.0,"turns":3.0},{"damage":11.0,"enemies":"3 Louse","floor":11.0,"turns":4.0},{"damage":3.0,"enemies":"2 Fungi Beasts","floor":14.0,"turns":3.0},{"damage":32.0,"enemies":"The Guardian","floor":16.0,"turns":9.0},{"damage":12.0,"enemies":"Spheric Guardian","floor":18.0,"turns":3.0},{"damage":31.0,"enemies":"Colosseum Slavers","floor":19.0,"turns":3.0},{"damage":8.0,"enemies":"2 Thieves","floor":20.0,"turns":4.0},{"damage":5.0,"enemies":"Snecko","floor":21.0,"turns":3.0},{"damage":19,"enemies":"Book of Stabbing","floor":23,"turns":2}],"seed_played":"2823992350905719172","potions_obtained":[{"floor":2.0,"key":"Fruit Juice"},{"floor":10.0,"key":"Swift Potion"},{"floor":14.0,"key":"Dexterity Potion"},{"floor":16.0,"key":"FearPotion"},{"floor":18.0,"key":"Dexterity Potion"},{"floor":20.0,"key":"GamblersBrew"},{"floor":21.0,"key":"Swift Potion"}],"is_trial":false,"path_per_floor":["M","M","?","M","$","E","R","T","T","M","M","$","R","M","R","B",null,"M","?","M","M","$","E"],"character_chosen":"IRONCLAD","items_purchased":["Shrug It Off"],"campfire_rested":1,"item_purchase_floors":[22],"current_hp_per_floor":[74,75,75,75,80,30,30,30,30,33,28,28,52,55,55,29,67,61,36,34,35,35,16],"gold":5,"neow_bonus":"THREE_ENEMY_KILL","is_prod":false,"is_daily":false,"chose_seed":false,"campfire_upgraded":2,"win_rate":0,"timestamp":1546391094,"path_taken":["M","M","?","?","$","E","R","?","T","M","?","$","R","M","R","BOSS","M","?","M","M","$","E"],"build_version":"2018-12-20","purchased_purges":3,"victory":false,"max_hp_per_floor":[75,75,75,75,80,80,80,80,80,80,80,80,80,80,80,80,80,80,80,80,80,80,80],"card_choices":[{"not_picked":["Body Slam","Wild Strike"],"picked":"Searing Blow","floor":1.0},{"not_picked":["Wild Strike","Sword Boomerang"],"picked":"Armaments","floor":2.0},{"not_picked":["Intimidate","Bludgeon","Shrug It Off"],"picked":"SKIP","floor":4.0},{"not_picked":["Wild Strike","Thunderclap","Armaments"],"picked":"SKIP","floor":6.0},{"not_picked":["Shrug It Off","Searing Blow","Clothesline"],"picked":"SKIP","floor":10.0},{"not_picked":["Wild Strike","Headbutt","Perfected Strike"],"picked":"SKIP","floor":11.0},{"not_picked":["Bloodletting","Dropkick","Flex"],"picked":"SKIP","floor":14.0},{"not_picked":["Demon Form","Bludgeon"],"picked":"Offering","floor":16.0},{"not_picked":["Shrug It Off","True Grit"],"picked":"Burning Pact","floor":18.0},{"not_picked":["Shrug It Off","Sentinel","Body Slam"],"picked":"SKIP","floor":20.0},{"not_picked":["Body Slam","Clash"],"picked":"Evolve+1","floor":21.0}],"player_experience":2770406,"relics_obtained":[{"floor":6.0,"key":"Ancient Tea Set"},{"floor":8.0,"key":"Centennial Puzzle"},{"floor":9.0,"key":"Pen Nib"}],"event_choices":[{"damage_healed":0.0,"max_hp_gain":0.0,"max_hp_loss":0.0,"gold_gain":50.0,"event_name":"Golden Shrine","player_choice":"Pray","floor":3.0,"gold_loss":0.0,"damage_taken":0.0},{"damage_healed":0.0,"max_hp_gain":0.0,"max_hp_loss":0.0,"gold_gain":0.0,"event_name":"Colosseum","player_choice":"Fight","floor":19.0,"gold_loss":0.0,"damage_taken":0.0},{"damage_healed":0.0,"max_hp_gain":0.0,"max_hp_loss":0.0,"gold_gain":0.0,"event_name":"Colosseum","player_choice":"Fled From Nobs","floor":19.0,"gold_loss":0.0,"damage_taken":0.0}],"is_beta":false,"boss_relics":[{"not_picked":["Runic Dome","Black Star"],"picked":"White Beast Statue"}],"items_purged_floors":[5,12,22],"is_endless":false,"potions_floor_spawned":[2,10,14,16,18,19,20,21],"killed_by":"Book of Stabbing","ascension_level":19}