{"gold_per_floor":[116,116,131,131,149,149,181,181,181,181,198,215,165,199,199,271,271,284,19,36,36,55,55],"floor_reached":23,"playtime":1748,"items_purged":["Decay"],"score":402,"play_id":"7beab98d-e6fb-4763-abfe-7cd769b81c98","local_time":"20190207151832","is_ascension_mode":true,"campfire_choices":[{"floor":6.0,"key":"REST"},{"floor":8.0,"key":"REST"},{"data":"Zap","floor":10.0,"key":"SMITH"},{"floor":15,"key":"REST"}],"neow_cost":"NONE","seed_source_timestamp":17472365501286,"circlet_count":0,"master_deck":["AscendersBane","Strike_B","Strike_B","Strike_B","Strike_B","Defend_B+1","Defend_B","Defend_B","Defend_B","Zap+1","Dualcast","Sweeping Beam+1","Conserve Battery","Go for the Eyes","Melter+1","Coolheaded","Hologram","Sweeping Beam+1","Streamline+1","Core Surge+1","Writhe","Injury","Go for the Eyes+1","Defragment+1","Blizzard+1","Turbo","Cold Snap+1","Biased Cognition"],"special_seed":0,"relics":["Cracked Core","NeowsBlessing","Question Card","Molten Egg 2","Cables","Ornamental Fan","Calling Bell","Oddly Smooth Stone","Pear","Thread and Needle"],"potions_floor_usage":[14,20],"damage_taken":[{"damage":0.0,"enemies":"Cultist","floor":1.0,"turns":1.0},{"damage":0.0,"enemies":"Small Slimes","floor":3.0,"turns":1.0},{"damage":0.0,"enemies":"2 Louse","floor":5.0,"turns":1.0},{"damage":35.0,"enemies":"3 Sentries","floor":7.0,"turns":7.0},{"damage":3.0,"enemies":"Red Slaver","floor":11.0,"turns":3.0},{"damage":0.0,"enemies":"3 Louse","floor":12.0,"turns":2.0},{"damage":26,"enemies":"Lagavulin","floor":14,"turns":5},{"damage":31,"enemies":"The Guardian","floor":16,"turns":11},{"damage":45,"enemies":"3 Byrds","floor":18,"turns":7},{"damage":0,"enemies":"Spheric Guardian","floor":20,"turns":3},{"damage":12,"enemies":"Snake Plant","floor":22,"turns":4},{"damage":18,"enemies":"Slavers","floor":23,"turns":1}],"seed_played":"-3896488654484657438","potions_obtained":[{"floor":1.0,"key":"FairyPotion"},{"floor":12.0,"key":"AttackPotion"},{"floor":16,"key":"Weak Potion"},{"floor":18,"key":"Regen Potion"}],"is_trial":false,"path_per_floor":["M","?","M","?","M","R","E","R","T","R","M","M","$","E","R","B",null,"M","$","M","?","M","E"],"character_chosen":"DEFECT","items_purchased":["Sweeping Beam+1","Defragment","Blizzard+1","Turbo"],"campfire_rested":3,"item_purchase_floors":[13,19,19,19],"current_hp_per_floor":[64,64,64,43,43,64,29,50,50,50,47,47,47,21,42,11,66,21,21,30,30,18,0],"gold":55,"neow_bonus":"THREE_ENEMY_KILL","is_prod":false,"is_daily":false,"chose_seed":false,"campfire_upgraded":1,"win_rate":0,"timestamp":1549570712,"path_taken":["M","?","?","?","M","R","E","R","T","R","M","M","$","E","R","BOSS","M","$","M","?","M","E"],"build_version":"2019-01-23","purchased_purges":1,"victory":false,"max_hp_per_floor":[71,71,71,71,71,71,71,71,71,71,71,71,71,71,71,71,81,81,81,81,81,81,81],"card_choices":[{"not_picked":["Melter","Storm"],"picked":"Sweeping Beam","floor":1.0},{"not_picked":["Scrape","Rebound","Chaos"],"picked":"Conserve Battery","floor":3.0},{"not_picked":["Heatsinks","Lockon","Leap"],"picked":"Go for the Eyes","floor":5.0},{"not_picked":["Force Field","Conserve Battery","Storm"],"picked":"Melter","floor":7.0},{"not_picked":["Streamline+1","Gash+1","Rebound+1"],"picked":"Coolheaded","floor":11.0},{"not_picked":["Barrage+1","Conserve Battery","Creative AI"],"picked":"Hologram","floor":12.0},{"not_picked":["Redo","Steam","Scrape+1"],"picked":"Streamline+1","floor":14},{"not_picked":["Biased Cognition","Hyperbeam+1","Seek"],"picked":"Core Surge+1","floor":16},{"not_picked":["Conserve Battery","Double Energy","Rip and Tear+1"],"picked":"Go for the Eyes+1","floor":18},{"not_picked":["Hologram","Capacitor","Barrage+1"],"picked":"Cold Snap+1","floor":20},{"not_picked":["Hologram","Streamline+1","FTL+1"],"picked":"Biased Cognition","floor":22}],"player_experience":3229920,"relics_obtained":[{"floor":7.0,"key":"Molten Egg 2"},{"floor":9.0,"key":"Cables"},{"floor":14,"key":"Ornamental Fan"},{"floor":17,"key":"Oddly Smooth Stone"},{"floor":17,"key":"Pear"},{"floor":17,"key":"Thread and Needle"}],"event_choices":[{"damage_healed":0.0,"max_hp_gain":0.0,"max_hp_loss":0.0,"gold_gain":0.0,"event_name":"WeMeetAgain","player_choice":"Gave Potion","floor":2.0,"gold_loss":0.0,"damage_taken":0.0,"relics_obtained":["Question Card"]},{"damage_healed":0.0,"max_hp_gain":0.0,"max_hp_loss":0.0,"gold_gain":0.0,"event_name":"Shining Light","player_choice":"Entered Light","floor":4.0,"gold_loss":0.0,"damage_taken":21.0,"cards_upgraded":["Defend_B","Sweeping Beam"]},{"damage_healed":0,"gold_gain":0,"player_choice":"Upgraded","damage_taken":0,"max_hp_gain":0,"max_hp_loss":0,"event_name":"Upgrade Shrine","floor":21,"gold_loss":0,"cards_upgraded":["Defragment"]}],"is_beta":false,"boss_relics":[{"not_picked":["Ectoplasm","White Beast Statue"],"picked":"Calling Bell"}],"items_purged_floors":[19],"is_endless":false,"potions_floor_spawned":[1,12,16,18],"killed_by":"Slavers","ascension_level":20}