{"gold_per_floor":[109,109,125,71,81,114,114,146,170,170,188,188,207,235,235,235],"floor_reached":16,"playtime":1990,"items_purged":[],"score":215,"play_id":"ea2544b9-08e8-4710-a8d3-aa008f057caa","local_time":"20190107131750","is_ascension_mode":true,"campfire_choices":[{"floor":7.0,"key":"REST"},{"floor":10.0,"key":"REST"},{"data":"Armaments","floor":12.0,"key":"SMITH"},{"floor":15.0,"key":"REST"}],"neow_cost":"NONE","seed_source_timestamp":47123480660005,"circlet_count":0,"master_deck":["AscendersBane","Strike_R","Strike_R","Strike_R","Strike_R","Strike_R","Defend_R","Defend_R","Defend_R","Defend_R","Bash","Pummel","Metallicize","Armaments+1","Uppercut","Impervious","Second Wind","Dropkick"],"special_seed":0,"relics":["Burning Blood","Regal Pillow","Omamori","Vajra","Juzu Bracelet","Odd Mushroom"],"potions_floor_usage":[16,16],"damage_taken":[{"damage":14.0,"enemies":"Jaw Worm","floor":1.0,"turns":3.0},{"damage":17.0,"enemies":"Cultist","floor":3.0,"turns":4.0},{"damage":3.0,"enemies":"Small Slimes","floor":5.0,"turns":4.0},{"damage":41.0,"enemies":"Gremlin Nob","floor":6.0,"turns":5.0},{"damage":39.0,"enemies":"Lagavulin","floor":8.0,"turns":8.0},{"damage":17.0,"enemies":"Exordium Thugs","floor":11.0,"turns":5.0},{"damage":7.0,"enemies":"Blue Slaver","floor":13.0,"turns":6.0},{"damage":22.0,"enemies":"The Mushroom Lair","floor":14.0,"turns":5.0},{"damage":68,"enemies":"Slime Boss","floor":16,"turns":11}],"seed_played":"-6364015270795995104","potions_obtained":[{"floor":1.0,"key":"Poison Potion"},{"floor":3.0,"key":"SpeedPotion"},{"floor":11.0,"key":"Poison Potion"},{"floor":14.0,"key":"Poison Potion"}],"is_trial":false,"path_per_floor":["M","?","M","$","M","E","R","E","T","R","M","R","M","?","R","B"],"character_chosen":"IRONCLAD","items_purchased":["Armaments"],"campfire_rested":3,"item_purchase_floors":[4],"current_hp_per_floor":[60,75,64,64,67,32,69,36,36,73,62,62,61,45,75,7],"gold":235,"neow_bonus":"RANDOM_COMMON_RELIC","is_prod":false,"is_daily":false,"chose_seed":false,"campfire_upgraded":1,"win_rate":0,"timestamp":1546885070,"path_taken":["M","?","M","$","M","E","R","E","T","R","M","R","M","?","R","BOSS"],"build_version":"2019-01-03v4","purchased_purges":0,"victory":false,"max_hp_per_floor":[75,75,75,75,75,75,75,75,75,75,75,75,75,75,75,75],"card_choices":[{"not_picked":["Iron Wave","Entrench"],"picked":"Pummel","floor":1.0},{"not_picked":["Anger","Clash"],"picked":"Metallicize","floor":3.0},{"not_picked":["Sword Boomerang","Wild Strike"],"picked":"Uppercut","floor":5.0},{"not_picked":["Corruption","Warcry"],"picked":"Impervious","floor":6.0},{"not_picked":["Wild Strike","Combust","Havoc"],"picked":"SKIP","floor":8.0},{"not_picked":["Fire Breathing","Sentinel","Entrench"],"picked":"SKIP","floor":11.0},{"not_picked":["Anger","Armaments"],"picked":"Second Wind","floor":13.0},{"not_picked":["Cleave","Rampage"],"picked":"Dropkick","floor":14.0}],"player_experience":2827807,"relics_obtained":[{"floor":6.0,"key":"Omamori"},{"floor":8.0,"key":"Vajra"},{"floor":9.0,"key":"Juzu Bracelet"},{"floor":14.0,"key":"Odd Mushroom"}],"event_choices":[{"damage_healed":15.0,"max_hp_gain":0.0,"max_hp_loss":0.0,"gold_gain":0.0,"event_name":"Wheel of Change","player_choice":"Full Heal","floor":2.0,"gold_loss":0.0,"damage_taken":0.0},{"damage_healed":0.0,"max_hp_gain":0.0,"max_hp_loss":0.0,"gold_gain":0.0,"event_name":"Mushrooms","player_choice":"Fought Mushrooms","floor":14.0,"gold_loss":0.0,"damage_taken":0.0}],"is_beta":false,"boss_relics":[],"items_purged_floors":[],"is_endless":false,"potions_floor_spawned":[1,3,11,14],"killed_by":"Slime Boss","ascension_level":19}