{"gold_per_floor":[113,129,2,2,21,21,21,47,47,74,90,125,125,145,145,145],"floor_reached":16,"playtime":768,"items_purged":["Strike_R"],"score":162,"play_id":"0a779261-9aed-4ca4-93ce-a0774659ce9b","local_time":"20190314123630","is_ascension_mode":true,"campfire_choices":[{"data":"Bash","floor":6,"key":"SMITH"},{"data":"Sever Soul","floor":15,"key":"SMITH"}],"neow_cost":"NONE","seed_source_timestamp":848279842198893,"circlet_count":0,"master_deck":["Strike_R","Strike_R","Strike_R","Strike_R","Defend_R","Defend_R","Defend_R","Defend_R","Bash+1","Power Through","Metallicize","Twin Strike","Iron Wave","Shrug It Off","True Grit","Sever Soul+1"],"relics":["Burning Blood","NeowsBlessing","Charon\u0027s Ashes","Vajra","Darkstone Periapt","Bird Faced Urn","Juzu Bracelet"],"potions_floor_usage":[8,10,11,11,16],"damage_taken":[{"damage":0,"enemies":"2 Louse","floor":1,"turns":1},{"damage":0,"enemies":"Cultist","floor":2,"turns":1},{"damage":0,"enemies":"Small Slimes","floor":5,"turns":2},{"damage":13,"enemies":"Gremlin Nob","floor":8,"turns":4},{"damage":20,"enemies":"Lagavulin","floor":10,"turns":7},{"damage":1,"enemies":"2 Fungi Beasts","floor":11,"turns":2},{"damage":25,"enemies":"3 Sentries","floor":12,"turns":8},{"damage":6,"enemies":"Looter","floor":14,"turns":3},{"damage":56,"enemies":"Slime Boss","floor":16,"turns":10}],"seed_played":"-3668490241025999564","potions_obtained":[{"floor":1,"key":"Strength Potion"},{"floor":4,"key":"Explosive Potion"},{"floor":4,"key":"SteroidPotion"},{"floor":10,"key":"PowerPotion"},{"floor":14,"key":"Fruit Juice"}],"is_trial":false,"path_per_floor":["M","M","$","?","M","R","?","E","T","E","M","E","?","M","R","B"],"character_chosen":"IRONCLAD","items_purchased":["Twin Strike"],"campfire_rested":0,"item_purchase_floors":[3],"current_hp_per_floor":[78,80,80,80,80,80,77,70,70,56,63,44,44,44,44,0],"gold":145,"neow_bonus":"THREE_ENEMY_KILL","is_prod":false,"is_daily":false,"chose_seed":false,"campfire_upgraded":2,"win_rate":0,"timestamp":1552581390,"path_taken":["M","M","$","?","?","R","?","E","T","E","M","E","?","M","R","BOSS"],"build_version":"2019-01-23","purchased_purges":1,"victory":false,"max_hp_per_floor":[80,80,80,80,80,80,80,80,80,80,80,80,80,80,80,85],"card_choices":[{"not_picked":["True Grit","Carnage"],"picked":"Power Through","floor":1},{"not_picked":["Rage","Rampage"],"picked":"Metallicize","floor":2},{"not_picked":["Sword Boomerang","Sever Soul","Havoc"],"picked":"SKIP","floor":5},{"not_picked":["Clash","Rupture"],"picked":"Iron Wave","floor":8},{"not_picked":["Rampage","Seeing Red"],"picked":"Shrug It Off","floor":10},{"not_picked":["Body Slam","Flex"],"picked":"True Grit","floor":11},{"not_picked":["Berserk","Searing Blow"],"picked":"Sever Soul","floor":12},{"not_picked":["Clash","Power Through","Warcry"],"picked":"SKIP","floor":14}],"player_experience":186341,"relics_obtained":[{"floor":8,"key":"Vajra"},{"floor":9,"key":"Darkstone Periapt"},{"floor":10,"key":"Bird Faced Urn"},{"floor":12,"key":"Juzu Bracelet"}],"event_choices":[{"damage_healed":0,"gold_gain":0,"player_choice":"Got Potions","damage_taken":0,"max_hp_gain":0,"max_hp_loss":0,"event_name":"Lab","floor":4,"gold_loss":0},{"damage_healed":0,"gold_gain":0,"player_choice":"Success","damage_taken":3,"relics_obtained":["Charon\u0027s Ashes"],"max_hp_gain":0,"max_hp_loss":0,"event_name":"Scrap Ooze","floor":7,"gold_loss":0},{"damage_healed":0,"gold_gain":0,"player_choice":"Ignored","damage_taken":0,"max_hp_gain":0,"max_hp_loss":0,"event_name":"Liars Game","floor":13,"gold_loss":0}],"is_beta":false,"boss_relics":[],"items_purged_floors":[3],"is_endless":false,"potions_floor_spawned":[1,5,10,14],"killed_by":"Slime Boss","ascension_level":7}