{"gold_per_floor":[117,117,17,37,55,55,85,85,85,85,104,104,1,17,17,92,92,111,111],"floor_reached":19,"playtime":2820,"items_purged":[],"score":334,"play_id":"f575f692-a99e-4bcf-89cc-c8398534a7b7","local_time":"20190207185543","is_ascension_mode":true,"campfire_choices":[{"data":"Zap","floor":6.0,"key":"SMITH"},{"floor":8.0,"key":"REST"},{"floor":12.0,"key":"REST"},{"data":"Discovery","floor":15.0,"key":"SMITH"}],"neow_cost":"NONE","seed_source_timestamp":28102412359850,"circlet_count":0,"master_deck":["AscendersBane","Strike_B","Strike_B","Strike_B","Defend_B","Defend_B","Defend_B","Zap+1","Dualcast","Sweeping Beam","Discovery+1","Defragment","Coolheaded","Cold Snap","Defragment","Seek","Conserve Battery"],"special_seed":0,"relics":["Cracked Core","NeowsBlessing","Omamori","Blue Candle","Coffee Dripper"],"potions_floor_usage":[18],"damage_taken":[{"damage":0.0,"enemies":"Small Slimes","floor":1.0,"turns":1.0},{"damage":0.0,"enemies":"2 Louse","floor":4.0,"turns":1.0},{"damage":0.0,"enemies":"Cultist","floor":5.0,"turns":1.0},{"damage":35.0,"enemies":"3 Sentries","floor":7.0,"turns":6.0},{"damage":9.0,"enemies":"Red Slaver","floor":11.0,"turns":2.0},{"damage":1.0,"enemies":"3 Louse","floor":14.0,"turns":3.0},{"damage":47.0,"enemies":"Slime Boss","floor":16.0,"turns":17.0},{"damage":18,"enemies":"Chosen","floor":18,"turns":4},{"damage":0,"enemies":"3 Byrds","floor":19,"turns":3}],"seed_played":"7338834129895738267","potions_obtained":[{"floor":4.0,"key":"Dexterity Potion"},{"floor":7.0,"key":"Dexterity Potion"},{"floor":16.0,"key":"Weak Potion"},{"floor":18,"key":"Block Potion"}],"is_trial":false,"path_per_floor":["M","?","$","M","M","R","E","R","T","?","M","R","$","M","R","B",null,"M","M"],"character_chosen":"DEFECT","items_purchased":["Discovery","Coolheaded","Cold Snap"],"campfire_rested":2,"item_purchase_floors":[3,13,13],"current_hp_per_floor":[64,57,57,57,57,57,22,43,43,43,34,55,55,54,54,7,55,37,37],"gold":111,"neow_bonus":"THREE_ENEMY_KILL","is_prod":false,"is_daily":false,"chose_seed":false,"campfire_upgraded":2,"win_rate":0,"timestamp":1549583743,"path_taken":["M","?","$","M","M","R","E","R","T","?","?","R","$","M","R","BOSS","M","M"],"build_version":"2019-01-23","purchased_purges":0,"victory":false,"max_hp_per_floor":[71,71,71,71,71,71,71,71,71,71,71,71,71,71,71,71,71,71,71],"card_choices":[{"not_picked":["Leap","Go for the Eyes"],"picked":"Sweeping Beam","floor":1.0},{"not_picked":["Stack","Redo","Streamline"],"picked":"SKIP","floor":4.0},{"not_picked":["Reprogram","Hologram","Amplify"],"picked":"SKIP","floor":5.0},{"not_picked":["Reprogram","Glacier"],"picked":"Defragment","floor":7.0},{"not_picked":["Gash","Force Field","Streamline"],"picked":"SKIP","floor":11.0},{"not_picked":["Force Field","Sweeping Beam"],"picked":"Defragment","floor":14.0},{"not_picked":["Fission","Machine Learning"],"picked":"Seek","floor":16.0},{"not_picked":["Steam","Force Field"],"picked":"Conserve Battery","floor":18}],"player_experience":3240150,"relics_obtained":[{"floor":7.0,"key":"Omamori"},{"floor":9.0,"key":"Blue Candle"}],"event_choices":[{"cards_removed":["Strike_B"],"damage_healed":0.0,"max_hp_gain":0.0,"max_hp_loss":0.0,"gold_gain":0.0,"event_name":"Golden Wing","player_choice":"Card Removal","floor":2.0,"gold_loss":0.0,"damage_taken":7.0},{"cards_removed":["Defend_B"],"damage_healed":0.0,"max_hp_gain":0.0,"max_hp_loss":0.0,"gold_gain":0.0,"event_name":"Purifier","player_choice":"Purged","floor":10.0,"gold_loss":0.0,"damage_taken":0.0}],"is_beta":false,"boss_relics":[{"not_picked":["Empty Cage","Astrolabe"],"picked":"Coffee Dripper"}],"items_purged_floors":[],"is_endless":false,"potions_floor_spawned":[4,7,11,16,18],"killed_by":"3 Byrds","ascension_level":20}