{"gold_per_floor":[112,112,22,38,38,73,84,84,84,84,39,54,54,89,89,160,160,176,176,176,176,190,218,218,122,122,122,122],"floor_reached":28,"playtime":4449,"items_purged":[],"score":497,"play_id":"03db53b8-ccd4-44e3-961e-c59141b89725","local_time":"20190117214606","is_ascension_mode":true,"campfire_choices":[{"floor":8.0,"key":"REST"},{"data":"Bouncing Flask","floor":10.0,"key":"SMITH"},{"data":"Noxious Fumes","floor":15.0,"key":"SMITH"},{"data":"Caltrops","floor":24.0,"key":"SMITH"},{"data":"Discovery","floor":27.0,"key":"SMITH"}],"neow_cost":"NONE","seed_source_timestamp":0,"circlet_count":0,"master_deck":["AscendersBane","Defend_G","Defend_G","Defend_G","Defend_G","Defend_G","Survivor","Neutralize","Quick Slash+1","Caltrops+1","Bouncing Flask+1","Predator","Noxious Fumes+1","Choke","Parasite","Cloak And Dagger","Die Die Die+1","Backflip","Bite+1","Bite+1","Bite+1","Bite+1","Bite+1","Ghostly","Ghostly","Ghostly","Skewer+1","Dagger Throw+1","Discovery+1"],"special_seed":0,"relics":["Snecko Eye","Turnip","Pocketwatch","Molten Egg 2","HoveringKite","Ancient Tea Set","Ornamental Fan"],"potions_floor_usage":[],"damage_taken":[{"damage":3.0,"enemies":"Cultist","floor":1.0,"turns":5.0},{"damage":6.0,"enemies":"Jaw Worm","floor":4.0,"turns":4.0},{"damage":24.0,"enemies":"Lagavulin","floor":6.0,"turns":5.0},{"damage":0.0,"enemies":"Small Slimes","floor":7.0,"turns":2.0},{"damage":1.0,"enemies":"2 Fungi Beasts","floor":12.0,"turns":2.0},{"damage":22.0,"enemies":"3 Sentries","floor":14.0,"turns":6.0},{"damage":28.0,"enemies":"Hexaghost","floor":16.0,"turns":8.0},{"damage":10.0,"enemies":"Spheric Guardian","floor":18.0,"turns":4.0},{"damage":7.0,"enemies":"Chosen","floor":22.0,"turns":3.0},{"damage":10.0,"enemies":"Book of Stabbing","floor":23.0,"turns":5.0},{"damage":0,"enemies":"Gremlin Leader","floor":28,"turns":1}],"seed_played":"1969358180691445650","potions_obtained":[{"floor":4.0,"key":"Block Potion"},{"floor":12.0,"key":"Block Potion"},{"floor":16.0,"key":"Weak Potion"},{"floor":23.0,"key":"Energy Potion"}],"is_trial":false,"path_per_floor":["M","?","$","M","?","E","M","R","T","R","$","M","?","E","R","B",null,"M","?","?","?","M","E","R","$","T","R","E"],"character_chosen":"THE_SILENT","items_purchased":["Caltrops","Noxious Fumes","Discovery"],"campfire_rested":1,"item_purchase_floors":[3,11,25],"current_hp_per_floor":[56,36,36,30,52,28,28,47,47,47,47,46,62,40,40,12,53,43,25,25,24,17,19,19,19,19,19,19],"gold":122,"neow_bonus":"BOSS_RELIC","is_prod":false,"is_daily":false,"chose_seed":false,"campfire_upgraded":4,"win_rate":0,"timestamp":1547779566,"path_taken":["M","?","$","M","?","E","?","R","T","R","$","M","?","E","R","BOSS","M","?","?","?","M","E","R","$","T","R","E"],"build_version":"2019-01-17","purchased_purges":0,"victory":false,"max_hp_per_floor":[66,66,66,66,66,66,66,66,66,66,66,66,66,66,66,66,66,66,71,49,24,24,24,24,24,24,24,24],"card_choices":[{"not_picked":["Outmaneuver","Prepared"],"picked":"Quick Slash","floor":1.0},{"not_picked":["Caltrops","PiercingWail"],"picked":"Bouncing Flask","floor":4.0},{"not_picked":["Catalyst","Footwork"],"picked":"Predator","floor":6.0},{"not_picked":["Blade Dance","Setup","Masterful Stab"],"picked":"SKIP","floor":7.0},{"not_picked":["Sucker Punch","Flechettes"],"picked":"Choke","floor":12.0},{"not_picked":["Deflect","Blade Dance"],"picked":"Cloak And Dagger","floor":14.0},{"not_picked":["Burst","Venomology"],"picked":"Die Die Die+1","floor":16.0},{"not_picked":["Masterful Stab+1","Slice+1"],"picked":"Backflip","floor":18.0},{"not_picked":["Sucker Punch+1","Dodge and Roll"],"picked":"Skewer+1","floor":22.0},{"not_picked":["Bane+1","Backstab+1"],"picked":"Dagger Throw+1","floor":23.0}],"player_experience":2949868,"relics_obtained":[{"floor":6.0,"key":"Turnip"},{"floor":9.0,"key":"Pocketwatch"},{"floor":14.0,"key":"Molten Egg 2"},{"floor":23.0,"key":"Ancient Tea Set"},{"floor":26.0,"key":"Ornamental Fan"}],"event_choices":[{"damage_healed":0.0,"max_hp_gain":0.0,"max_hp_loss":0.0,"gold_gain":0.0,"event_name":"Shining Light","player_choice":"Entered Light","floor":2.0,"gold_loss":0.0,"damage_taken":20.0,"cards_upgraded":["Quick Slash","Strike_G"]},{"damage_healed":22.0,"max_hp_gain":0.0,"max_hp_loss":0.0,"gold_gain":0.0,"event_name":"Big Fish","player_choice":"Banana","floor":5.0,"gold_loss":0.0,"damage_taken":0.0},{"damage_healed":16.0,"max_hp_gain":0.0,"max_hp_loss":0.0,"gold_gain":0.0,"event_name":"Mushrooms","player_choice":"Healed and dodged fight","floor":13.0,"gold_loss":0.0,"damage_taken":0.0,"cards_obtained":["Parasite"]},{"damage_healed":0.0,"max_hp_gain":5.0,"max_hp_loss":0.0,"gold_gain":0.0,"event_name":"Forgotten Altar","player_choice":"Shed Blood","floor":19.0,"gold_loss":0.0,"damage_taken":23.0},{"damage_healed":0.0,"max_hp_gain":0.0,"max_hp_loss":22.0,"gold_gain":0.0,"event_name":"Vampires","player_choice":"Became a vampire","floor":20.0,"gold_loss":0.0,"damage_taken":0.0,"cards_obtained":["Bite","Bite","Bite","Bite","Bite"]},{"damage_healed":0.0,"max_hp_gain":0.0,"max_hp_loss":25.0,"gold_gain":0.0,"event_name":"Ghosts","player_choice":"Became a Ghost","floor":21.0,"gold_loss":0.0,"damage_taken":0.0,"cards_obtained":["Ghostly","Ghostly","Ghostly"]}],"is_beta":false,"boss_relics":[{"not_picked":["Ectoplasm","Sozu"],"picked":"HoveringKite"}],"items_purged_floors":[],"is_endless":false,"potions_floor_spawned":[4,12,14,16,23],"killed_by":"Gremlin Leader","ascension_level":19}