{"gold_per_floor":[112,126,126,126,126,156,166,201,201,201,19,19,39,16,16,116,116,136,155,174,174,28,28,43,71,71,18,18,18,18,30,30,132,132,149,54,154,169,169,169,169,169,195,68,68,82,93,104,104,104,104,104,5,31,31],"floor_reached":55,"playtime":4497,"items_purged":[],"score":768,"play_id":"d0b491ae-2903-4058-9db5-708b04602170","local_time":"20190302195230","is_ascension_mode":false,"campfire_choices":[{"data":"Zap","floor":10.0,"key":"SMITH"},{"data":"Rainbow","floor":12.0,"key":"SMITH"},{"data":"Redo","floor":15.0,"key":"SMITH"},{"data":"Sunder","floor":23.0,"key":"SMITH"},{"floor":29.0,"key":"REST"},{"floor":32.0,"key":"REST"},{"floor":40.0,"key":"REST"},{"floor":42,"key":"RECALL"},{"floor":49,"key":"REST"},{"data":"Multi-Cast","floor":52,"key":"SMITH"}],"neow_cost":"NONE","seed_source_timestamp":23882749318468,"circlet_count":0,"master_deck":["Strike_B+1","Defend_B","Defend_B","Defend_B","Defend_B","Zap+1","Dualcast+1","Cold Snap","Cold Snap","Rainbow+1","Biased Cognition","Ball Lightning","Reboot","Panacea","Turbo","Static Discharge+1","Ball Lightning","Redo+1","Multi-Cast+1","Tempest","Sunder+1","Coolheaded","Sweeping Beam","Leap","Loop","Darkness","Conserve Battery","Go for the Eyes","Hologram+1","Biased Cognition","Multi-Cast+1","Redo+1","All For One+1","Auto Shields+1","Compile Driver","Skim","Compile Driver+1","Steam+1","Turbo+1","Glacier","Buffer"],"special_seed":0,"relics":["Cracked Core","NeowsBlessing","Centennial Puzzle","Ornamental Fan","Mercury Hourglass","Bronze Scales","Inserter","DataDisk","Question Card","Astrolabe","Du-Vu Doll","Ginger"],"potions_floor_usage":[46,48,50,50,54,55],"damage_taken":[{"damage":0.0,"enemies":"2 Louse","floor":1.0,"turns":1.0},{"damage":0.0,"enemies":"Small Slimes","floor":2.0,"turns":1.0},{"damage":0.0,"enemies":"Lagavulin","floor":6.0,"turns":1.0},{"damage":0.0,"enemies":"Cultist","floor":7.0,"turns":2.0},{"damage":1.0,"enemies":"Gremlin Nob","floor":8.0,"turns":5.0},{"damage":1.0,"enemies":"Exordium Thugs","floor":13.0,"turns":3.0},{"damage":0.0,"enemies":"Slime Boss","floor":16.0,"turns":5.0},{"damage":4.0,"enemies":"3 Byrds","floor":18.0,"turns":1.0},{"damage":0.0,"enemies":"Spheric Guardian","floor":19.0,"turns":2.0},{"damage":19.0,"enemies":"Snake Plant","floor":20.0,"turns":3.0},{"damage":18.0,"enemies":"Centurion and Healer","floor":24.0,"turns":3.0},{"damage":9.0,"enemies":"Book of Stabbing","floor":25.0,"turns":3.0},{"damage":4.0,"enemies":"Sentry and Sphere","floor":31.0,"turns":3.0},{"damage":25.0,"enemies":"Collector","floor":33.0,"turns":7.0},{"damage":15.0,"enemies":"Orb Walker","floor":35.0,"turns":2.0},{"damage":14.0,"enemies":"Mind Bloom Boss Battle","floor":37.0,"turns":5.0},{"damage":0.0,"enemies":"3 Shapes","floor":38.0,"turns":3.0},{"damage":16,"enemies":"Jaw Worm Horde","floor":46,"turns":3},{"damage":0,"enemies":"4 Shapes","floor":47,"turns":3},{"damage":27,"enemies":"3 Darklings","floor":48,"turns":3},{"damage":22,"enemies":"Time Eater","floor":50,"turns":11},{"damage":68,"enemies":"Shield and Spear","floor":54,"turns":7},{"damage":3,"enemies":"The Heart","floor":55,"turns":2}],"seed_played":"7853383944201066548","potions_obtained":[{"floor":2.0,"key":"PowerPotion"},{"floor":6.0,"key":"Strength Potion"},{"floor":7.0,"key":"Regen Potion"},{"floor":13.0,"key":"FearPotion"},{"floor":20.0,"key":"AttackPotion"},{"floor":25.0,"key":"EntropicBrew"},{"floor":35.0,"key":"Ancient Potion"},{"floor":37.0,"key":"Block Potion"},{"floor":47,"key":"SteroidPotion"}],"is_trial":false,"path_per_floor":["M","M","?","?","?","E","M","E","T","R","$","R","M","$","R","B",null,"M","M","M","?","$","R","M","E","T","$","?","R","?","M","R","B",null,"M","$","?","M","?","R","$","R","T","$","?","M","M","M","R","B",null,"R","$","E","B"],"character_chosen":"DEFECT","items_purchased":["Panacea","Turbo","Static Discharge","Redo","Sweeping Beam","Leap","Loop","Go for the Eyes","Compile Driver","Skim","Ancient Potion","SteroidPotion","Block Potion","Weak Potion"],"campfire_rested":4,"item_purchase_floors":[11,11,11,14,22,22,22,27,36,36,44,44,53,53],"current_hp_per_floor":[75,75,63,48,48,48,48,61,61,61,61,61,60,60,60,60,75,71,71,52,52,52,52,34,25,25,25,25,47,47,43,65,40,75,60,60,46,46,46,68,68,68,68,68,68,52,52,25,46,24,71,71,71,3,0],"gold":31,"neow_bonus":"THREE_ENEMY_KILL","is_prod":false,"is_daily":false,"chose_seed":false,"campfire_upgraded":5,"win_rate":0,"timestamp":1551574350,"path_taken":["M","M","?","?","?","E","?","E","T","R","$","R","M","$","R","BOSS","M","M","M","?","$","R","?","E","T","?","?","R","?","?","R","BOSS","M","$","?","M","?","R","$","R","T","?","?","M","M","M","R","BOSS","R","$","E","BOSS"],"build_version":"2019-01-23","purchased_purges":0,"victory":false,"max_hp_per_floor":[75,75,75,75,75,75,75,75,75,75,75,75,75,75,75,75,75,75,75,75,75,75,75,75,75,75,75,75,75,75,75,75,75,75,75,75,75,75,75,75,75,75,75,75,71,71,71,71,71,71,71,71,71,71,71],"card_choices":[{"not_picked":["Leap","Melter"],"picked":"Cold Snap","floor":1.0},{"not_picked":["Gash","Reinforced Body"],"picked":"Cold Snap","floor":2.0},{"not_picked":["Steam","Rainbow"],"picked":"Biased Cognition","floor":6.0},{"not_picked":["Cold Snap","Conserve Battery"],"picked":"Ball Lightning","floor":7.0},{"not_picked":["Beam Cell","Undo"],"picked":"Reboot","floor":8.0},{"not_picked":["Coolheaded","Steam"],"picked":"Ball Lightning","floor":13.0},{"not_picked":["Meteor Strike","Core Surge"],"picked":"Multi-Cast","floor":16.0},{"not_picked":["Gash","Conserve Battery"],"picked":"Tempest","floor":18.0},{"not_picked":["Undo","Fusion"],"picked":"Sunder","floor":19.0},{"not_picked":["Undo","Turbo"],"picked":"Coolheaded","floor":20.0},{"not_picked":["Sunder+1","Barrage+1"],"picked":"Darkness","floor":24.0},{"not_picked":["Stack+1","Heatsinks"],"picked":"Conserve Battery","floor":25.0},{"not_picked":["Rebound+1","Recycle+1","Go for the Eyes"],"picked":"Hologram+1","floor":31.0},{"not_picked":["Machine Learning","Multi-Cast","Creative AI"],"picked":"Biased Cognition","floor":33.0},{"not_picked":["Ball Lightning","Conserve Battery","Sunder"],"picked":"Auto Shields+1","floor":35.0},{"not_picked":["Steam","Coolheaded+1","Sweeping Beam+1"],"picked":"Compile Driver+1","floor":37.0},{"not_picked":["Genetic Algorithm","Sweeping Beam+1","Lockon"],"picked":"Steam+1","floor":38.0},{"not_picked":["Auto Shields","Storm+1","Static Discharge+1"],"picked":"Turbo+1","floor":46},{"not_picked":["Compile Driver","Conserve Battery","FTL+1"],"picked":"Glacier","floor":47},{"not_picked":["Ball Lightning+1","Stack","Aggregate","Meteor Strike"],"picked":"SKIP","floor":48},{"not_picked":["Sunder+1","Stack","Hello World"],"picked":"Buffer","floor":54}],"player_experience":133865,"relics_obtained":[{"floor":6.0,"key":"Ornamental Fan"},{"floor":8.0,"key":"Mercury Hourglass"},{"floor":9.0,"key":"Bronze Scales"},{"floor":25.0,"key":"DataDisk"},{"floor":26.0,"key":"Question Card"},{"floor":37.0,"key":"Du-Vu Doll"},{"floor":54,"key":"Ginger"}],"event_choices":[{"damage_healed":0.0,"max_hp_gain":0.0,"max_hp_loss":0.0,"gold_gain":0.0,"event_name":"Scrap Ooze","player_choice":"Success","floor":3.0,"gold_loss":0.0,"damage_taken":12.0,"relics_obtained":["Centennial Puzzle"]},{"damage_healed":0.0,"max_hp_gain":0.0,"max_hp_loss":0.0,"gold_gain":0.0,"event_name":"Shining Light","player_choice":"Entered Light","floor":4.0,"gold_loss":0.0,"damage_taken":15.0,"cards_upgraded":["Dualcast","Strike_B"]},{"damage_healed":0.0,"max_hp_gain":0.0,"max_hp_loss":0.0,"gold_gain":0.0,"event_name":"Match and Keep!","player_choice":"1 cards matched","floor":5.0,"gold_loss":0.0,"damage_taken":0.0,"cards_obtained":["Rainbow"]},{"damage_healed":0.0,"max_hp_gain":0.0,"max_hp_loss":0.0,"gold_gain":0.0,"event_name":"Upgrade Shrine","player_choice":"Upgraded","floor":21.0,"gold_loss":0.0,"damage_taken":0.0,"cards_upgraded":["Static Discharge"]},{"damage_healed":0.0,"max_hp_gain":0.0,"max_hp_loss":0.0,"gold_gain":0.0,"event_name":"Cursed Tome","player_choice":"Ignored","floor":28.0,"gold_loss":0.0,"damage_taken":0.0},{"damage_healed":0.0,"max_hp_gain":0.0,"max_hp_loss":0.0,"gold_gain":0.0,"event_name":"Beggar","player_choice":"Ignored","floor":30.0,"gold_loss":0.0,"damage_taken":0.0},{"damage_healed":0.0,"max_hp_gain":0.0,"max_hp_loss":0.0,"gold_gain":0.0,"event_name":"MindBloom","player_choice":"Fight","floor":37.0,"gold_loss":0.0,"damage_taken":0.0},{"damage_healed":0.0,"max_hp_gain":0.0,"max_hp_loss":0.0,"gold_gain":0.0,"event_name":"Tomb of Lord Red Mask","player_choice":"Ignored","floor":39.0,"gold_loss":0.0,"damage_taken":0.0},{"damage_healed":0,"gold_gain":0,"player_choice":"Max HP","damage_taken":0,"max_hp_gain":0,"max_hp_loss":4,"event_name":"Winding Halls","floor":45,"gold_loss":0}],"is_beta":false,"boss_relics":[{"not_picked":["Runic Pyramid","FrozenCore"],"picked":"Inserter"},{"not_picked":["Tiny House","Orrery"],"picked":"Astrolabe"}],"items_purged_floors":[],"is_endless":false,"potions_floor_spawned":[2,6,7,13,20,25,31,35,37,47],"killed_by":"The Heart","ascension_level":0}