{"gold_per_floor":[114,46,46,46,46,46,24,59,59,75,85,85,120,133,133,237,237,252,265,265,114,127,127,140,140,166,179,179,206,206,239,239,335,335,345,365,44,58,17,17,33,33,33,33,53,53,70,90,90,90,90,90,21,54,54],"floor_reached":55,"playtime":8373,"items_purged":["Strike_B"],"score":742,"play_id":"73e6527b-b8d0-464c-b2e7-b92ba3158bdc","local_time":"20190123123907","is_ascension_mode":false,"campfire_choices":[{"data":"Dualcast","floor":6.0,"key":"SMITH"},{"floor":15.0,"key":"REST"},{"data":"Hologram","floor":23.0,"key":"SMITH"},{"floor":28.0,"key":"REST"},{"data":"Sunder","floor":30.0,"key":"SMITH"},{"floor":32.0,"key":"REST"},{"floor":40.0,"key":"RECALL"},{"floor":42.0,"key":"REST"},{"data":"Biased Cognition","floor":44.0,"key":"SMITH"},{"data":"Consume","floor":49.0,"key":"SMITH"},{"data":"Go for the Eyes","floor":52.0,"key":"SMITH"}],"neow_cost":"NONE","seed_source_timestamp":21062154496759,"circlet_count":0,"master_deck":["Strike_B","Strike_B","Defend_B","Defend_B","Defend_B+1","Defend_B","Zap+1","Dualcast+1","Cold Snap","Genetic Algorithm+1","Compile Driver","Turbo","Rip and Tear","FTL","Core Surge","Hologram+1","Steam","Compile Driver","Tempest","Sweeping Beam+1","Consume+1","Biased Cognition+1","Bandage Up","Sunder+1","Go for the Eyes","Glacier","Genetic Algorithm","Compile Driver+1","FTL+1","Electrodynamics+1","Double Energy+1","Glacier+1","Go for the Eyes+1","Loop+1","Ball Lightning+1","Coolheaded+1","Loop+1","Turbo+1","Echo Form+1"],"special_seed":0,"relics":["Cracked Core","NeowsBlessing","Pantograph","Singing Bowl","PreservedInsect","Oddly Smooth Stone","Orrery","Frozen Egg 2","Matryoshka","Dodecahedron","Sozu","Emotion Chip","Strawberry","Sundial","Torii"],"potions_floor_usage":[],"damage_taken":[{"damage":0.0,"enemies":"Small Slimes","floor":1.0,"turns":1.0},{"damage":0.0,"enemies":"Gremlin Nob","floor":8.0,"turns":1.0},{"damage":0.0,"enemies":"Jaw Worm","floor":10.0,"turns":1.0},{"damage":0.0,"enemies":"2 Louse","floor":11.0,"turns":2.0},{"damage":19.0,"enemies":"Lagavulin","floor":13.0,"turns":4.0},{"damage":12.0,"enemies":"Gremlin Gang","floor":14.0,"turns":4.0},{"damage":20.0,"enemies":"Slime Boss","floor":16.0,"turns":8.0},{"damage":1.0,"enemies":"Chosen","floor":18.0,"turns":4.0},{"damage":3.0,"enemies":"Shell Parasite","floor":19.0,"turns":4.0},{"damage":15.0,"enemies":"Snake Plant","floor":22.0,"turns":4.0},{"damage":8.0,"enemies":"Snecko","floor":24.0,"turns":5.0},{"damage":13.0,"enemies":"3 Cultists","floor":27.0,"turns":5.0},{"damage":15.0,"enemies":"Book of Stabbing","floor":29.0,"turns":6.0},{"damage":18.0,"enemies":"Slavers","floor":31.0,"turns":4.0},{"damage":57.0,"enemies":"Collector","floor":33.0,"turns":14.0},{"damage":0.0,"enemies":"Orb Walker","floor":35.0,"turns":2.0},{"damage":30.0,"enemies":"3 Darklings","floor":36.0,"turns":5.0},{"damage":0.0,"enemies":"Sphere and 2 Shapes","floor":38.0,"turns":6.0},{"damage":9.0,"enemies":"Writhing Mass","floor":41.0,"turns":10.0},{"damage":0.0,"enemies":"Transient","floor":45.0,"turns":5.0},{"damage":0.0,"enemies":"4 Shapes","floor":47.0,"turns":4.0},{"damage":0.0,"enemies":"3 Darklings","floor":48.0,"turns":5.0},{"damage":83.0,"enemies":"Time Eater","floor":50.0,"turns":13.0},{"damage":46.0,"enemies":"Shield and Spear","floor":54.0,"turns":4.0},{"damage":3,"enemies":"The Heart","floor":55,"turns":2}],"seed_played":"1150805266880887531","potions_obtained":[{"floor":8.0,"key":"PowerPotion"},{"floor":16.0,"key":"Explosive Potion"},{"floor":22.0,"key":"FearPotion"},{"floor":24.0,"key":"Weak Potion"},{"floor":27.0,"key":"Dexterity Potion"},{"floor":29.0,"key":"Weak Potion"}],"is_trial":false,"path_per_floor":["M","$","?","?","?","R","$","E","T","M","M","T","E","M","R","B",null,"M","M","?","$","M","R","M","T","T","M","R","E","R","E","R","B",null,"M","M","$","M","$","R","M","R","T","R","M","$","M","M","R","B",null,"R","$","E","B"],"character_chosen":"DEFECT","items_purchased":["Genetic Algorithm","Compile Driver","Sunder","Emotion Chip","Go for the Eyes","Loop+1","Echo Form+1"],"campfire_rested":4,"item_purchase_floors":[2,7,21,37,37,39,53],"current_hp_per_floor":[75,75,60,60,60,60,60,60,60,60,60,60,43,33,56,59,81,80,77,77,77,66,66,62,62,62,53,77,66,66,52,76,28,81,81,55,55,61,61,61,56,80,87,87,87,87,87,90,90,11,90,90,90,50,72],"gold":54,"neow_bonus":"THREE_ENEMY_KILL","is_prod":false,"is_daily":false,"chose_seed":false,"campfire_upgraded":6,"win_rate":0,"timestamp":1548265147,"path_taken":["M","$","?","?","?","R","$","E","T","?","M","?","E","?","R","BOSS","M","M","?","$","?","R","M","?","T","M","R","E","R","E","R","BOSS","M","?","$","M","?","R","M","R","T","R","M","$","M","M","R","BOSS","R","$","E","BOSS"],"build_version":"2019-01-17v2","purchased_purges":1,"victory":false,"max_hp_per_floor":[75,75,75,75,75,75,75,75,75,75,75,75,77,79,79,79,81,81,81,81,81,81,81,81,81,81,81,81,81,81,81,81,81,81,81,81,81,83,83,83,83,83,90,90,90,90,90,90,90,90,90,90,90,92,92],"card_choices":[{"not_picked":["Conserve Battery","Streamline"],"picked":"Cold Snap","floor":1.0},{"not_picked":["Conserve Battery","Reprogram"],"picked":"Turbo","floor":8.0},{"not_picked":["Gash","Barrage"],"picked":"Rip and Tear","floor":10.0},{"not_picked":["Rebound","Leap"],"picked":"FTL","floor":11.0},{"not_picked":["Meteor Strike","Streamline","Leap"],"picked":"Singing Bowl","floor":13.0},{"not_picked":["Recycle","Leap","Chaos"],"picked":"Singing Bowl","floor":14.0},{"not_picked":["Buffer","Machine Learning"],"picked":"Core Surge","floor":16.0},{"not_picked":["Cold Snap","Reprogram"],"picked":"Hologram","floor":17.0},{"not_picked":["Rip and Tear","Redo"],"picked":"Steam","floor":17.0},{"not_picked":["Steam","Scrape"],"picked":"Compile Driver","floor":17.0},{"not_picked":["Beam Cell","Recycle"],"picked":"Tempest","floor":17.0},{"not_picked":["Seek","Rebound","Cold Snap"],"picked":"Singing Bowl","floor":17.0},{"not_picked":["Rebound","Tempest"],"picked":"Sweeping Beam+1","floor":18.0},{"not_picked":["Loop","Steam Power"],"picked":"Consume","floor":19.0},{"not_picked":["Steam","Conserve Battery+1"],"picked":"Go for the Eyes","floor":22.0},{"not_picked":["Hologram","Go for the Eyes"],"picked":"Glacier","floor":24.0},{"not_picked":["Streamline+1","Beam Cell"],"picked":"Genetic Algorithm","floor":27.0},{"not_picked":["Hologram+1","Barrage"],"picked":"Compile Driver+1","floor":29.0},{"not_picked":["Hyperbeam","Leap+1"],"picked":"FTL+1","floor":31.0},{"not_picked":["All For One","Reboot"],"picked":"Electrodynamics+1","floor":33.0},{"not_picked":["Conserve Battery+1","Melter+1"],"picked":"Double Energy+1","floor":35.0},{"not_picked":["Conserve Battery","Auto Shields+1"],"picked":"Glacier+1","floor":36.0},{"not_picked":["Stack","Reinforced Body","Rebound"],"picked":"Singing Bowl","floor":38.0},{"not_picked":["Meteor Strike","Double Energy"],"picked":"Ball Lightning+1","floor":41.0},{"not_picked":["Hello World+1","Streamline+1"],"picked":"Coolheaded+1","floor":45.0},{"not_picked":["Sweeping Beam+1","Sunder+1"],"picked":"Loop+1","floor":47.0},{"not_picked":["Sweeping Beam","Hologram"],"picked":"Turbo+1","floor":48.0},{"not_picked":["Coolheaded","Streamline","Force Field+1"],"picked":"Singing Bowl","floor":54.0}],"player_experience":3057419,"relics_obtained":[{"floor":8.0,"key":"Pantograph"},{"floor":9.0,"key":"Singing Bowl"},{"floor":12.0,"key":"PreservedInsect"},{"floor":13.0,"key":"Oddly Smooth Stone"},{"floor":25.0,"key":"Frozen Egg 2"},{"floor":29.0,"key":"Matryoshka"},{"floor":31.0,"key":"Dodecahedron"},{"floor":43.0,"key":"Strawberry"},{"floor":43.0,"key":"Sundial"},{"floor":54.0,"key":"Torii"}],"event_choices":[{"damage_healed":0.0,"max_hp_gain":0.0,"max_hp_loss":0.0,"gold_gain":0.0,"event_name":"Shining Light","player_choice":"Entered Light","floor":3.0,"gold_loss":0.0,"damage_taken":15.0,"cards_upgraded":["Defend_B","Genetic Algorithm"]},{"damage_healed":0.0,"max_hp_gain":0.0,"max_hp_loss":0.0,"gold_gain":0.0,"event_name":"Living Wall","player_choice":"Grow","floor":4.0,"gold_loss":0.0,"damage_taken":0.0,"cards_upgraded":["Zap"]},{"cards_removed":["Strike_B"],"damage_healed":0.0,"max_hp_gain":0.0,"max_hp_loss":0.0,"gold_gain":0.0,"event_name":"Wheel of Change","player_choice":"Card Removal","floor":5.0,"gold_loss":0.0,"damage_taken":0.0},{"damage_healed":0.0,"max_hp_gain":0.0,"max_hp_loss":0.0,"gold_gain":0.0,"event_name":"Match and Keep!","player_choice":"2 cards matched","floor":20.0,"gold_loss":0.0,"damage_taken":0.0,"cards_obtained":["Biased Cognition","Bandage Up"]}],"is_beta":false,"boss_relics":[{"not_picked":["Eternal Feather","Runic Pyramid"],"picked":"Orrery"},{"not_picked":["Snecko Eye","Astrolabe"],"picked":"Sozu"}],"items_purged_floors":[21],"is_endless":false,"potions_floor_spawned":[8,16,22,24,27,29,45,47,48,54],"killed_by":"The Heart","ascension_level":0}