{"gold_per_floor":[11,11,23,37,53,53,78,78,78,113,113,123,14,14,14,89,89,99,99,110,124,124,152,152,6,6,6,6,22,34,34,34,34],"floor_reached":33,"playtime":1087,"items_purged":[],"score":575,"play_id":"cf2df0b9-409b-4bab-8b9c-d0a17aff1e30","local_time":"20190325002727","is_ascension_mode":true,"campfire_choices":[{"data":"Go for the Eyes","floor":6,"key":"SMITH"},{"data":"Zap","floor":8,"key":"SMITH"},{"data":"Reinforced Body","floor":11,"key":"SMITH"},{"floor":15,"key":"REST"},{"floor":24,"key":"REST"},{"data":"Creative AI","floor":27,"key":"SMITH"},{"floor":32,"key":"REST"}],"neow_cost":"NO_GOLD","seed_source_timestamp":392697265874884,"circlet_count":0,"master_deck":["AscendersBane","Strike_B","Strike_B","Strike_B","Strike_B","Defend_B","Defend_B","Defend_B","Defend_B","Zap+1","Dualcast","FTL","Go for the Eyes+1","Electrodynamics","Reinforced Body+1","Beam Cell","Sweeping Beam","Glacier","Cold Snap","Streamline","Core Surge","Self Repair+1","Gash","Conserve Battery"],"relics":["Cracked Core","FossilizedHelix","Matryoshka","Ancient Tea Set","Singing Bowl","Pen Nib","Sozu","Frozen Egg 2","Boot","Bag of Marbles"],"potions_floor_usage":[7,16,16,23],"damage_taken":[{"damage":2,"enemies":"Jaw Worm","floor":1,"turns":4},{"damage":0,"enemies":"Small Slimes","floor":3,"turns":2},{"damage":0,"enemies":"2 Louse","floor":4,"turns":1},{"damage":0,"enemies":"Looter","floor":5,"turns":2},{"damage":16,"enemies":"Gremlin Nob","floor":7,"turns":4},{"damage":10,"enemies":"3 Sentries","floor":10,"turns":3},{"damage":0,"enemies":"Large Slime","floor":12,"turns":3},{"damage":51,"enemies":"Hexaghost","floor":16,"turns":11},{"damage":8,"enemies":"Spheric Guardian","floor":18,"turns":6},{"damage":5,"enemies":"Shell Parasite","floor":20,"turns":6},{"damage":11,"enemies":"Centurion and Healer","floor":21,"turns":9},{"damage":21,"enemies":"Slavers","floor":23,"turns":2},{"damage":23,"enemies":"Sentry and Sphere","floor":29,"turns":7},{"damage":38,"enemies":"Cultist and Chosen","floor":30,"turns":6},{"damage":103,"enemies":"Collector","floor":33,"turns":8}],"seed_played":"-5595832482643837042","potions_obtained":[{"floor":4,"key":"AttackPotion"},{"floor":10,"key":"Block Potion"},{"floor":12,"key":"LiquidBronze"},{"floor":16,"key":"FocusPotion"}],"is_trial":false,"path_per_floor":["M","?","M","M","M","R","E","R","T","E","R","M","$","?","R","B",null,"M","?","M","M","?","E","R","$","T","R","?","M","M","?","R","B"],"character_chosen":"DEFECT","items_purchased":["Glacier","Cold Snap","Self Repair+1","Gash","Conserve Battery"],"campfire_rested":3,"item_purchase_floors":[13,13,25,25,25],"current_hp_per_floor":[62,62,62,62,62,62,46,46,46,38,38,38,38,38,59,8,57,51,51,46,35,35,16,39,39,39,39,87,76,50,50,77,0],"gold":34,"neow_bonus":"ONE_RARE_RELIC","is_prod":false,"is_daily":false,"chose_seed":false,"campfire_upgraded":4,"win_rate":0,"timestamp":1553470047,"path_taken":["M","?","M","M","M","R","E","R","T","E","R","M","$","?","R","BOSS","M","?","M","M","?","E","R","$","T","R","?","M","?","?","R","BOSS"],"build_version":"2019-01-23","purchased_purges":0,"victory":false,"max_hp_per_floor":[71,71,71,71,71,71,71,71,71,73,73,73,73,73,73,73,73,75,75,75,75,75,77,77,77,77,77,87,89,91,91,91,91],"card_choices":[{"not_picked":["Compile Driver","Undo"],"picked":"FTL","floor":1},{"not_picked":["White Noise","Stack"],"picked":"Go for the Eyes","floor":3},{"not_picked":["Steam","Compile Driver"],"picked":"Electrodynamics","floor":4},{"not_picked":["Coolheaded","Undo"],"picked":"Reinforced Body","floor":5},{"not_picked":["Steam Power","Barrage"],"picked":"Beam Cell","floor":7},{"not_picked":["Sweeping Beam","Turbo","Reprogram"],"picked":"Singing Bowl","floor":10},{"not_picked":["Rebound","Consume"],"picked":"Sweeping Beam","floor":12},{"not_picked":["Electrodynamics","Machine Learning"],"picked":"Creative AI","floor":16},{"not_picked":["Compile Driver","Sweeping Beam","Go for the Eyes"],"picked":"Singing Bowl","floor":18},{"not_picked":["White Noise","Redo"],"picked":"Streamline","floor":20},{"not_picked":["Beam Cell","Steam"],"picked":"Core Surge","floor":21},{"not_picked":["Rip and Tear","Sweeping Beam","Stack"],"picked":"Singing Bowl","floor":23},{"not_picked":["Barrage","Skim","Ball Lightning"],"picked":"Singing Bowl","floor":29},{"not_picked":["Consume+1","Coolheaded","Turbo"],"picked":"Singing Bowl","floor":30}],"player_experience":1107402,"relics_obtained":[{"floor":7,"key":"Matryoshka"},{"floor":9,"key":"Ancient Tea Set"},{"floor":9,"key":"Singing Bowl"},{"floor":10,"key":"Pen Nib"},{"floor":23,"key":"Frozen Egg 2"},{"floor":26,"key":"Boot"},{"floor":26,"key":"Bag of Marbles"}],"event_choices":[{"damage_healed":0,"gold_gain":0,"player_choice":"Ignored","damage_taken":0,"max_hp_gain":0,"max_hp_loss":0,"event_name":"Liars Game","floor":2,"gold_loss":0},{"damage_healed":0,"gold_gain":0,"player_choice":"Leave","damage_taken":0,"max_hp_gain":0,"max_hp_loss":0,"event_name":"The Cleric","floor":14,"gold_loss":0},{"damage_healed":0,"gold_gain":0,"player_choice":"Ignored","damage_taken":0,"max_hp_gain":0,"max_hp_loss":0,"event_name":"Vampires","floor":19,"gold_loss":0},{"damage_healed":0,"gold_gain":0,"player_choice":"Ignored","damage_taken":0,"max_hp_gain":0,"max_hp_loss":0,"event_name":"Ghosts","floor":22,"gold_loss":0},{"cards_removed":["Creative AI"],"damage_healed":38,"gold_gain":0,"player_choice":"Offered Rare","damage_taken":0,"max_hp_gain":10,"max_hp_loss":0,"event_name":"Bonfire Elementals","floor":28,"gold_loss":0}],"is_beta":false,"boss_relics":[{"not_picked":["Black Star","FrozenCore"],"picked":"Sozu"}],"items_purged_floors":[],"is_endless":false,"potions_floor_spawned":[4,10,12,16,23,30],"killed_by":"Collector","ascension_level":20}