{"gold_per_floor":[114,114,125,139,139,139,155,155,178,211,228,228,256,5,5,109,109,119,119,119,139,152,152,162,162,189,189,72,84,84,115,127,139],"floor_reached":33,"playtime":1596,"items_purged":["Strike_G","Strike_G"],"score":300,"play_id":"73f4fb2e-32b0-4e4e-8ac9-8dd33ad29e8e","local_time":"20190219125159","is_ascension_mode":false,"campfire_choices":[{"data":"Crippling Poison","floor":6,"key":"SMITH"},{"data":"Backstab","floor":8,"key":"SMITH"},{"floor":15,"key":"REST"},{"data":"Flying Knee","floor":23,"key":"SMITH"},{"data":"Corpse Explosion","floor":25,"key":"SMITH"},{"floor":30,"key":"REST"},{"data":"Noxious Fumes","floor":32,"key":"SMITH"}],"neow_cost":"NONE","seed_source_timestamp":331816756849546,"circlet_count":0,"master_deck":["Defend_G","Defend_G","Defend_G","Defend_G","Strike_G","Strike_G","Survivor","Neutralize","Backstab+1","Crippling Poison+1","Poisoned Stab","Poisoned Stab","Poisoned Stab","Flying Knee+1","Corpse Explosion+1","Backstab+1","Noxious Fumes","Noxious Fumes+1"],"relics":["Ring of the Snake","Oddly Smooth Stone","Smiling Mask","PreservedInsect","Strawberry","Velvet Choker","Art of War","MutagenicStrength","MawBank"],"potions_floor_usage":[11,13,13,16,24,33],"damage_taken":[{"damage":5,"enemies":"2 Louse","floor":1,"turns":3},{"damage":0,"enemies":"Cultist","floor":3,"turns":3},{"damage":1,"enemies":"Small Slimes","floor":4,"turns":4},{"damage":12,"enemies":"Blue Slaver","floor":7,"turns":4},{"damage":8,"enemies":"Lagavulin","floor":10,"turns":5},{"damage":4,"enemies":"Large Slime","floor":11,"turns":5},{"damage":9,"enemies":"3 Sentries","floor":13,"turns":3},{"damage":40,"enemies":"The Guardian","floor":16,"turns":8},{"damage":0,"enemies":"3 Byrds","floor":18,"turns":2},{"damage":3,"enemies":"Spheric Guardian","floor":21,"turns":4},{"damage":10,"enemies":"Centurion and Healer","floor":22,"turns":4},{"damage":10,"enemies":"Chosen and Byrds","floor":24,"turns":4},{"damage":4,"enemies":"Cultist and Chosen","floor":29,"turns":4},{"damage":15,"enemies":"Book of Stabbing","floor":31,"turns":4},{"damage":47,"enemies":"Champ","floor":33,"turns":5}],"seed_played":"-8654867964614234193","potions_obtained":[{"floor":3,"key":"Strength Potion"},{"floor":4,"key":"SteroidPotion"},{"floor":10,"key":"Dexterity Potion"},{"floor":11,"key":"SpeedPotion"},{"floor":29,"key":"SteroidPotion"}],"is_trial":false,"path_per_floor":["M","?","M","M","?","R","M","R","T","E","M","?","E","$","R","B",null,"M","?","?","M","M","R","M","R","T","?","$","M","R","E","R","B"],"character_chosen":"THE_SILENT","items_purchased":["Corpse Explosion","Swift Potion","Noxious Fumes"],"campfire_rested":2,"item_purchase_floors":[14,14,28],"current_hp_per_floor":[65,65,65,64,64,64,52,52,52,44,40,40,38,38,61,21,77,77,61,61,58,48,48,38,38,38,38,38,34,57,42,42,0],"gold":139,"neow_bonus":"REMOVE_CARD","is_prod":false,"is_daily":false,"chose_seed":false,"campfire_upgraded":5,"win_rate":0.0,"timestamp":1550598719,"path_taken":["M","?","M","?","?","R","M","R","T","E","M","?","E","$","R","BOSS","M","?","?","M","?","R","M","R","T","?","$","M","R","E","R","BOSS"],"build_version":"2019-01-23","purchased_purges":2,"victory":false,"max_hp_per_floor":[70,70,70,70,70,70,70,70,70,70,70,70,77,77,77,77,77,77,77,77,77,77,77,77,77,77,77,77,77,77,77,77,77],"card_choices":[{"not_picked":["Backflip","Deflect"],"picked":"Backstab","floor":1},{"not_picked":["Tactician","Outmaneuver"],"picked":"Crippling Poison","floor":3},{"not_picked":["Prepared","PiercingWail"],"picked":"Poisoned Stab","floor":4},{"not_picked":["Outmaneuver","Bane"],"picked":"Poisoned Stab","floor":7},{"not_picked":["Leg Sweep","Endless Agony"],"picked":"Poisoned Stab","floor":10},{"not_picked":["Underhanded Strike","Outmaneuver","Skewer"],"picked":"SKIP","floor":11},{"not_picked":["Terror","Prepared"],"picked":"Flying Knee","floor":13},{"not_picked":["Slice","Crippling Poison+1","Masterful Stab+1"],"picked":"SKIP","floor":18},{"not_picked":["Dodge and Roll","Dagger Throw","Deflect"],"picked":"SKIP","floor":21},{"not_picked":["Riddle With Holes","Quick Slash"],"picked":"Backstab+1","floor":22},{"not_picked":["Deadly Poison","Bane","Underhanded Strike"],"picked":"SKIP","floor":24},{"not_picked":["Setup+1","Phantasmal Killer","Cloak And Dagger"],"picked":"SKIP","floor":29},{"not_picked":["PiercingWail+1","Acrobatics+1"],"picked":"Noxious Fumes","floor":31}],"player_experience":56273,"relics_obtained":[{"floor":9,"key":"Oddly Smooth Stone"},{"floor":10,"key":"Smiling Mask"},{"floor":13,"key":"Strawberry"},{"floor":26,"key":"Art of War"},{"floor":31,"key":"MawBank"}],"event_choices":[{"cards_removed":["Defend_G"],"damage_healed":0,"gold_gain":0,"player_choice":"Purged","damage_taken":0,"max_hp_gain":0,"max_hp_loss":0,"event_name":"Purifier","floor":2,"gold_loss":0},{"damage_healed":0,"gold_gain":0,"player_choice":"Ignored","damage_taken":0,"max_hp_gain":0,"max_hp_loss":0,"event_name":"Liars Game","floor":5,"gold_loss":0},{"damage_healed":0,"gold_gain":0,"player_choice":"Searched \u00271\u0027 times","damage_taken":0,"relics_obtained":["PreservedInsect"],"max_hp_gain":0,"max_hp_loss":0,"event_name":"Dead Adventurer","floor":12,"gold_loss":0},{"damage_healed":0,"gold_gain":0,"player_choice":"Obtained Book","damage_taken":16,"max_hp_gain":0,"max_hp_loss":0,"event_name":"Cursed Tome","floor":19,"gold_loss":0},{"damage_healed":0,"gold_gain":0,"player_choice":"Ignored","damage_taken":0,"max_hp_gain":0,"max_hp_loss":0,"event_name":"NoteForYourself","floor":20,"gold_loss":0},{"damage_healed":0,"gold_gain":0,"player_choice":"Inject Mutagens","damage_taken":0,"relics_obtained":["MutagenicStrength"],"max_hp_gain":0,"max_hp_loss":0,"event_name":"Drug Dealer","floor":27,"gold_loss":0}],"is_beta":false,"boss_relics":[{"not_picked":["Orrery","Lizard Tail"],"picked":"Velvet Choker"}],"items_purged_floors":[14,28],"is_endless":false,"potions_floor_spawned":[3,4,10,11,29],"killed_by":"Champ","ascension_level":0}