{"gold_per_floor":[209,227,240,258,333,333,362,362,387,400,427,446,446,463,463,568,568,583,583,598,339,351,385,385,420,473,473,485,517,368,400,400,499,499,512,35,35,135,2,34,34,34,34,34,34,44,44,44,44,44],"floor_reached":51,"playtime":3495,"items_purged":["Blood for Blood","Strike_R","Defend_R"],"score":938,"play_id":"727d872d-d871-423b-8f15-84a4cadd6ede","local_time":"20190324130649","is_ascension_mode":true,"campfire_choices":[{"data":"Bludgeon","floor":6,"key":"SMITH"},{"data":"Body Slam","floor":8,"key":"SMITH"},{"data":"Body Slam","floor":13,"key":"SMITH"},{"data":"Body Slam","floor":15,"key":"SMITH"},{"data":"Barricade","floor":24,"key":"SMITH"},{"floor":27,"key":"REST"},{"data":"Shockwave","floor":32,"key":"SMITH"},{"data":"Demon Form","floor":41,"key":"SMITH"},{"data":"Whirlwind","floor":44,"key":"SMITH"},{"data":"Flame Barrier","floor":49,"key":"SMITH"}],"neow_cost":"NONE","seed_source_timestamp":3712676135300,"circlet_count":0,"master_deck":["Strike_R","Strike_R","Strike_R","Defend_R","Defend_R","Bash","Body Slam+1","Shockwave+1","Bludgeon+1","True Grit","Flame Barrier+1","Body Slam+1","Body Slam+1","Evolve","Barricade+1","Demon Form+1","Shrug It Off","Entrench+1","Battle Trance+1","Shrug It Off","Shrug It Off","Whirlwind+1","Sword Boomerang","Whirlwind+1","Finesse"],"relics":["Black Blood","Happy Flower","Dream Catcher","Anchor","Mark of Pain","Centennial Puzzle","Bag of Marbles","Strawberry","Mummified Hand","Bottled Lightning","StoneCalendar","Nunchaku","Juzu Bracelet","Ginger"],"potions_floor_usage":[10,11,23,23,25,50,50,50],"damage_taken":[{"damage":5,"enemies":"Small Slimes","floor":1,"turns":3},{"damage":6,"enemies":"Cultist","floor":2,"turns":4},{"damage":2,"enemies":"Jaw Worm","floor":3,"turns":3},{"damage":14,"enemies":"Red Slaver","floor":4,"turns":4},{"damage":25,"enemies":"3 Sentries","floor":7,"turns":7},{"damage":7,"enemies":"Lots of Slimes","floor":10,"turns":5},{"damage":3,"enemies":"Lagavulin","floor":11,"turns":5},{"damage":0,"enemies":"Blue Slaver","floor":12,"turns":4},{"damage":3,"enemies":"2 Fungi Beasts","floor":14,"turns":2},{"damage":30,"enemies":"Slime Boss","floor":16,"turns":8},{"damage":8,"enemies":"Spheric Guardian","floor":18,"turns":4},{"damage":1,"enemies":"2 Thieves","floor":20,"turns":3},{"damage":15,"enemies":"Cultist and Chosen","floor":22,"turns":6},{"damage":21,"enemies":"Book of Stabbing","floor":23,"turns":5},{"damage":54,"enemies":"Gremlin Leader","floor":25,"turns":6},{"damage":0,"enemies":"Snecko","floor":28,"turns":4},{"damage":2,"enemies":"Book of Stabbing","floor":29,"turns":4},{"damage":0,"enemies":"Slavers","floor":31,"turns":4},{"damage":34,"enemies":"Automaton","floor":33,"turns":8},{"damage":1,"enemies":"3 Shapes","floor":35,"turns":5},{"damage":5,"enemies":"Mind Bloom Boss Battle","floor":38,"turns":4},{"damage":1,"enemies":"Nemesis","floor":40,"turns":5},{"damage":0,"enemies":"Orb Walker","floor":46,"turns":2},{"damage":43,"enemies":"Donu and Deca","floor":50,"turns":7}],"seed_played":"-3138755036165451412","potions_obtained":[{"floor":3,"key":"AttackPotion"},{"floor":4,"key":"Block Potion"},{"floor":10,"key":"Block Potion"},{"floor":12,"key":"Weak Potion"},{"floor":16,"key":"SpeedPotion"},{"floor":22,"key":"AttackPotion"},{"floor":25,"key":"PowerPotion"},{"floor":29,"key":"Dexterity Potion"},{"floor":33,"key":"BloodPotion"}],"is_trial":false,"path_per_floor":["?","M","?","M","$","?","?","?","?","?"],"character_chosen":"IRONCLAD","items_purchased":["Demon Form","Shrug It Off","Shrug It Off","Shrug It Off","StoneCalendar","Whirlwind","Dexterity Potion"],"campfire_rested":1,"item_purchase_floors":[21,21,30,36,36,39,39],"current_hp_per_floor":[80,80,80,72,64,64,45,45,45,44,47,53,53,56,56,32,80,78,78,80,80,71,56,56,8,15,41,47,51,51,57,57,29,87,87,87,83,83,83,83,83,83,83,83,83,83,83,83,83,50],"gold":44,"neow_bonus":"HUNDRED_GOLD","is_prod":false,"is_daily":false,"chose_seed":false,"campfire_upgraded":9,"win_rate":0,"timestamp":1553447209,"path_taken":["M","M","M","M","?","R","E","R","T","?","E","M","R","M","R","BOSS","M","?","?","$","M","E","R","E","T","R","M","E","$","E","R","BOSS","M","?","?","?","$","E","R","$","T","R","?","M","?","?","R","BOSS"],"build_version":"2019-01-23","purchased_purges":3,"victory":true,"max_hp_per_floor":[80,80,80,80,80,80,80,80,80,80,80,80,80,80,80,80,80,80,80,80,80,80,80,80,80,87,87,87,87,87,87,87,87,87,87,87,83,83,83,83,83,83,83,83,83,83,83,83,83,83],"card_choices":[{"not_picked":["Havoc","Bloodletting"],"picked":"Body Slam","floor":1},{"not_picked":["Body Slam","Thunderclap"],"picked":"Shockwave","floor":2},{"not_picked":["Inflame","Perfected Strike"],"picked":"Bludgeon","floor":3},{"not_picked":["Headbutt","Sword Boomerang","Perfected Strike"],"picked":"SKIP","floor":4},{"not_picked":["Cleave","Searing Blow"],"picked":"True Grit","floor":7},{"not_picked":["Shrug It Off","Blood for Blood"],"picked":"Flame Barrier","floor":10},{"not_picked":["Reckless Charge","Pummel"],"picked":"Body Slam","floor":11},{"not_picked":["Pommel Strike","True Grit"],"picked":"Body Slam","floor":12},{"not_picked":["Inflame","Searing Blow"],"picked":"Evolve","floor":14},{"not_picked":["Brutality","Exhume"],"picked":"Barricade","floor":16},{"not_picked":["Flex","True Grit","Heavy Blade+1"],"picked":"SKIP","floor":18},{"not_picked":["Iron Wave","Rage","Warcry+1"],"picked":"SKIP","floor":20},{"not_picked":["Clash","Pummel"],"picked":"Entrench+1","floor":22},{"not_picked":["Thunderclap","Body Slam+1","Armaments"],"picked":"SKIP","floor":23},{"not_picked":["Armaments","Twin Strike","Anger"],"picked":"SKIP","floor":25},{"not_picked":["Shockwave","Blood for Blood"],"picked":"Battle Trance+1","floor":27},{"not_picked":["Headbutt+1","Sever Soul","Body Slam"],"picked":"SKIP","floor":28},{"not_picked":["Rage","Carnage","Clothesline"],"picked":"SKIP","floor":29},{"not_picked":["Cleave","Dropkick","Feed"],"picked":"SKIP","floor":31},{"not_picked":["Sever Soul","Wild Strike+1","Sword Boomerang+1"],"picked":"SKIP","floor":35},{"not_picked":["Iron Wave","Bloodletting+1","Havoc+1"],"picked":"SKIP","floor":40},{"not_picked":["Iron Wave","Shockwave"],"picked":"Whirlwind+1","floor":46},{"not_picked":["Transmutation","Discovery"],"picked":"Finesse","floor":48}],"player_experience":241779,"relics_obtained":[{"floor":7,"key":"Happy Flower"},{"floor":9,"key":"Dream Catcher"},{"floor":11,"key":"Anchor"},{"floor":23,"key":"Centennial Puzzle"},{"floor":25,"key":"Bag of Marbles"},{"floor":26,"key":"Strawberry"},{"floor":29,"key":"Mummified Hand"},{"floor":31,"key":"Bottled Lightning"},{"floor":38,"key":"Nunchaku"},{"floor":40,"key":"Juzu Bracelet"},{"floor":43,"key":"Ginger"}],"event_choices":[{"damage_healed":0,"gold_gain":75,"player_choice":"Touch","damage_taken":8,"max_hp_gain":0,"max_hp_loss":0,"event_name":"FaceTrader","floor":5,"gold_loss":0},{"damage_healed":0,"gold_gain":0,"cards_transformed":["Defend_R"],"player_choice":"Transformed","damage_taken":0,"max_hp_gain":0,"max_hp_loss":0,"event_name":"Transmorgrifier","floor":19,"gold_loss":0,"cards_obtained":["Blood for Blood"]},{"damage_healed":0,"gold_gain":0,"player_choice":"Max HP","damage_taken":0,"max_hp_gain":0,"max_hp_loss":4,"event_name":"Winding Halls","floor":37,"gold_loss":0},{"damage_healed":0,"gold_gain":0,"player_choice":"Fight","damage_taken":0,"max_hp_gain":0,"max_hp_loss":0,"event_name":"MindBloom","floor":38,"gold_loss":0},{"damage_healed":0,"gold_gain":0,"cards_transformed":["Strike_R"],"player_choice":"Transformed","damage_taken":0,"max_hp_gain":0,"max_hp_loss":0,"event_name":"Transmorgrifier","floor":45,"gold_loss":0,"cards_obtained":["Sword Boomerang"]},{"damage_healed":0,"gold_gain":0,"player_choice":"Ignored","damage_taken":0,"max_hp_gain":0,"max_hp_loss":0,"event_name":"Mysterious Sphere","floor":47,"gold_loss":0},{"damage_healed":0,"gold_gain":0,"player_choice":"Memory 1","damage_taken":0,"max_hp_gain":0,"max_hp_loss":0,"event_name":"SensoryStone","floor":48,"gold_loss":0}],"is_beta":false,"boss_relics":[{"not_picked":["Tiny House","Snecko Eye"],"picked":"Mark of Pain"},{"not_picked":["Astrolabe","Philosopher\u0027s Stone"],"picked":"Black Blood"}],"items_purged_floors":[21,30,36],"is_endless":false,"potions_floor_spawned":[3,4,10,12,16,22,25,29,33,40,46],"ascension_level":4}