{"gold_per_floor":[116,18,18,18,38,38,106,139,139,139,164,164,190,190],"floor_reached":14,"playtime":288,"items_purged":[],"score":212,"play_id":"e037e269-5b9f-4ad6-987f-62027bd2575a","local_time":"20190325113125","is_ascension_mode":true,"campfire_choices":[{"data":"Zap","floor":6,"key":"SMITH"},{"floor":10,"key":"REST"},{"floor":12,"key":"REST"}],"neow_cost":"NONE","seed_source_timestamp":433336015400739,"circlet_count":0,"master_deck":["AscendersBane","Strike_B","Strike_B","Strike_B","Strike_B","Defend_B","Defend_B","Defend_B","Defend_B","Zap+1","Dualcast","Sweeping Beam","Capacitor","Gash","Beam Cell","Gash","Capacitor"],"relics":["Cracked Core","NeowsBlessing","SsserpentHead","Singing Bowl","Cables","Dodecahedron"],"potions_floor_usage":[8,13],"damage_taken":[{"damage":0,"enemies":"2 Louse","floor":1,"turns":1},{"damage":0,"enemies":"Jaw Worm","floor":5,"turns":1},{"damage":0,"enemies":"Cultist","floor":7,"turns":1},{"damage":35,"enemies":"3 Sentries","floor":8,"turns":7},{"damage":36,"enemies":"Gremlin Nob","floor":11,"turns":4},{"damage":35,"enemies":"3 Sentries","floor":13,"turns":6},{"damage":8,"enemies":"Blue Slaver","floor":14,"turns":1}],"seed_played":"1328644953683247121","potions_obtained":[{"floor":5,"key":"Swift Potion"},{"floor":11,"key":"Poison Potion"},{"floor":13,"key":"FocusPotion"}],"is_trial":false,"path_per_floor":["M","$","?","?","M","R","M","E","T","R","E","R","E","M"],"character_chosen":"DEFECT","items_purchased":["Capacitor","Gash"],"campfire_rested":2,"item_purchase_floors":[2,2],"current_hp_per_floor":[64,64,64,64,64,64,64,31,31,52,16,37,4,0],"gold":190,"neow_bonus":"THREE_ENEMY_KILL","is_prod":false,"is_daily":false,"chose_seed":false,"campfire_upgraded":1,"win_rate":0,"timestamp":1553509885,"path_taken":["M","$","?","?","M","R","?","E","T","R","E","R","E","M"],"build_version":"2019-01-23","purchased_purges":0,"victory":false,"max_hp_per_floor":[71,71,71,71,71,71,71,73,73,73,73,73,75,75],"card_choices":[{"not_picked":["Hologram","Force Field"],"picked":"Sweeping Beam","floor":1},{"not_picked":["Heatsinks","Barrage"],"picked":"Beam Cell","floor":5},{"not_picked":["Compile Driver","Melter"],"picked":"Gash","floor":7},{"not_picked":["Turbo","Compile Driver","Barrage"],"picked":"Singing Bowl","floor":8},{"not_picked":["Steam","Coolheaded"],"picked":"Capacitor","floor":11},{"not_picked":["Skim","Amplify","Redo"],"picked":"Singing Bowl","floor":13}],"player_experience":1110762,"relics_obtained":[{"floor":8,"key":"Singing Bowl"},{"floor":9,"key":"Cables"},{"floor":13,"key":"Dodecahedron"}],"event_choices":[{"damage_healed":0,"gold_gain":0,"player_choice":"Leave","damage_taken":0,"max_hp_gain":0,"max_hp_loss":0,"event_name":"The Cleric","floor":3,"gold_loss":0},{"damage_healed":0,"gold_gain":0,"player_choice":"Trade","damage_taken":0,"relics_obtained":["SsserpentHead"],"max_hp_gain":0,"max_hp_loss":0,"event_name":"FaceTrader","floor":4,"gold_loss":0}],"is_beta":false,"boss_relics":[],"items_purged_floors":[],"is_endless":false,"potions_floor_spawned":[5,11,13],"killed_by":"Blue Slaver","ascension_level":20}