{"gold_per_floor":[119,130,14,14,29,40,40,66,145,145,89,121,121,147,147,219,219,234,15,13,0,0,0,0],"floor_reached":24,"playtime":3146,"items_purged":["Strike_G"],"score":424,"play_id":"8bc069c2-6f54-402d-be06-d1c86dad01e0","local_time":"20190202160804","is_ascension_mode":true,"campfire_choices":[{"data":"Caltrops","floor":7.0,"key":"SMITH"},{"floor":10.0,"key":"REST"},{"floor":13.0,"key":"REST"},{"floor":15.0,"key":"REST"},{"floor":23,"key":"REST"}],"neow_cost":"NONE","seed_source_timestamp":446123437737301,"circlet_count":0,"master_deck":["AscendersBane","Defend_G","Defend_G","Defend_G","Defend_G","Defend_G","Strike_G","Strike_G","Strike_G","Strike_G","Survivor","Neutralize","Dagger Throw","Sucker Punch+1","Caltrops+1","Catalyst","Well Laid Plans","Blur","Dash","Backflip","Burst","Acrobatics","Backflip","Backflip"],"special_seed":0,"relics":["Ring of the Snake","NeowsBlessing","WingedGreaves","Meat on the Bone","Boot","Bag of Marbles","Snecko Eye","Chemical X"],"potions_floor_usage":[],"damage_taken":[{"damage":0.0,"enemies":"2 Louse","floor":1.0,"turns":1.0},{"damage":0.0,"enemies":"Cultist","floor":2.0,"turns":1.0},{"damage":0.0,"enemies":"Jaw Worm","floor":5.0,"turns":1.0},{"damage":12.0,"enemies":"2 Fungi Beasts","floor":6.0,"turns":5.0},{"damage":27.0,"enemies":"Lagavulin","floor":8.0,"turns":6.0},{"damage":20.0,"enemies":"3 Sentries","floor":12.0,"turns":9.0},{"damage":29.0,"enemies":"Gremlin Nob","floor":14.0,"turns":5.0},{"damage":50.0,"enemies":"Slime Boss","floor":16.0,"turns":12.0},{"damage":27.0,"enemies":"Spheric Guardian","floor":18.0,"turns":5.0},{"damage":29.0,"enemies":"2 Thieves","floor":20.0,"turns":5.0},{"damage":0,"enemies":"Chosen and Byrds","floor":24,"turns":1}],"seed_played":"-1052874084641651441","potions_obtained":[{"floor":2.0,"key":"PowerPotion"},{"floor":5.0,"key":"Strength Potion"},{"floor":12.0,"key":"SkillPotion"},{"floor":16.0,"key":"Energy Potion"},{"floor":20.0,"key":"Swift Potion"}],"is_trial":false,"path_per_floor":["M","M","$","?","M","M","R","E","T","R","$","E","R","E","R","B",null,"M","$","M","?","?","R","M"],"character_chosen":"THE_SILENT","items_purchased":["Caltrops","AttackPotion","Chemical X"],"campfire_rested":4,"item_purchase_floors":[3,11,19],"current_hp_per_floor":[59,59,59,59,59,47,47,20,20,39,39,31,50,33,52,14,53,38,38,21,21,21,40,40],"gold":0,"neow_bonus":"THREE_ENEMY_KILL","is_prod":false,"is_daily":false,"chose_seed":false,"campfire_upgraded":1,"win_rate":0,"timestamp":1549141684,"path_taken":["M","M","$","?","M","M","R","E","T","R","$","E","R","E","R","BOSS","M","$","M","?","?","R","M"],"build_version":"2019-01-23","purchased_purges":1,"victory":false,"max_hp_per_floor":[66,66,66,66,66,66,66,66,66,66,66,66,66,66,66,66,66,66,66,66,66,66,66,66],"card_choices":[{"not_picked":["Blade Dance","Reflex"],"picked":"Dagger Throw","floor":1.0},{"not_picked":["Dodge and Roll","Endless Agony"],"picked":"Sucker Punch","floor":2.0},{"not_picked":["Calculated Gamble","Slice"],"picked":"Catalyst","floor":5.0},{"not_picked":["Slice","Backflip"],"picked":"Well Laid Plans","floor":6.0},{"not_picked":["Catalyst","Phantasmal Killer"],"picked":"Blur","floor":8.0},{"not_picked":["Acrobatics","Flying Knee"],"picked":"Dash","floor":12.0},{"not_picked":["Dagger Throw","Quick Slash"],"picked":"Backflip","floor":14.0},{"not_picked":["Phantasmal Killer","Tools of the Trade"],"picked":"Burst","floor":16.0},{"not_picked":["Slice","Dagger Spray"],"picked":"Acrobatics","floor":18.0},{"not_picked":["Deflect","Flechettes"],"picked":"Backflip","floor":20.0}],"player_experience":3169371,"relics_obtained":[{"floor":8.0,"key":"WingedGreaves"},{"floor":9.0,"key":"Meat on the Bone"},{"floor":12.0,"key":"Boot"},{"floor":14.0,"key":"Bag of Marbles"}],"event_choices":[{"damage_healed":0.0,"max_hp_gain":0.0,"max_hp_loss":0.0,"gold_gain":0.0,"event_name":"Living Wall","player_choice":"Grow","floor":4.0,"gold_loss":0.0,"damage_taken":0.0,"cards_upgraded":["Sucker Punch"]},{"damage_healed":0.0,"max_hp_gain":0.0,"max_hp_loss":0.0,"gold_gain":0.0,"event_name":"Masked Bandits","player_choice":"Paid Fearfully","floor":21.0,"gold_loss":13.0,"damage_taken":0.0},{"damage_healed":0,"gold_gain":0,"player_choice":"1 cards matched","damage_taken":0,"max_hp_gain":0,"max_hp_loss":0,"event_name":"Match and Keep!","floor":22,"gold_loss":0,"cards_obtained":["Backflip"]}],"is_beta":false,"boss_relics":[{"not_picked":["Philosopher\u0027s Stone","HoveringKite"],"picked":"Snecko Eye"}],"items_purged_floors":[3],"is_endless":false,"potions_floor_spawned":[2,5,12,16,20],"killed_by":"Chosen and Byrds","ascension_level":20}