{"gold_per_floor":[115,31,31,206,156,156,174,202,225,300,300,318,346,356,356,457,457,472,21,39,57,74,74,89,89,89,115,115,115,115,30,30,129,129,145,3,19,30,41,41,54,54,130,130,162,42,42,56,56,56,56,56,36,62,62],"floor_reached":55,"playtime":7727,"items_purged":["Decay"],"score":810,"play_id":"5995abff-24c0-462f-9344-b9b9b4303453","local_time":"20190315050002","is_ascension_mode":true,"campfire_choices":[{"data":"Streamline","floor":6,"key":"SMITH"},{"data":"Zap","floor":11,"key":"SMITH"},{"floor":15,"key":"REST"},{"data":"Dualcast","floor":23,"key":"SMITH"},{"floor":28,"key":"DIG"},{"floor":30,"key":"DIG"},{"floor":32,"key":"RECALL"},{"data":"Apotheosis","floor":40,"key":"SMITH"},{"floor":42,"key":"DIG"},{"floor":47,"key":"DIG"},{"floor":49,"key":"REST"},{"floor":52,"key":"DIG"}],"neow_cost":"TEN_PERCENT_HP_LOSS","seed_source_timestamp":5128133628426,"circlet_count":0,"master_deck":["Strike_B","Strike_B","Strike_B","Strike_B","Defend_B","Defend_B","Defend_B","Defend_B","Zap+1","Dualcast+1","Turbo","Self Repair","Streamline+1","Ball Lightning","Compile Driver","Compile Driver","Stack","All For One","FTL+1","Coolheaded","Gash","Ball Lightning","Conserve Battery","Genetic Algorithm+1","Go for the Eyes","Cold Snap+1","Ball Lightning","Coolheaded+1","Echo Form","Beam Cell+1","Apotheosis+1","Steam+1","Conserve Battery","Hologram+1","Sweeping Beam+1","Melter+1","Self Repair","Static Discharge","Hologram+1","Conserve Battery","Go for the Eyes+1"],"relics":["Cracked Core","Gambling Chip","Bag of Preparation","Shovel","The Courier","Omamori","Calling Bell","DataDisk","Kunai","Turnip","Thread and Needle","Matryoshka","Regal Pillow","Bird Faced Urn","Incense Burner","Cables","Mummified Hand","Mango","Philosopher\u0027s Stone","Vajra","Bronze Scales","Symbiotic Virus","Mercury Hourglass","Potion Belt","Sundial","Bag of Marbles"],"potions_floor_usage":[18,22,24,27,37,38,54,55,55],"damage_taken":[{"damage":1,"enemies":"Cultist","floor":1,"turns":3},{"damage":0,"enemies":"2 Louse","floor":7,"turns":2},{"damage":26,"enemies":"Lagavulin","floor":8,"turns":4},{"damage":0,"enemies":"Small Slimes","floor":12,"turns":2},{"damage":40,"enemies":"3 Sentries","floor":13,"turns":6},{"damage":0,"enemies":"3 Louse","floor":14,"turns":2},{"damage":40,"enemies":"Hexaghost","floor":16,"turns":9},{"damage":24,"enemies":"2 Thieves","floor":18,"turns":3},{"damage":11,"enemies":"Shell Parasite","floor":20,"turns":4},{"damage":5,"enemies":"Snecko","floor":21,"turns":4},{"damage":1,"enemies":"3 Cultists","floor":22,"turns":4},{"damage":0,"enemies":"Sentry and Sphere","floor":24,"turns":3},{"damage":0,"enemies":"Book of Stabbing","floor":27,"turns":5},{"damage":40,"enemies":"Collector","floor":33,"turns":12},{"damage":0,"enemies":"Orb Walker","floor":35,"turns":2},{"damage":0,"enemies":"3 Shapes","floor":37,"turns":6},{"damage":7,"enemies":"Spire Growth","floor":38,"turns":3},{"damage":5,"enemies":"Maw","floor":39,"turns":6},{"damage":19,"enemies":"3 Darklings","floor":41,"turns":6},{"damage":23,"enemies":"Reptomancer","floor":45,"turns":4},{"damage":6,"enemies":"Sphere and 2 Shapes","floor":48,"turns":3},{"damage":30,"enemies":"Time Eater","floor":50,"turns":9},{"damage":49,"enemies":"Shield and Spear","floor":54,"turns":5},{"damage":66,"enemies":"The Heart","floor":55,"turns":5}],"seed_played":"-4790407617942248686","potions_obtained":[{"floor":14,"key":"Poison Potion"},{"floor":16,"key":"GamblersBrew"},{"floor":20,"key":"SteroidPotion"},{"floor":22,"key":"Swift Potion"},{"floor":24,"key":"Swift Potion"},{"floor":27,"key":"SteroidPotion"},{"floor":35,"key":"Dexterity Potion"},{"floor":39,"key":"Regen Potion"},{"floor":48,"key":"Poison Potion"}],"is_trial":false,"path_per_floor":["M","$","?","?","?","R","M","E","T","T","R","M","E","M","R","B",null,"M","$","M","M","M","R","M","T","T","E","R","?","R","?","R","B",null,"M","$","M","M","M","R","M","R","T","?","E","$","R","M","R","B",null,"R","$","E","B"],"character_chosen":"DEFECT","items_purchased":["Self Repair","Streamline","Thread and Needle","Coolheaded","Gash","Ball Lightning","Conserve Battery","Apotheosis","Self Repair","Static Discharge","Conserve Battery"],"campfire_rested":2,"item_purchase_floors":[2,2,19,19,19,19,19,36,46,46,53],"current_hp_per_floor":[67,67,64,64,64,64,68,49,49,49,49,56,23,30,50,17,68,44,44,40,42,48,48,55,55,55,64,64,64,64,78,78,47,82,82,82,82,82,82,82,72,72,72,72,51,51,51,49,82,68,82,82,82,47,0],"gold":62,"neow_bonus":"ONE_RARE_RELIC","is_prod":false,"is_daily":false,"chose_seed":false,"campfire_upgraded":4,"win_rate":0,"timestamp":1552640402,"path_taken":["M","?","?","?","?","R","M","E","T","?","R","M","E","M","R","BOSS","M","$","?","M","M","R","M","?","T","E","R","?","R","?","R","BOSS","M","$","M","M","M","R","M","R","T","?","E","$","R","M","R","BOSS","R","$","E","BOSS"],"build_version":"2019-01-23","purchased_purges":1,"victory":false,"max_hp_per_floor":[68,68,68,68,68,68,68,68,68,68,68,68,68,68,68,68,68,68,68,68,68,68,68,68,68,68,68,68,68,68,82,82,82,82,82,82,82,82,82,82,82,82,82,82,82,82,82,82,82,82,82,82,82,82,82],"card_choices":[{"not_picked":["Fusion","Undo"],"picked":"Turbo","floor":1},{"not_picked":["Gash","BootSequence"],"picked":"Ball Lightning","floor":7},{"not_picked":["Darkness","Hologram"],"picked":"Compile Driver","floor":8},{"not_picked":["Hello World","Barrage","Gash"],"picked":"SKIP","floor":12},{"not_picked":["Force Field","Storm"],"picked":"Compile Driver","floor":13},{"not_picked":["Turbo","Barrage"],"picked":"Stack","floor":14},{"not_picked":["Fission","Buffer"],"picked":"All For One","floor":16},{"not_picked":["Compile Driver","Tempest+1"],"picked":"FTL+1","floor":18},{"not_picked":["Conserve Battery","Sweeping Beam"],"picked":"Genetic Algorithm+1","floor":20},{"not_picked":["Stack","Leap"],"picked":"Go for the Eyes","floor":21},{"not_picked":["Redo+1","Rebound+1"],"picked":"Cold Snap+1","floor":22},{"not_picked":["Recycle","Coolheaded"],"picked":"Ball Lightning","floor":24},{"not_picked":["Multi-Cast","Barrage"],"picked":"Coolheaded+1","floor":27},{"not_picked":["Reboot","All For One"],"picked":"Echo Form","floor":33},{"not_picked":["Rebound+1","Go for the Eyes"],"picked":"Beam Cell+1","floor":35},{"not_picked":["Redo+1","Barrage+1"],"picked":"Steam+1","floor":37},{"not_picked":["Leap+1","Steam+1"],"picked":"Conserve Battery","floor":38},{"not_picked":["Recycle+1","Turbo"],"picked":"Hologram+1","floor":39},{"not_picked":["Leap","Ball Lightning+1"],"picked":"Sweeping Beam+1","floor":41},{"not_picked":["Rebound","Chaos"],"picked":"Melter+1","floor":45},{"not_picked":["Scrape","Stack"],"picked":"Hologram+1","floor":48},{"not_picked":["Hyperbeam","Conserve Battery"],"picked":"Go for the Eyes+1","floor":54}],"player_experience":276366,"relics_obtained":[{"floor":8,"key":"Shovel"},{"floor":10,"key":"The Courier"},{"floor":13,"key":"Omamori"},{"floor":17,"key":"DataDisk"},{"floor":17,"key":"Kunai"},{"floor":17,"key":"Turnip"},{"floor":25,"key":"Matryoshka"},{"floor":26,"key":"Regal Pillow"},{"floor":26,"key":"Bird Faced Urn"},{"floor":27,"key":"Incense Burner"},{"floor":28,"key":"Cables"},{"floor":30,"key":"Mummified Hand"},{"floor":42,"key":"Vajra"},{"floor":43,"key":"Bronze Scales"},{"floor":43,"key":"Symbiotic Virus"},{"floor":45,"key":"Mercury Hourglass"},{"floor":47,"key":"Potion Belt"},{"floor":52,"key":"Sundial"},{"floor":54,"key":"Bag of Marbles"}],"event_choices":[{"damage_healed":0,"gold_gain":0,"player_choice":"Success","damage_taken":3,"relics_obtained":["Bag of Preparation"],"max_hp_gain":0,"max_hp_loss":0,"event_name":"Scrap Ooze","floor":3,"gold_loss":0},{"damage_healed":0,"gold_gain":175,"player_choice":"AGREE","damage_taken":0,"max_hp_gain":0,"max_hp_loss":0,"event_name":"Liars Game","floor":4,"gold_loss":0,"cards_obtained":["Doubt"]},{"cards_removed":["Doubt"],"damage_healed":0,"gold_gain":0,"player_choice":"Card Removal","damage_taken":0,"max_hp_gain":0,"max_hp_loss":0,"event_name":"The Cleric","floor":5,"gold_loss":50},{"damage_healed":0,"gold_gain":0,"player_choice":"Ignored","damage_taken":0,"max_hp_gain":0,"max_hp_loss":0,"event_name":"Beggar","floor":29,"gold_loss":0},{"damage_healed":0,"gold_gain":0,"player_choice":"Obtained Relic","damage_taken":0,"relics_obtained":["Mango"],"max_hp_gain":0,"max_hp_loss":0,"event_name":"Addict","floor":31,"gold_loss":85},{"damage_healed":0,"gold_gain":0,"player_choice":"Ignored","damage_taken":0,"max_hp_gain":0,"max_hp_loss":0,"event_name":"Tomb of Lord Red Mask","floor":44,"gold_loss":0}],"is_beta":false,"boss_relics":[{"not_picked":["Inserter","Runic Dome"],"picked":"Calling Bell"},{"not_picked":["Runic Pyramid","Nuclear Battery"],"picked":"Philosopher\u0027s Stone"}],"items_purged_floors":[19],"is_endless":false,"potions_floor_spawned":[14,16,20,22,24,27,35,39,48],"killed_by":"The Heart","ascension_level":1}