{"gold_per_floor":[111,111,66,85,35,60,72,110,148,160,186,53,53,65,65,170,170,180,279,279,204,204,204,9,9,82,94,107,136,149,149,149,250,250,265,265,119,139,57,91,91,91,145,179,179,179,111,139,139,139],"floor_reached":50,"playtime":7254,"items_purged":["Strike_B"],"score":675,"play_id":"833495ec-8a91-4647-9a0c-0433ebf932a3","local_time":"20190217155206","is_ascension_mode":false,"campfire_choices":[{"data":"Zap","floor":7.0,"key":"SMITH"},{"data":"Dualcast","floor":13.0,"key":"SMITH"},{"floor":15.0,"key":"REST"},{"data":"Multi-Cast","floor":23,"key":"SMITH"},{"data":"White Noise","floor":25,"key":"SMITH"},{"floor":32,"key":"REST"},{"data":"Go for the Eyes","floor":42,"key":"SMITH"},{"data":"Darkness","floor":45,"key":"SMITH"},{"floor":49,"key":"REST"}],"neow_cost":"NONE","seed_source_timestamp":0,"circlet_count":0,"master_deck":["Defend_B","Defend_B","Zap+1","Dualcast+1","Sweeping Beam","Cold Snap","White Noise+1","Darkness+1","Compile Driver","Ball Lightning","Compile Driver","Multi-Cast+1","Coolheaded+1","Melter","Compile Driver","Electrodynamics+1","Go for the Eyes+1","Steam","Leap","Chaos+1","Chaos","Defragment+1","Auto Shields","Biased Cognition+1","Blizzard","Cold Snap","Defragment+1","Static Discharge+1","Capacitor+1"],"special_seed":0,"relics":["Cracked Core","NeowsBlessing","MawBank","Meat on the Bone","Regal Pillow","Sozu","Enchiridion","Chemical X","Frozen Egg 2","Kunai","Orrery","Bronze Scales","Boot","Dodecahedron","Unceasing Top"],"potions_floor_usage":[],"damage_taken":[{"damage":0.0,"enemies":"2 Louse","floor":1.0,"turns":1.0},{"damage":0.0,"enemies":"Cultist","floor":4.0,"turns":1.0},{"damage":0.0,"enemies":"3 Sentries","floor":6.0,"turns":1.0},{"damage":17.0,"enemies":"Lagavulin","floor":8.0,"turns":5.0},{"damage":0.0,"enemies":"Small Slimes","floor":11.0,"turns":2.0},{"damage":8.0,"enemies":"Looter","floor":14.0,"turns":2.0},{"damage":18.0,"enemies":"The Guardian","floor":16.0,"turns":7.0},{"damage":0,"enemies":"Chosen","floor":18,"turns":3},{"damage":3,"enemies":"Shell Parasite","floor":27,"turns":3},{"damage":11,"enemies":"Cultist and Chosen","floor":28,"turns":3},{"damage":0,"enemies":"Gremlin Leader","floor":29,"turns":3},{"damage":1,"enemies":"3 Cultists","floor":30,"turns":4},{"damage":44,"enemies":"Champ","floor":33,"turns":8},{"damage":0,"enemies":"3 Shapes","floor":35,"turns":2},{"damage":2,"enemies":"Orb Walker","floor":38,"turns":2},{"damage":0,"enemies":"Reptomancer","floor":40,"turns":7},{"damage":10,"enemies":"Nemesis","floor":44,"turns":5},{"damage":0,"enemies":"Giant Head","floor":48,"turns":8},{"damage":78,"enemies":"Time Eater","floor":50,"turns":6}],"seed_played":"-7051145678036737494","potions_obtained":[{"floor":4.0,"key":"Weak Potion"},{"floor":8.0,"key":"Fire Potion"},{"floor":14.0,"key":"AttackPotion"}],"is_trial":false,"path_per_floor":["M","?","$","M","?","E","R","E","T","?","M","$","R","M","R","B",null,"M","?","?","?","$","R","$","R","T","M","M","E","M","?","R","B",null,"M","?","$","M","$","E","?","R","T","E","R","?","$","E","R","B"],"character_chosen":"DEFECT","items_purchased":["Sweeping Beam","Ball Lightning","Compile Driver","Chemical X","Defragment+1","Auto Shields","Blizzard","Cold Snap","Static Discharge+1"],"campfire_rested":3,"item_purchase_floors":[3,12,12,24,37,37,39,39,47],"current_hp_per_floor":[75,75,75,75,75,75,75,58,58,51,51,51,51,43,75,57,75,75,75,59,59,59,59,59,59,59,56,45,45,44,44,75,43,75,75,75,75,73,73,73,71,71,71,61,61,61,61,61,71,0],"gold":139,"neow_bonus":"THREE_ENEMY_KILL","is_prod":false,"is_daily":false,"chose_seed":false,"campfire_upgraded":6,"win_rate":0.0,"timestamp":1550436726,"path_taken":["M","?","$","?","?","E","R","E","T","?","M","$","R","M","R","BOSS","M","?","?","?","?","R","$","R","T","M","?","E","M","?","R","BOSS","M","?","$","?","$","E","?","R","T","E","R","?","?","E","R","BOSS"],"build_version":"2019-01-23","purchased_purges":1,"victory":false,"max_hp_per_floor":[75,75,75,75,75,75,75,75,75,75,75,75,75,75,75,75,75,75,75,75,75,75,75,75,75,75,75,75,75,75,75,75,75,75,75,75,75,75,75,75,71,71,71,71,71,71,71,71,71,71],"card_choices":[{"not_picked":["Hologram","Stack","Glacier"],"picked":"SKIP","floor":1.0},{"not_picked":["Consume","Storm"],"picked":"Cold Snap","floor":4.0},{"not_picked":["Blizzard","Sweeping Beam"],"picked":"White Noise","floor":6.0},{"not_picked":["Tempest","Lockon"],"picked":"Darkness","floor":8.0},{"not_picked":["Streamline","Capacitor"],"picked":"Compile Driver","floor":11.0},{"not_picked":["Cold Snap","Tempest","Streamline"],"picked":"SKIP","floor":14.0},{"not_picked":["Creative AI","Amplify"],"picked":"Multi-Cast","floor":16.0},{"not_picked":["Go for the Eyes","Streamline"],"picked":"Coolheaded+1","floor":18},{"not_picked":["Beam Cell","Compile Driver+1"],"picked":"Melter","floor":27},{"not_picked":["Gash","Ball Lightning","Coolheaded"],"picked":"SKIP","floor":28},{"not_picked":["Hologram","Skim"],"picked":"Sweeping Beam+1","floor":29},{"not_picked":["Heatsinks+1","Hello World+1","Redo"],"picked":"SKIP","floor":30},{"not_picked":["Creative AI+1","All For One"],"picked":"Electrodynamics+1","floor":33},{"not_picked":["Double Energy","Compile Driver"],"picked":"Go for the Eyes","floor":34},{"not_picked":["Storm+1","Skim"],"picked":"Steam","floor":34},{"not_picked":["Ball Lightning","Conserve Battery"],"picked":"Leap","floor":34},{"not_picked":["Streamline","Coolheaded"],"picked":"Chaos+1","floor":35},{"not_picked":["Conserve Battery","Tempest"],"picked":"Biased Cognition+1","floor":38},{"not_picked":["Beam Cell+1","Steam"],"picked":"Defragment+1","floor":40},{"not_picked":["Amplify","Consume+1","Steam Power"],"picked":"SKIP","floor":44},{"not_picked":["Beam Cell+1","Steam"],"picked":"Capacitor+1","floor":48}],"player_experience":15653,"relics_obtained":[{"floor":6.0,"key":"MawBank"},{"floor":8.0,"key":"Meat on the Bone"},{"floor":9.0,"key":"Regal Pillow"},{"floor":20,"key":"Enchiridion"},{"floor":26,"key":"Frozen Egg 2"},{"floor":29,"key":"Kunai"},{"floor":40,"key":"Bronze Scales"},{"floor":43,"key":"Boot"},{"floor":44,"key":"Dodecahedron"},{"floor":48,"key":"Unceasing Top"}],"event_choices":[{"damage_healed":0.0,"max_hp_gain":0.0,"max_hp_loss":0.0,"gold_gain":0.0,"event_name":"Match and Keep!","player_choice":"0 cards matched","floor":2.0,"gold_loss":0.0,"damage_taken":0.0,"cards_obtained":[]},{"cards_removed":["Strike_B"],"damage_healed":0.0,"max_hp_gain":0.0,"max_hp_loss":0.0,"gold_gain":0.0,"event_name":"The Cleric","player_choice":"Card Removal","floor":5.0,"gold_loss":50.0,"damage_taken":0.0},{"cards_removed":["Strike_B"],"damage_healed":0.0,"max_hp_gain":0.0,"max_hp_loss":0.0,"gold_gain":0.0,"event_name":"Golden Wing","player_choice":"Card Removal","floor":10.0,"gold_loss":0.0,"damage_taken":7.0},{"damage_healed":0,"gold_gain":99,"player_choice":"Stole From Cult","damage_taken":0,"max_hp_gain":0,"max_hp_loss":0,"event_name":"Nest","floor":19,"gold_loss":0},{"damage_healed":0,"gold_gain":0,"player_choice":"Obtained Book","damage_taken":16,"max_hp_gain":0,"max_hp_loss":0,"event_name":"Cursed Tome","floor":20,"gold_loss":0},{"cards_removed":["Strike_B"],"damage_healed":0,"gold_gain":0,"player_choice":"Gave Gold","damage_taken":0,"max_hp_gain":0,"max_hp_loss":0,"event_name":"Beggar","floor":21,"gold_loss":75},{"damage_healed":0,"gold_gain":0,"cards_transformed":["Defend_B","Defend_B"],"player_choice":"Became Test Subject","damage_taken":0,"max_hp_gain":0,"max_hp_loss":0,"event_name":"Drug Dealer","floor":31,"gold_loss":0,"cards_obtained":["Compile Driver","Reprogram"]},{"damage_healed":0,"gold_gain":0,"cards_transformed":["Reprogram"],"player_choice":"Transformed","damage_taken":0,"max_hp_gain":0,"max_hp_loss":0,"event_name":"Transmorgrifier","floor":36,"gold_loss":0,"cards_obtained":["Chaos"]},{"damage_healed":0,"gold_gain":0,"player_choice":"Max HP","damage_taken":0,"max_hp_gain":0,"max_hp_loss":4,"event_name":"Winding Halls","floor":41,"gold_loss":0},{"cards_removed":["Sweeping Beam"],"damage_healed":0,"gold_gain":0,"player_choice":"Removed Attack","damage_taken":0,"max_hp_gain":0,"max_hp_loss":0,"event_name":"Falling","floor":46,"gold_loss":0}],"is_beta":false,"boss_relics":[{"not_picked":["Cursed Key","Coffee Dripper"],"picked":"Sozu"},{"not_picked":["Calling Bell","Eternal Feather"],"picked":"Orrery"}],"items_purged_floors":[12],"is_endless":false,"potions_floor_spawned":[4,8,14,27,28,29,33,48],"killed_by":"Time Eater","ascension_level":0}