{"gold_per_floor":[219,219,51,130,142,142,159,159,185,73,104,104,117,127,127,223,223,239,239,251,270,195,223,223,254,254,353,366,39,39,71,71,174,174,189,0,100,116,141,171,183,195,207,238,250,71,71,81,81,81],"floor_reached":51,"playtime":3708,"items_purged":["Defend_G"],"score":703,"play_id":"2f47ca10-7fe8-4847-967d-2b752868b108","local_time":"20190318115008","is_ascension_mode":false,"campfire_choices":[{"data":"Noxious Fumes","floor":6,"key":"SMITH"},{"data":"Neutralize","floor":8,"key":"SMITH"},{"floor":15,"key":"REST"},{"data":"Dodge and Roll","floor":24,"key":"SMITH"},{"data":"Deadly Poison","floor":30,"key":"SMITH"},{"floor":32,"key":"REST"},{"data":"1","floor":42,"key":"LIFT"},{"data":"2","floor":45,"key":"LIFT"},{"data":"3","floor":49,"key":"LIFT"}],"neow_cost":"NONE","seed_source_timestamp":900749585262045,"circlet_count":0,"master_deck":["Defend_G","Defend_G","Defend_G","Defend_G","Strike_G","Strike_G","Strike_G","Survivor","Neutralize+1","Backflip","Noxious Fumes+1","Footwork","Cloak And Dagger","Terror","Infinite Blades","Die Die Die+1","Skewer+1","Blur","Noxious Fumes","Deadly Poison+1","Crippling Poison","Dodge and Roll+1","Dash+1","PiercingWail+1","A Thousand Cuts","Dodge and Roll+1","Night Terror","Escape Plan+1","Blur+1","PiercingWail+1"],"relics":["Ring of the Snake","Snake Skull","Molten Egg 2","Anchor","StoneCalendar","Sozu","PreservedInsect","Boot","Mummified Hand","Bottled Lightning","Happy Flower","Fusion Hammer","Red Mask","Girya","MawBank","Letter Opener","TwistedFunnel"],"potions_floor_usage":[21,23],"damage_taken":[{"damage":4,"enemies":"Cultist","floor":1,"turns":5},{"damage":2,"enemies":"Jaw Worm","floor":5,"turns":4},{"damage":0,"enemies":"Small Slimes","floor":7,"turns":3},{"damage":24,"enemies":"Gremlin Nob","floor":11,"turns":4},{"damage":0,"enemies":"Gremlin Gang","floor":13,"turns":1},{"damage":2,"enemies":"2 Fungi Beasts","floor":14,"turns":3},{"damage":19,"enemies":"The Guardian","floor":16,"turns":9},{"damage":0,"enemies":"Chosen","floor":18,"turns":6},{"damage":0,"enemies":"3 Byrds","floor":20,"turns":3},{"damage":0,"enemies":"Cultist and Chosen","floor":21,"turns":5},{"damage":20,"enemies":"Slavers","floor":23,"turns":5},{"damage":3,"enemies":"Gremlin Leader","floor":25,"turns":4},{"damage":16,"enemies":"Snecko","floor":28,"turns":5},{"damage":2,"enemies":"Book of Stabbing","floor":31,"turns":5},{"damage":8,"enemies":"Champ","floor":33,"turns":8},{"damage":25,"enemies":"3 Darklings","floor":35,"turns":4},{"damage":8,"enemies":"Mind Bloom Boss Battle","floor":37,"turns":7},{"damage":2,"enemies":"Orb Walker","floor":38,"turns":3},{"damage":30,"enemies":"Spire Growth","floor":40,"turns":5},{"damage":4,"enemies":"Jaw Worm Horde","floor":44,"turns":5},{"damage":0,"enemies":"3 Darklings","floor":48,"turns":3},{"damage":45,"enemies":"Donu and Deca","floor":50,"turns":8}],"seed_played":"5464552773844606414","potions_obtained":[{"floor":1,"key":"Strength Potion"},{"floor":7,"key":"Fire Potion"}],"is_trial":false,"path_per_floor":["M","T","$","T","M","R","M","R","T","$","E","?","M","M","R","B",null,"M","?","M","M","?","E","R","E","T","?","M","$","R","E","R","B",null,"M","?","?","M","T","M","?","R","T","M","R","$","?","M","R","B",null],"character_chosen":"THE_SILENT","items_purchased":["Backflip","Noxious Fumes","Terror","Infinite Blades","A Thousand Cuts","Bottled Lightning","TwistedFunnel"],"campfire_rested":2,"item_purchase_floors":[3,3,10,10,29,29,46],"current_hp_per_floor":[66,66,66,66,64,64,64,64,64,64,40,40,40,38,59,40,70,70,70,70,70,70,50,50,47,47,47,31,31,31,29,50,42,70,45,45,37,35,35,5,61,61,61,57,57,57,57,57,57,12],"gold":81,"neow_bonus":"HUNDRED_GOLD","is_prod":false,"is_daily":false,"chose_seed":false,"campfire_upgraded":4,"win_rate":0.0,"timestamp":1552924208,"path_taken":["M","?","?","?","M","R","?","R","T","?","E","?","?","M","R","BOSS","M","?","?","M","?","E","R","E","T","?","M","$","R","E","R","BOSS","M","?","?","M","?","M","?","R","T","M","R","$","?","M","R","BOSS"],"build_version":"2019-01-23","purchased_purges":1,"victory":true,"max_hp_per_floor":[70,70,70,70,70,70,70,70,70,70,70,70,70,70,70,70,70,70,70,70,70,70,70,70,70,70,70,70,70,70,70,70,70,70,70,70,70,70,70,70,61,61,61,61,61,61,61,61,61,61],"card_choices":[{"not_picked":["Choke","Prepared","Tactician"],"picked":"SKIP","floor":1},{"not_picked":["Deadly Poison","Underhanded Strike+1"],"picked":"Footwork","floor":5},{"not_picked":["Poisoned Stab+1","Prepared"],"picked":"Cloak And Dagger","floor":7},{"not_picked":["Distraction","Quick Slash+1"],"picked":"Die Die Die+1","floor":11},{"not_picked":["Deflect","Acrobatics"],"picked":"Skewer+1","floor":13},{"not_picked":["Acrobatics","Flying Knee+1"],"picked":"Blur","floor":14},{"not_picked":["Quick Slash+1","Expertise"],"picked":"Noxious Fumes","floor":18},{"not_picked":["Slice+1","Caltrops+1","Blade Dance+1"],"picked":"SKIP","floor":20},{"not_picked":["Blade Dance","Deflect"],"picked":"Dodge and Roll","floor":21},{"not_picked":["Blur+1","Flying Knee+1"],"picked":"Dash+1","floor":23},{"not_picked":["Deflect","Endless Agony+1"],"picked":"PiercingWail+1","floor":25},{"not_picked":["Choke+1","Blur","Quick Slash+1"],"picked":"SKIP","floor":28},{"not_picked":["Die Die Die+1","Cloak And Dagger"],"picked":"Dodge and Roll+1","floor":31},{"not_picked":["Bullet Time","Venomology"],"picked":"Night Terror","floor":33},{"not_picked":["Slice+1","Backflip"],"picked":"Escape Plan+1","floor":35},{"not_picked":["Infinite Blades","Concentrate+1"],"picked":"Blur+1","floor":38},{"not_picked":["Quick Slash+1","Flechettes+1","Tactician+1"],"picked":"SKIP","floor":40},{"not_picked":["Cloak And Dagger","Masterful Stab+1","Reflex+1"],"picked":"SKIP","floor":44},{"not_picked":["Underhanded Strike+1","Reflex"],"picked":"PiercingWail+1","floor":48}],"player_experience":233171,"relics_obtained":[{"floor":2,"key":"Snake Skull"},{"floor":4,"key":"Molten Egg 2"},{"floor":9,"key":"Anchor"},{"floor":11,"key":"StoneCalendar"},{"floor":23,"key":"PreservedInsect"},{"floor":25,"key":"Boot"},{"floor":26,"key":"Mummified Hand"},{"floor":31,"key":"Happy Flower"},{"floor":37,"key":"Girya"},{"floor":39,"key":"MawBank"},{"floor":43,"key":"Letter Opener"}],"event_choices":[{"damage_healed":0,"gold_gain":0,"player_choice":"Ignored","damage_taken":0,"max_hp_gain":0,"max_hp_loss":0,"event_name":"NoteForYourself","floor":12,"gold_loss":0},{"damage_healed":0,"gold_gain":0,"player_choice":"2 cards matched","damage_taken":0,"max_hp_gain":0,"max_hp_loss":0,"event_name":"Match and Keep!","floor":19,"gold_loss":0,"cards_obtained":["Deadly Poison","Crippling Poison"]},{"cards_removed":["Strike_G"],"damage_healed":0,"gold_gain":0,"player_choice":"Gave Gold","damage_taken":0,"max_hp_gain":0,"max_hp_loss":0,"event_name":"Beggar","floor":22,"gold_loss":75},{"damage_healed":0,"gold_gain":99,"player_choice":"Stole From Cult","damage_taken":0,"max_hp_gain":0,"max_hp_loss":0,"event_name":"Nest","floor":27,"gold_loss":0},{"damage_healed":0,"gold_gain":0,"player_choice":"Paid","damage_taken":0,"relics_obtained":["Red Mask"],"max_hp_gain":0,"max_hp_loss":0,"event_name":"Tomb of Lord Red Mask","floor":36,"gold_loss":189},{"damage_healed":0,"gold_gain":0,"player_choice":"Fight","damage_taken":0,"max_hp_gain":0,"max_hp_loss":0,"event_name":"MindBloom","floor":37,"gold_loss":0},{"damage_healed":61,"gold_gain":0,"player_choice":"Heal","damage_taken":0,"max_hp_gain":0,"max_hp_loss":9,"event_name":"The Moai Head","floor":41,"gold_loss":0},{"cards_removed":["Strike_G"],"damage_healed":0,"gold_gain":0,"player_choice":"Removed Attack","damage_taken":0,"max_hp_gain":0,"max_hp_loss":0,"event_name":"Falling","floor":47,"gold_loss":0}],"is_beta":false,"boss_relics":[{"not_picked":["Black Star","HoveringKite"],"picked":"Sozu"},{"not_picked":["Runic Dome","Empty Cage"],"picked":"Fusion Hammer"}],"items_purged_floors":[3],"is_endless":false,"potions_floor_spawned":[1,7,23,25,33,37,44,48],"ascension_level":0}