{"gold_per_floor":[17,30,42,52,52,52,83,95,107,119,131,143,173,185,197,306,318,346,457,488,500,538,582,594,617,629,558,584,596],"floor_reached":29,"playtime":3535,"items_purged":[],"score":235,"play_id":"95228598-0788-46d8-b191-e7941ceef953","local_time":"20190125034324","is_ascension_mode":false,"campfire_choices":[{"floor":6.0,"key":"DIG"},{"floor":8.0,"key":"DIG"},{"floor":10.0,"key":"DIG"},{"floor":12.0,"key":"DIG"},{"floor":15.0,"key":"DIG"},{"floor":24.0,"key":"DIG"}],"neow_cost":"NO_GOLD","seed_source_timestamp":0,"circlet_count":0,"master_deck":["Strike_B","Strike_B","Strike_B","Strike_B","Defend_B","Defend_B","Defend_B","Defend_B","Zap+1","Dualcast","Rebound","Leap","Blizzard","FTL","Electrodynamics","Echo Form","Coolheaded+1","Hologram","Consume","Auto Shields+1"],"special_seed":0,"relics":["FrozenCore","Shovel","MawBank","Ice Cream","Bag of Marbles","Juzu Bracelet","Orichalcum","Gremlin Horn","Blood Vial","Girya","Symbiotic Virus","Pear","Boot"],"potions_floor_usage":[],"damage_taken":[{"damage":0.0,"enemies":"2 Louse","floor":1.0,"turns":2.0},{"damage":1.0,"enemies":"Jaw Worm","floor":2.0,"turns":3.0},{"damage":1.0,"enemies":"Cultist","floor":3.0,"turns":3.0},{"damage":0.0,"enemies":"Blue Slaver","floor":4.0,"turns":4.0},{"damage":0.0,"enemies":"Exordium Wildlife","floor":7.0,"turns":3.0},{"damage":0.0,"enemies":"2 Fungi Beasts","floor":13.0,"turns":2.0},{"damage":64.0,"enemies":"Hexaghost","floor":16.0,"turns":10.0},{"damage":8.0,"enemies":"Chosen","floor":18.0,"turns":5.0},{"damage":12.0,"enemies":"Spheric Guardian","floor":20.0,"turns":4.0},{"damage":48.0,"enemies":"Slavers","floor":23.0,"turns":6.0},{"damage":10.0,"enemies":"Shelled Parasite and Fungi","floor":25.0,"turns":7.0},{"damage":5,"enemies":"Cultist and Chosen","floor":28,"turns":6},{"damage":10,"enemies":"Centurion and Healer","floor":29,"turns":1}],"seed_played":"-5812747688254595533","potions_obtained":[{"floor":2.0,"key":"SteroidPotion"},{"floor":4.0,"key":"SkillPotion"},{"floor":20.0,"key":"Swift Potion"},{"floor":25.0,"key":"Poison Potion"}],"is_trial":false,"path_per_floor":["M","M","M","M","?","R","M","R","T","R","$","R","M","T","R","B",null,"M","?","M","?","T","E","R","M","T","?","M","M"],"character_chosen":"DEFECT","items_purchased":[],"campfire_rested":0,"item_purchase_floors":[],"current_hp_per_floor":[75,74,73,73,73,73,73,73,73,73,73,73,73,73,73,9,75,67,67,55,55,55,9,9,1,11,11,8,0],"gold":596,"neow_bonus":"ONE_RARE_RELIC","is_prod":false,"is_daily":false,"chose_seed":false,"campfire_upgraded":0,"win_rate":0,"timestamp":1548405804,"path_taken":["M","M","M","M","?","R","M","R","T","R","$","R","M","?","R","BOSS","M","?","M","?","?","E","R","M","T","?","M","M"],"build_version":"2019-01-23","purchased_purges":0,"victory":false,"max_hp_per_floor":[75,75,75,75,75,75,75,75,75,75,75,75,75,75,75,75,75,75,75,75,75,75,75,75,75,85,85,85,85],"card_choices":[{"not_picked":["Stack","Chaos"],"picked":"Rebound","floor":1.0},{"not_picked":["Rebound","Gash"],"picked":"Leap","floor":2.0},{"not_picked":["Rebound","Leap"],"picked":"Blizzard","floor":3.0},{"not_picked":["Steam","Storm"],"picked":"FTL","floor":4.0},{"not_picked":["Compile Driver","Sunder"],"picked":"Electrodynamics","floor":7.0},{"not_picked":["Sweeping Beam","Leap","Beam Cell"],"picked":"SKIP","floor":13.0},{"not_picked":["Rainbow","Meteor Strike"],"picked":"Echo Form","floor":16.0},{"not_picked":["Leap","Go for the Eyes"],"picked":"Coolheaded+1","floor":18.0},{"not_picked":["Auto Shields","Stack"],"picked":"Hologram","floor":20.0},{"not_picked":["Hologram","Streamline"],"picked":"Consume","floor":23.0},{"not_picked":["FTL","Rebound","Hologram"],"picked":"SKIP","floor":25.0},{"not_picked":["Go for the Eyes","Leap"],"picked":"Auto Shields+1","floor":28}],"player_experience":3095515,"relics_obtained":[{"floor":6.0,"key":"MawBank"},{"floor":8.0,"key":"Ice Cream"},{"floor":10.0,"key":"Bag of Marbles"},{"floor":12.0,"key":"Juzu Bracelet"},{"floor":14.0,"key":"Orichalcum"},{"floor":15.0,"key":"Gremlin Horn"},{"floor":22.0,"key":"Blood Vial"},{"floor":23.0,"key":"Girya"},{"floor":24.0,"key":"Symbiotic Virus"},{"floor":26.0,"key":"Pear"}],"event_choices":[{"damage_healed":0.0,"max_hp_gain":0.0,"max_hp_loss":0.0,"gold_gain":0.0,"event_name":"Living Wall","player_choice":"Grow","floor":5.0,"gold_loss":0.0,"damage_taken":0.0,"cards_upgraded":["Zap"]},{"damage_healed":0.0,"max_hp_gain":0.0,"max_hp_loss":0.0,"gold_gain":99.0,"event_name":"Nest","player_choice":"Stole From Cult","floor":19.0,"gold_loss":0.0,"damage_taken":0.0},{"damage_healed":0.0,"max_hp_gain":0.0,"max_hp_loss":0.0,"gold_gain":0.0,"event_name":"The Mausoleum","player_choice":"Ignored","floor":21.0,"gold_loss":0.0,"damage_taken":0.0},{"damage_healed":0.0,"max_hp_gain":0.0,"max_hp_loss":0.0,"gold_gain":0.0,"event_name":"WeMeetAgain","player_choice":"Paid Gold","floor":27.0,"gold_loss":83.0,"damage_taken":0.0,"relics_obtained":["Boot"]}],"is_beta":false,"boss_relics":[{"not_picked":["Fusion Hammer","Busted Crown"],"picked":"FrozenCore"}],"items_purged_floors":[],"is_endless":false,"potions_floor_spawned":[2,4,20,25],"killed_by":"Centurion and Healer","ascension_level":0}