{"gold_per_floor":[16,16,46,64,77,77,112,112,193,68,143,176,200,216,216,318,318,330,225,242,43,58,58,158,158,184,184,198,198,217,232,232,332,332,344,356,32,48,58,58,74,74,99,99,99,110,34,34],"floor_reached":48,"playtime":29769,"items_purged":["Regret"],"score":515,"play_id":"be500765-1ee8-47ae-9d6d-079a5be10952","local_time":"20190306231731","is_ascension_mode":true,"campfire_choices":[{"data":"Double Energy","floor":6,"key":"SMITH"},{"floor":8,"key":"REST"},{"floor":15,"key":"REST"},{"floor":23,"key":"REST"},{"floor":25,"key":"REST"},{"floor":27,"key":"REST"},{"data":"White Noise","floor":29,"key":"SMITH"},{"floor":32,"key":"REST"},{"floor":40,"key":"REST"},{"floor":42,"key":"RECALL"},{"floor":45,"key":"REST"}],"neow_cost":"NO_GOLD","seed_source_timestamp":14088231492492,"circlet_count":0,"master_deck":["Strike_B","Strike_B","Strike_B","Defend_B","Defend_B","Defend_B","Zap+1","Dualcast","Machine Learning","Double Energy+1","Sweeping Beam","White Noise+1","Sweeping Beam","Coolheaded","Barrage","Ball Lightning","All For One","Beam Cell","Go for the Eyes","Conserve Battery","Ball Lightning","Gash","Turbo","Finesse","Ball Lightning+1","Beam Cell+1","Steam Power","Compile Driver","Barrage","Electrodynamics","Stack+1","Defragment","Compile Driver","Hologram","Hologram+1","Hologram+1","Cold Snap","Leap","Self Repair"],"relics":["Cracked Core","Tiny Chest","Shuriken","Mercury Hourglass","Letter Opener","Nuclear Battery","Gambling Chip","Gremlin Horn","PreservedInsect","Runic Pyramid","Symbiotic Virus","Potion Belt"],"potions_floor_usage":[7,14,18,24,33,33,39,39],"damage_taken":[{"damage":0,"enemies":"Small Slimes","floor":1,"turns":3},{"damage":0,"enemies":"2 Louse","floor":4,"turns":2},{"damage":1,"enemies":"Cultist","floor":5,"turns":3},{"damage":30,"enemies":"Gremlin Nob","floor":7,"turns":4},{"damage":27,"enemies":"Lagavulin","floor":12,"turns":5},{"damage":0,"enemies":"Lots of Slimes","floor":14,"turns":1},{"damage":12,"enemies":"Slime Boss","floor":16,"turns":7},{"damage":0,"enemies":"Spheric Guardian","floor":18,"turns":2},{"damage":5,"enemies":"3 Byrds","floor":20,"turns":2},{"damage":38,"enemies":"Shelled Parasite and Fungi","floor":22,"turns":5},{"damage":16,"enemies":"Colosseum Slavers","floor":24,"turns":4},{"damage":31,"enemies":"Colosseum Nobs","floor":24,"turns":4},{"damage":0,"enemies":"Centurion and Healer","floor":28,"turns":3},{"damage":6,"enemies":"Cultist and Chosen","floor":30,"turns":3},{"damage":10,"enemies":"Shelled Parasite and Fungi","floor":31,"turns":3},{"damage":18,"enemies":"Champ","floor":33,"turns":5},{"damage":16,"enemies":"3 Darklings","floor":35,"turns":3},{"damage":10,"enemies":"Orb Walker","floor":36,"turns":2},{"damage":4,"enemies":"Transient","floor":38,"turns":5},{"damage":17,"enemies":"Jaw Worm Horde","floor":39,"turns":2},{"damage":4,"enemies":"Spire Growth","floor":41,"turns":2},{"damage":17,"enemies":"Sphere and 2 Shapes","floor":46,"turns":4},{"damage":61,"enemies":"2 Orb Walkers","floor":48,"turns":3}],"seed_played":"-562574705179981476","potions_obtained":[{"floor":4,"key":"FearPotion"},{"floor":7,"key":"Energy Potion"},{"floor":14,"key":"Regen Potion"},{"floor":16,"key":"AttackPotion"},{"floor":18,"key":"SpeedPotion"},{"floor":20,"key":"Regen Potion"},{"floor":24,"key":"LiquidBronze"},{"floor":31,"key":"Weak Potion"},{"floor":33,"key":"LiquidBronze"},{"floor":35,"key":"Swift Potion"},{"floor":46,"key":"LiquidBronze"}],"is_trial":false,"path_per_floor":["M","?","?","M","M","R","E","R","T","$","?","E","T","M","R","B",null,"M","$","M","$","M","R","?","R","T","R","M","R","M","M","R","B",null,"M","M","$","M","M","R","M","R","T","?","R","M","$","?"],"character_chosen":"DEFECT","items_purchased":["Coolheaded","Go for the Eyes","Conserve Battery","Gash","Turbo","Finesse","Symbiotic Virus","Compile Driver","Hologram","Self Repair"],"campfire_rested":8,"item_purchase_floors":[10,19,19,21,21,21,37,37,37,47],"current_hp_per_floor":[75,75,75,75,74,74,44,66,66,66,55,28,28,28,50,38,75,75,75,70,70,32,54,19,41,41,63,63,63,57,47,69,51,75,59,49,49,45,28,50,46,46,46,46,68,51,51,0],"gold":34,"neow_bonus":"TRANSFORM_TWO_CARDS","is_prod":false,"is_daily":false,"chose_seed":false,"campfire_upgraded":2,"win_rate":0,"timestamp":1551932251,"path_taken":["M","?","?","M","M","R","E","R","T","$","?","E","?","?","R","BOSS","M","$","M","$","?","R","?","R","T","R","M","R","M","M","R","BOSS","M","M","$","M","M","R","M","R","T","?","R","?","$","?"],"build_version":"2019-01-23","purchased_purges":1,"victory":false,"max_hp_per_floor":[75,75,75,75,75,75,75,75,75,75,75,75,75,75,75,75,75,75,75,75,75,75,75,75,75,75,75,75,75,75,75,75,75,75,75,75,75,75,75,75,75,75,75,75,75,75,75,75],"card_choices":[{"not_picked":["Barrage","Static Discharge"],"picked":"Sweeping Beam","floor":1},{"not_picked":["Force Field","Double Energy"],"picked":"Reprogram","floor":4},{"not_picked":["Sweeping Beam","Rebound"],"picked":"White Noise","floor":5},{"not_picked":["Chill","Biased Cognition"],"picked":"Sweeping Beam","floor":7},{"not_picked":["BootSequence","Doom and Gloom"],"picked":"Barrage","floor":12},{"not_picked":["Melter","Leap"],"picked":"Ball Lightning","floor":14},{"not_picked":["Core Surge","Electrodynamics"],"picked":"All For One","floor":16},{"not_picked":["Steam Power","Steam"],"picked":"Beam Cell","floor":18},{"not_picked":["Storm","Fusion+1"],"picked":"Ball Lightning","floor":20},{"not_picked":["Hello World","Cold Snap"],"picked":"Ball Lightning+1","floor":22},{"not_picked":["Ball Lightning","Consume+1"],"picked":"Beam Cell+1","floor":24},{"not_picked":["Turbo","Redo"],"picked":"Steam Power","floor":28},{"not_picked":["Rebound","Stack"],"picked":"Compile Driver","floor":30},{"not_picked":["Skim","Conserve Battery"],"picked":"Barrage","floor":31},{"not_picked":["Core Surge","Thunder Strike"],"picked":"Electrodynamics","floor":33},{"not_picked":["Turbo","Capacitor+1"],"picked":"Stack+1","floor":35},{"not_picked":["Gash+1","Go for the Eyes+1"],"picked":"Defragment","floor":36},{"not_picked":["White Noise","Double Energy+1"],"picked":"Hologram+1","floor":38},{"not_picked":["Cold Snap","Steam"],"picked":"Hologram+1","floor":39},{"not_picked":["Force Field+1","Reprogram"],"picked":"Cold Snap","floor":41},{"not_picked":["Coolheaded","Compile Driver+1"],"picked":"Leap","floor":46}],"player_experience":196268,"relics_obtained":[{"floor":7,"key":"Shuriken"},{"floor":9,"key":"Mercury Hourglass"},{"floor":12,"key":"Letter Opener"},{"floor":24,"key":"Gambling Chip"},{"floor":24,"key":"Gremlin Horn"},{"floor":26,"key":"PreservedInsect"},{"floor":43,"key":"Potion Belt"}],"event_choices":[{"damage_healed":0,"gold_gain":0,"player_choice":"Grow","damage_taken":0,"max_hp_gain":0,"max_hp_loss":0,"event_name":"Living Wall","floor":2,"gold_loss":0,"cards_upgraded":["Zap"]},{"damage_healed":0,"gold_gain":0,"player_choice":"Box","damage_taken":0,"relics_obtained":["Tiny Chest"],"max_hp_gain":0,"max_hp_loss":0,"event_name":"Big Fish","floor":3,"gold_loss":0,"cards_obtained":["Regret"]},{"damage_healed":0,"gold_gain":75,"player_choice":"Gather Gold","damage_taken":11,"max_hp_gain":0,"max_hp_loss":0,"event_name":"World of Goop","floor":11,"gold_loss":0},{"damage_healed":0,"gold_gain":0,"player_choice":"Fight","damage_taken":0,"max_hp_gain":0,"max_hp_loss":0,"event_name":"Colosseum","floor":24,"gold_loss":0},{"damage_healed":0,"gold_gain":0,"player_choice":"Fought Nobs","damage_taken":0,"max_hp_gain":0,"max_hp_loss":0,"event_name":"Colosseum","floor":24,"gold_loss":0},{"cards_removed":["Reprogram"],"damage_healed":0,"gold_gain":0,"player_choice":"Purged","damage_taken":0,"max_hp_gain":0,"max_hp_loss":0,"event_name":"Purifier","floor":44,"gold_loss":0},{"damage_healed":0,"gold_gain":0,"player_choice":"Fight","damage_taken":0,"max_hp_gain":0,"max_hp_loss":0,"event_name":"Mysterious Sphere","floor":48,"gold_loss":0}],"is_beta":false,"boss_relics":[{"not_picked":["Fusion Hammer","White Beast Statue"],"picked":"Nuclear Battery"},{"not_picked":["Runic Dome","Eternal Feather"],"picked":"Runic Pyramid"}],"items_purged_floors":[10],"is_endless":false,"potions_floor_spawned":[4,7,14,16,18,20,24,31,33,35,46],"killed_by":"2 Orb Walkers","ascension_level":1}