{"gold_per_floor":[110,127,77,96,115,115,1,31,31,31,61,61,0,16,16,114,114,127,145,145,163,163,188,188,223,223,223,233,253,253,264,264,369,369,383,172,190,206,223,253,253,270,270,286,286,304,304,320,320,320,320,320,23,52,52],"floor_reached":55,"playtime":7354,"items_purged":["Writhe"],"score":841,"play_id":"e1e13e17-1a47-44c9-83c8-339fbab2bf19","local_time":"20190309015856","is_ascension_mode":true,"campfire_choices":[{"data":"Sunder","floor":6,"key":"SMITH"},{"data":"Defragment","floor":12,"key":"SMITH"},{"floor":15,"key":"REST"},{"floor":24,"key":"REST"},{"floor":27,"key":"REST"},{"data":"White Noise","floor":32,"key":"SMITH"},{"floor":41,"key":"RECALL"},{"floor":47,"key":"REST"},{"floor":49,"key":"REST"},{"data":"Rainbow","floor":52,"key":"SMITH"}],"neow_cost":"NONE","seed_source_timestamp":7680656810528,"circlet_count":0,"master_deck":["Defend_B","Defend_B","Defend_B","Defend_B","Zap+1","Dualcast","Ball Lightning","Compile Driver","Go for the Eyes","Sunder+1","Sweeping Beam","Defragment+1","White Noise+1","White Noise","Go for the Eyes","Defragment","Rainbow+1","Capacitor+1","Rebound+1","Beam Cell+1","Defragment+1","Chaos+1","Coolheaded","Steam","Turbo+1","Bite","Bite","Bite","Bite","Bite","Hologram+1","Biased Cognition","Ball Lightning","Blizzard","Doom and Gloom","Chill","Barrage+1","Redo+1","Coolheaded","Compile Driver+1","Coolheaded+1","Hologram+1","Hologram+1","Finesse","Dark Shackles","Finesse","Finesse"],"relics":["FrozenCore","Dodecahedron","Torii","Thread and Needle","The Courier","Mercury Hourglass","Bronze Scales","Ancient Tea Set","Letter Opener","Sozu","Strawberry","Symbiotic Virus","Oddly Smooth Stone"],"potions_floor_usage":[8,11,16,23,33,33],"damage_taken":[{"damage":1,"enemies":"2 Louse","floor":1,"turns":2},{"damage":0,"enemies":"Small Slimes","floor":2,"turns":2},{"damage":0,"enemies":"Cultist","floor":4,"turns":2},{"damage":5,"enemies":"Looter","floor":5,"turns":3},{"damage":12,"enemies":"Gremlin Nob","floor":8,"turns":3},{"damage":2,"enemies":"Lagavulin","floor":11,"turns":6},{"damage":0,"enemies":"Red Slaver","floor":14,"turns":3},{"damage":0,"enemies":"Slime Boss","floor":16,"turns":4},{"damage":9,"enemies":"2 Thieves","floor":18,"turns":4},{"damage":1,"enemies":"Shell Parasite","floor":19,"turns":3},{"damage":8,"enemies":"Snake Plant","floor":21,"turns":4},{"damage":23,"enemies":"Slavers","floor":23,"turns":3},{"damage":20,"enemies":"Gremlin Leader","floor":25,"turns":5},{"damage":24,"enemies":"3 Cultists","floor":28,"turns":5},{"damage":0,"enemies":"Snecko","floor":29,"turns":4},{"damage":0,"enemies":"Centurion and Healer","floor":31,"turns":9},{"damage":1,"enemies":"Champ","floor":33,"turns":8},{"damage":1,"enemies":"3 Darklings","floor":35,"turns":4},{"damage":1,"enemies":"Orb Walker","floor":37,"turns":3},{"damage":16,"enemies":"Maw","floor":38,"turns":6},{"damage":9,"enemies":"Sphere and 2 Shapes","floor":39,"turns":6},{"damage":36,"enemies":"Reptomancer","floor":40,"turns":6},{"damage":26,"enemies":"Writhing Mass","floor":42,"turns":6},{"damage":0,"enemies":"4 Shapes","floor":44,"turns":5},{"damage":1,"enemies":"Sphere and 2 Shapes","floor":46,"turns":4},{"damage":22,"enemies":"Jaw Worm Horde","floor":48,"turns":6},{"damage":29,"enemies":"Donu and Deca","floor":50,"turns":10},{"damage":68,"enemies":"Shield and Spear","floor":54,"turns":8},{"damage":19,"enemies":"The Heart","floor":55,"turns":2}],"seed_played":"8378063315244315046","potions_obtained":[{"floor":1,"key":"Explosive Potion"},{"floor":4,"key":"Weak Potion"},{"floor":5,"key":"Strength Potion"},{"floor":14,"key":"Poison Potion"},{"floor":18,"key":"FocusPotion"},{"floor":21,"key":"Dexterity Potion"},{"floor":29,"key":"FairyPotion"}],"is_trial":false,"path_per_floor":["M","M","$","M","M","R","$","E","T","?","E","R","?","M","R","B",null,"M","M","?","M","?","E","R","E","T","R","M","M","?","M","R","B",null,"M","$","M","M","M","E","R","M","T","M","?","M","R","M","R","B",null,"R","$","E","B"],"character_chosen":"DEFECT","items_purchased":["Go for the Eyes","Defragment","White Noise","Blizzard","Doom and Gloom","Chill","Finesse","Dark Shackles","Finesse","Finesse"],"campfire_rested":5,"item_purchase_floors":[3,7,7,36,36,36,53,53,53,53],"current_hp_per_floor":[74,74,74,74,69,69,69,57,57,50,48,48,48,48,70,70,75,66,65,65,57,57,34,56,36,36,58,34,34,34,52,52,52,52,52,52,52,42,43,26,26,10,10,14,14,19,36,28,45,22,59,59,59,5,0],"gold":52,"neow_bonus":"UPGRADE_CARD","is_prod":false,"is_daily":false,"chose_seed":false,"campfire_upgraded":4,"win_rate":0,"timestamp":1552114736,"path_taken":["M","M","$","M","M","R","$","E","T","?","E","R","?","?","R","BOSS","M","M","?","M","?","E","R","E","T","R","?","M","?","M","R","BOSS","M","$","M","M","M","E","R","M","T","M","?","M","R","M","R","BOSS","R","$","E","BOSS"],"build_version":"2019-01-23","purchased_purges":1,"victory":false,"max_hp_per_floor":[75,75,75,75,75,75,75,75,75,75,75,75,75,75,75,75,75,75,75,75,75,75,75,75,75,75,75,75,75,52,52,52,52,52,52,52,52,52,52,59,59,59,59,59,59,59,59,59,59,59,59,59,59,59,59],"card_choices":[{"not_picked":["Hello World","Conserve Battery"],"picked":"Ball Lightning","floor":1},{"not_picked":["Steam","Recycle"],"picked":"Compile Driver","floor":2},{"not_picked":["Coolheaded","Compile Driver"],"picked":"Sunder","floor":4},{"not_picked":["Leap","Cold Snap"],"picked":"Sweeping Beam","floor":5},{"not_picked":["Sunder","Gash"],"picked":"White Noise","floor":8},{"not_picked":["Self Repair","White Noise"],"picked":"Go for the Eyes","floor":11},{"not_picked":["Steam","Go for the Eyes"],"picked":"Defragment","floor":14},{"not_picked":["Buffer","Thunder Strike"],"picked":"Rainbow","floor":16},{"not_picked":["Reprogram","Barrage"],"picked":"Capacitor+1","floor":18},{"not_picked":["Steam Power","Beam Cell"],"picked":"Rebound+1","floor":19},{"not_picked":["Hello World","Stack"],"picked":"Beam Cell+1","floor":21},{"not_picked":["Sunder+1","Doom and Gloom"],"picked":"Chaos+1","floor":23},{"not_picked":["Conserve Battery","Skim"],"picked":"Coolheaded","floor":25},{"not_picked":["Leap","Beam Cell"],"picked":"Steam","floor":28},{"not_picked":["Beam Cell","Gash"],"picked":"Turbo+1","floor":29},{"not_picked":["Conserve Battery","Rip and Tear"],"picked":"Hologram+1","floor":31},{"not_picked":["Fission","Rainbow"],"picked":"Biased Cognition","floor":33},{"not_picked":["Double Energy","Leap"],"picked":"Ball Lightning","floor":35},{"not_picked":["Conserve Battery","Steam"],"picked":"Barrage+1","floor":37},{"not_picked":["Steam Power+1","Go for the Eyes+1"],"picked":"Redo+1","floor":38},{"not_picked":["Rebound+1","Stack"],"picked":"Coolheaded","floor":39},{"not_picked":["Rip and Tear","Buffer"],"picked":"Compile Driver+1","floor":40},{"not_picked":["Compile Driver+1","Steam+1"],"picked":"Coolheaded+1","floor":42},{"not_picked":["Auto Shields+1","Streamline"],"picked":"Hologram+1","floor":44},{"not_picked":["Streamline","Self Repair","Doom and Gloom"],"picked":"SKIP","floor":46},{"not_picked":["Streamline","Redo"],"picked":"Hologram+1","floor":48},{"not_picked":["Aggregate+1","Chill+1","Barrage"],"picked":"SKIP","floor":54}],"player_experience":234525,"relics_obtained":[{"floor":8,"key":"Dodecahedron"},{"floor":9,"key":"Torii"},{"floor":11,"key":"The Courier"},{"floor":23,"key":"Ancient Tea Set"},{"floor":25,"key":"Letter Opener"},{"floor":40,"key":"Strawberry"},{"floor":43,"key":"Symbiotic Virus"},{"floor":54,"key":"Oddly Smooth Stone"}],"event_choices":[{"damage_healed":0,"gold_gain":0,"player_choice":"Success","damage_taken":7,"relics_obtained":["Thread and Needle"],"max_hp_gain":0,"max_hp_loss":0,"event_name":"Scrap Ooze","floor":10,"gold_loss":0},{"damage_healed":0,"gold_gain":0,"player_choice":"Paid Gold","damage_taken":0,"relics_obtained":["Mercury Hourglass"],"max_hp_gain":0,"max_hp_loss":0,"event_name":"WeMeetAgain","floor":13,"gold_loss":61},{"damage_healed":0,"gold_gain":0,"player_choice":"Opened","damage_taken":0,"relics_obtained":["Bronze Scales"],"max_hp_gain":0,"max_hp_loss":0,"event_name":"The Mausoleum","floor":20,"gold_loss":0,"cards_obtained":["Writhe"]},{"damage_healed":0,"gold_gain":0,"player_choice":"Copied","damage_taken":0,"max_hp_gain":0,"max_hp_loss":0,"event_name":"Duplicator","floor":22,"gold_loss":0,"cards_obtained":["Defragment"]},{"damage_healed":0,"gold_gain":0,"player_choice":"Became a vampire","damage_taken":0,"max_hp_gain":0,"max_hp_loss":23,"event_name":"Vampires","floor":30,"gold_loss":0,"cards_obtained":["Bite","Bite","Bite","Bite","Bite"]},{"damage_healed":0,"gold_gain":0,"player_choice":"Ignored","damage_taken":0,"max_hp_gain":0,"max_hp_loss":0,"event_name":"Tomb of Lord Red Mask","floor":45,"gold_loss":0}],"is_beta":false,"boss_relics":[{"not_picked":["Eternal Feather","Velvet Choker"],"picked":"FrozenCore"},{"not_picked":["Tiny House","Snecko Eye"],"picked":"Sozu"}],"items_purged_floors":[36],"is_endless":false,"potions_floor_spawned":[1,4,5,14,18,21,29,31,37,39,40,44,48,54],"killed_by":"The Heart","ascension_level":1}