{"gold_per_floor":[113,113,128,140,164,176,200,87,87,87,10,10,28,62,62,159,159,178,178,178,191,191,191,223,148,148,148,163,78,25,35,35,130,130,150,150,164,26,72,100,100,200,200,200,211,229,248,264,264,264,264,264,226,261,261],"floor_reached":56,"playtime":6473,"items_purged":["Writhe"],"score":1295,"play_id":"117b2dd0-fff1-4c2a-a801-bfb0d8517753","local_time":"20190126171418","daily_mods":["SealedDeck","Vintage"],"is_ascension_mode":false,"campfire_choices":[{"floor":6.0,"key":"RECALL"},{"data":"Inflame","floor":10.0,"key":"SMITH"},{"data":"Metallicize","floor":12.0,"key":"SMITH"},{"data":"Disarm","floor":15.0,"key":"SMITH"},{"data":"Feed","floor":23.0,"key":"SMITH"},{"floor":27.0,"key":"REST"},{"data":"Shrug It Off","floor":32.0,"key":"SMITH"},{"data":"1","floor":41,"key":"LIFT"},{"data":"2","floor":49,"key":"LIFT"},{"data":"3","floor":52,"key":"LIFT"}],"neow_cost":"","seed_source_timestamp":0,"circlet_count":0,"master_deck":["Disarm+1","Iron Wave+1","Armaments+1","Thunderclap","Cleave","Sword Boomerang+1","Twin Strike","Spot Weakness","Flex","Inflame+1","Shrug It Off+1","Metallicize+1","Anger","Feed+1","Flame Barrier+1","Shrug It Off+1","Offering+1","Heavy Blade","Finesse+1","Fire Breathing+1","Shrug It Off+1","Body Slam+1","True Grit+1","Entrench+1"],"special_seed":0,"relics":["Black Blood","WingedGreaves","MawBank","Whetstone","Bottled Lightning","Self Forming Clay","Toxic Egg 2","Ornamental Fan","Paper Frog","Enchiridion","Orichalcum","Lantern","Letter Opener","Gremlin Horn","Dodecahedron","Mummified Hand","Red Skull","Runic Pyramid","Shuriken","Girya","Ginger","Ice Cream","FossilizedHelix","PreservedInsect","The Courier","Pocketwatch","Bird Faced Urn","Bag of Marbles"],"potions_floor_usage":[39,45,47,55,55,55,55],"damage_taken":[{"damage":4.0,"enemies":"Jaw Worm","floor":1.0,"turns":2.0},{"damage":0.0,"enemies":"Small Slimes","floor":3.0,"turns":2.0},{"damage":0.0,"enemies":"2 Louse","floor":5.0,"turns":2.0},{"damage":0.0,"enemies":"Large Slime","floor":7.0,"turns":4.0},{"damage":0.0,"enemies":"2 Fungi Beasts","floor":13.0,"turns":2.0},{"damage":14.0,"enemies":"3 Sentries","floor":14.0,"turns":4.0},{"damage":35.0,"enemies":"The Guardian","floor":16.0,"turns":6.0},{"damage":18.0,"enemies":"2 Thieves","floor":18.0,"turns":3.0},{"damage":5.0,"enemies":"Chosen","floor":21.0,"turns":5.0},{"damage":12.0,"enemies":"Gremlin Leader","floor":24.0,"turns":8.0},{"damage":7.0,"enemies":"Snecko","floor":28.0,"turns":3.0},{"damage":0.0,"enemies":"Centurion and Healer","floor":31.0,"turns":4.0},{"damage":0.0,"enemies":"Automaton","floor":33.0,"turns":6.0},{"damage":6,"enemies":"3 Shapes","floor":35,"turns":1},{"damage":0,"enemies":"Orb Walker","floor":37,"turns":3},{"damage":13,"enemies":"2 Orb Walkers","floor":39,"turns":3},{"damage":6,"enemies":"Nemesis","floor":40,"turns":3},{"damage":18,"enemies":"Mind Bloom Boss Battle","floor":42,"turns":4},{"damage":0,"enemies":"Writhing Mass","floor":45,"turns":3},{"damage":0,"enemies":"Maw","floor":46,"turns":4},{"damage":6,"enemies":"3 Darklings","floor":47,"turns":2},{"damage":0,"enemies":"Sphere and 2 Shapes","floor":48,"turns":2},{"damage":18,"enemies":"Donu and Deca","floor":50,"turns":7},{"damage":0,"enemies":"Shield and Spear","floor":54,"turns":2},{"damage":10,"enemies":"The Heart","floor":55,"turns":6}],"seed_played":"7875543081165260124","potions_obtained":[{"floor":16.0,"key":"Explosive Potion"},{"floor":18.0,"key":"EssenceOfSteel"},{"floor":21.0,"key":"SteroidPotion"},{"floor":33.0,"key":"PowerPotion"},{"floor":35,"key":"Swift Potion"},{"floor":40,"key":"Explosive Potion"},{"floor":42,"key":"Dexterity Potion"},{"floor":47,"key":"Regen Potion"},{"floor":48,"key":"Regen Potion"},{"floor":54,"key":"EntropicBrew"}],"is_trial":true,"path_per_floor":["M","?","M","?","M","R","M","$","T","R","$","R","M","E","R","B",null,"M","?","?","M","?","R","E","$","T","R","M","?","$","M","R","B",null,"M","?","M","$","?","E","R","?","T","?","M","M","M","M","R","B",null,"R","$","E","B",null],"character_chosen":"IRONCLAD","items_purchased":["Inflame","Shrug It Off","Metallicize","Shrug It Off+1","Heavy Blade","Finesse+1","True Grit+1"],"campfire_rested":1,"item_purchase_floors":[8,8,11,30,38,38,53],"current_hp_per_floor":[80,80,80,80,80,80,80,80,80,80,80,80,80,72,72,43,80,72,56,56,64,64,64,66,66,66,87,87,87,87,91,91,95,95,99,94,98,98,99,106,106,102,102,102,114,118,118,122,122,114,122,122,122,126,126],"gold":261,"neow_bonus":"","is_prod":false,"is_daily":false,"chose_seed":false,"campfire_upgraded":5,"win_rate":0,"timestamp":1548540858,"path_taken":["M","?","M","?","M","R","M","$","T","R","?","R","M","E","R","BOSS","M","?","?","M","?","R","E","$","T","R","?","?","?","M","R","BOSS","M","?","M","$","?","E","R","?","T","?","M","M","M","M","R","BOSS","R","$","E","BOSS"],"build_version":"2019-01-23","purchased_purges":1,"victory":true,"max_hp_per_floor":[80,80,80,80,80,80,80,80,80,80,80,80,80,80,80,80,80,80,80,80,83,83,83,87,87,87,87,87,87,87,91,91,95,95,99,94,98,98,102,106,106,110,110,110,114,118,118,122,122,122,122,122,122,126,126],"card_choices":[{"not_picked":["Flex+1","Hemokinesis"],"picked":"Anger","floor":14.0},{"not_picked":["Bludgeon","Demon Form"],"picked":"Feed","floor":16.0},{"not_picked":["Warcry+1","Spot Weakness+1"],"picked":"Flame Barrier+1","floor":24.0},{"not_picked":["Fiend Fire","Brutality"],"picked":"Offering+1","floor":33.0},{"not_picked":["Flex+1","True Grit+1"],"picked":"Fire Breathing+1","floor":39},{"not_picked":["Heavy Blade+1","Headbutt"],"picked":"Shrug It Off+1","floor":40},{"not_picked":["Anger","Feed"],"picked":"Body Slam+1","floor":42},{"not_picked":["Anger","Combust+1"],"picked":"Entrench+1","floor":54}],"player_experience":3109398,"relics_obtained":[{"floor":1.0,"key":"WingedGreaves"},{"floor":3.0,"key":"MawBank"},{"floor":5.0,"key":"Whetstone"},{"floor":7.0,"key":"Bottled Lightning"},{"floor":9.0,"key":"Self Forming Clay"},{"floor":13.0,"key":"Toxic Egg 2"},{"floor":14.0,"key":"Ornamental Fan"},{"floor":18.0,"key":"Paper Frog"},{"floor":19.0,"key":"Enchiridion"},{"floor":21.0,"key":"Orichalcum"},{"floor":24.0,"key":"Letter Opener"},{"floor":26.0,"key":"Gremlin Horn"},{"floor":28.0,"key":"Dodecahedron"},{"floor":31.0,"key":"Red Skull"},{"floor":35,"key":"Shuriken"},{"floor":37,"key":"Girya"},{"floor":39,"key":"Ginger"},{"floor":40,"key":"Ice Cream"},{"floor":42,"key":"FossilizedHelix"},{"floor":45,"key":"PreservedInsect"},{"floor":46,"key":"The Courier"},{"floor":47,"key":"Pocketwatch"},{"floor":48,"key":"Bird Faced Urn"},{"floor":54,"key":"Bag of Marbles"}],"event_choices":[{"damage_healed":0.0,"max_hp_gain":0.0,"max_hp_loss":0.0,"gold_gain":0.0,"event_name":"Living Wall","player_choice":"Grow","floor":2.0,"gold_loss":0.0,"damage_taken":0.0,"cards_upgraded":["Armaments"]},{"damage_healed":0.0,"max_hp_gain":0.0,"max_hp_loss":0.0,"gold_gain":0.0,"event_name":"Golden Wing","player_choice":"Ignored","floor":4.0,"gold_loss":0.0,"damage_taken":0.0},{"damage_healed":0.0,"max_hp_gain":0.0,"max_hp_loss":0.0,"gold_gain":0.0,"event_name":"Cursed Tome","player_choice":"Obtained Book","floor":19.0,"gold_loss":0.0,"damage_taken":16.0},{"cards_removed":["Sword Boomerang"],"damage_healed":0.0,"max_hp_gain":0.0,"max_hp_loss":0.0,"gold_gain":0.0,"event_name":"Back to Basics","player_choice":"Elegance","floor":20.0,"gold_loss":0.0,"damage_taken":0.0},{"damage_healed":0.0,"max_hp_gain":0.0,"max_hp_loss":0.0,"gold_gain":0.0,"event_name":"The Mausoleum","player_choice":"Opened","floor":22.0,"gold_loss":0.0,"damage_taken":0.0,"relics_obtained":["Lantern"],"cards_obtained":["Writhe"]},{"damage_healed":0.0,"max_hp_gain":0.0,"max_hp_loss":0.0,"gold_gain":0.0,"event_name":"Addict","player_choice":"Obtained Relic","floor":29.0,"gold_loss":85.0,"damage_taken":0.0,"relics_obtained":["Mummified Hand"]},{"damage_healed":0,"gold_gain":0,"player_choice":"Max HP","damage_taken":0,"max_hp_gain":0,"max_hp_loss":5,"event_name":"Winding Halls","floor":36,"gold_loss":0},{"damage_healed":0,"gold_gain":0,"player_choice":"Fight","damage_taken":0,"max_hp_gain":0,"max_hp_loss":0,"event_name":"Mysterious Sphere","floor":39,"gold_loss":0},{"damage_healed":0,"gold_gain":0,"player_choice":"Fight","damage_taken":0,"max_hp_gain":0,"max_hp_loss":0,"event_name":"MindBloom","floor":42,"gold_loss":0},{"damage_healed":0,"gold_gain":0,"player_choice":"Ignored","damage_taken":0,"max_hp_gain":0,"max_hp_loss":0,"event_name":"Tomb of Lord Red Mask","floor":44,"gold_loss":0}],"is_beta":false,"boss_relics":[{"not_picked":["Mark of Pain","Lizard Tail"],"picked":"Black Blood"},{"not_picked":["Coffee Dripper","Orrery"],"picked":"Runic Pyramid"}],"items_purged_floors":[25],"is_endless":false,"potions_floor_spawned":[16,18,21,33,35,40,42,47,48,54],"ascension_level":0}