{"gold_per_floor":[115,125,125,148,175,213,225,261,273,300,255,281,313,653,665,780,792,792,792,792,792,792,792,369,369,369,369,369,369,369,216,216,216,216,216,59,59,59,59,59,59,59,59,59,59,59,35,35,35,35],"floor_reached":50,"playtime":9246,"items_purged":[],"score":562,"play_id":"b6ce9b63-afe8-4cb1-9989-022b8ac5f6d4","local_time":"20190226154840","is_ascension_mode":false,"campfire_choices":[{"floor":7.0,"key":"REST"},{"floor":15.0,"key":"REST"},{"floor":25,"key":"REST"},{"data":"A Thousand Cuts","floor":32,"key":"SMITH"},{"floor":40,"key":"RECALL"},{"floor":42,"key":"REST"},{"floor":49,"key":"REST"}],"neow_cost":"NONE","seed_source_timestamp":0,"circlet_count":0,"master_deck":["Defend_G","Defend_G","Defend_G","Defend_G","Survivor","Neutralize","Choke","Caltrops","Deadly Poison","Flying Knee","Backflip","Blur","Glass Knife","Well Laid Plans","Leg Sweep","A Thousand Cuts+1","After Image","Poisoned Stab","Sucker Punch+1","Caltrops+1","Escape Plan","Cloak And Dagger","Predator","Bite","Bite","Bite","Bite","Bite","Catalyst","Endless Agony+1","Footwork","Infinite Blades","PiercingWail","Sucker Punch","After Image","Bouncing Flask+1","Cloak And Dagger","Finesse","Poisoned Stab","Prepared+1","Deadly Poison+1","Cloak And Dagger+1","Noxious Fumes+1","Backflip","Deflect+1"],"special_seed":0,"relics":["Ring of the Snake","NeowsBlessing","MawBank","Peace Pipe","Odd Mushroom","Question Card","Torii","Old Coin","Ectoplasm","Anchor","Orichalcum","ClockworkSouvenir","Strawberry","Paper Crane","Sozu","Pantograph"],"potions_floor_usage":[23,33,33,50],"damage_taken":[{"damage":0.0,"enemies":"Cultist","floor":1.0,"turns":1.0},{"damage":0.0,"enemies":"Small Slimes","floor":2.0,"turns":1.0},{"damage":0.0,"enemies":"Jaw Worm","floor":4.0,"turns":1.0},{"damage":0.0,"enemies":"Red Slaver","floor":5.0,"turns":4.0},{"damage":31.0,"enemies":"3 Sentries","floor":6.0,"turns":10.0},{"damage":26.0,"enemies":"The Mushroom Lair","floor":8.0,"turns":4.0},{"damage":0.0,"enemies":"3 Louse","floor":10.0,"turns":3.0},{"damage":2.0,"enemies":"Exordium Thugs","floor":12.0,"turns":4.0},{"damage":8.0,"enemies":"Red Slaver","floor":13.0,"turns":4.0},{"damage":2.0,"enemies":"Lagavulin","floor":14.0,"turns":7.0},{"damage":14.0,"enemies":"Hexaghost","floor":16.0,"turns":11.0},{"damage":12,"enemies":"Spheric Guardian","floor":18,"turns":4},{"damage":1,"enemies":"Shell Parasite","floor":20,"turns":5},{"damage":1,"enemies":"Snake Plant","floor":21,"turns":4},{"damage":22,"enemies":"Sentry and Sphere","floor":22,"turns":6},{"damage":5,"enemies":"Book of Stabbing","floor":23,"turns":5},{"damage":1,"enemies":"Shelled Parasite and Fungi","floor":28,"turns":5},{"damage":2,"enemies":"Snake Plant","floor":29,"turns":5},{"damage":1,"enemies":"Chosen and Byrds","floor":30,"turns":4},{"damage":34,"enemies":"Automaton","floor":33,"turns":10},{"damage":0,"enemies":"3 Shapes","floor":35,"turns":5},{"damage":2,"enemies":"3 Darklings","floor":38,"turns":7},{"damage":1,"enemies":"Jaw Worm Horde","floor":39,"turns":5},{"damage":46,"enemies":"Giant Head","floor":41,"turns":10},{"damage":1,"enemies":"Maw","floor":44,"turns":6},{"damage":0,"enemies":"Sphere and 2 Shapes","floor":45,"turns":4},{"damage":0,"enemies":"Transient","floor":46,"turns":5},{"damage":17,"enemies":"3 Darklings","floor":48,"turns":5},{"damage":83,"enemies":"Awakened One","floor":50,"turns":13}],"seed_played":"2633294672154959756","potions_obtained":[{"floor":2.0,"key":"SteroidPotion"},{"floor":4.0,"key":"Dexterity Potion"},{"floor":6.0,"key":"GhostInAJar"},{"floor":8.0,"key":"EssenceOfSteel"},{"floor":14.0,"key":"SpeedPotion"},{"floor":20,"key":"FearPotion"},{"floor":21,"key":"LiquidBronze"},{"floor":23,"key":"Explosive Potion"}],"is_trial":false,"path_per_floor":["M","M","?","M","M","E","R","?","T","M","?","M","M","E","R","B",null,"M","T","M","M","M","E","$","R","T","?","M","M","M","$","R","B",null,"M","$","?","M","M","R","E","R","T","M","M","M","$","M","R","B"],"character_chosen":"THE_SILENT","items_purchased":["Predator","ClockworkSouvenir","Strawberry","Infinite Blades","PiercingWail","Sucker Punch","Cloak And Dagger","Finesse","Poisoned Stab","Backflip"],"campfire_rested":5,"item_purchase_floors":[24,24,24,31,31,31,36,36,36,47],"current_hp_per_floor":[70,70,67,67,67,36,57,31,31,31,31,29,21,19,40,26,70,58,58,57,56,34,29,36,59,59,53,53,53,53,53,53,35,53,53,53,53,53,53,53,15,30,30,39,43,49,49,38,53,0],"gold":35,"neow_bonus":"THREE_ENEMY_KILL","is_prod":false,"is_daily":false,"chose_seed":false,"campfire_upgraded":1,"win_rate":0,"timestamp":1551214120,"path_taken":["M","M","?","M","M","E","R","?","T","M","?","M","M","E","R","BOSS","M","?","M","M","M","E","$","R","T","?","M","?","M","?","R","BOSS","M","$","?","M","M","R","E","R","T","?","M","M","$","M","R","BOSS"],"build_version":"2019-01-23","purchased_purges":0,"victory":false,"max_hp_per_floor":[70,70,70,70,70,70,70,70,70,70,70,70,70,70,70,70,70,70,70,70,70,70,70,77,77,77,53,53,53,53,53,53,53,53,53,53,53,53,53,53,53,53,53,53,53,53,53,53,53,53],"card_choices":[{"not_picked":["Prepared","Outmaneuver"],"picked":"Choke","floor":1.0},{"not_picked":["Outmaneuver","Expertise"],"picked":"Caltrops","floor":2.0},{"not_picked":["Flying Knee","Heel Hook"],"picked":"Deadly Poison","floor":4.0},{"not_picked":["Caltrops","Underhanded Strike"],"picked":"Flying Knee","floor":5.0},{"not_picked":["Accuracy","Dodge and Roll"],"picked":"Backflip","floor":6.0},{"not_picked":["Prepared","Eviscerate"],"picked":"Blur","floor":8.0},{"not_picked":["Catalyst","Underhanded Strike","Dagger Spray"],"picked":"Glass Knife","floor":10.0},{"not_picked":["Calculated Gamble","Acrobatics","Blur"],"picked":"Well Laid Plans","floor":12.0},{"not_picked":["Cloak And Dagger","Bane","Outmaneuver"],"picked":"Leg Sweep","floor":13.0},{"not_picked":["Prepared","Backstab","Heel Hook"],"picked":"A Thousand Cuts","floor":14.0},{"not_picked":["Corpse Explosion","Venomology","Burst"],"picked":"After Image","floor":16.0},{"not_picked":["Caltrops","Blade Dance","Dash"],"picked":"Poisoned Stab","floor":18},{"not_picked":["Reflex","Quick Slash","Blade Dance"],"picked":"Sucker Punch+1","floor":20},{"not_picked":["Blade Dance","Blur","Backstab"],"picked":"Caltrops+1","floor":21},{"not_picked":["Prepared+1","Outmaneuver","Poisoned Stab+1"],"picked":"Escape Plan","floor":22},{"not_picked":["Infinite Blades","Tactician","Flying Knee"],"picked":"Cloak And Dagger","floor":23},{"not_picked":["Acrobatics","Tools of the Trade","Deflect"],"picked":"Catalyst","floor":28},{"not_picked":["Bane","Tactician+1","Flying Knee"],"picked":"Endless Agony+1","floor":29},{"not_picked":["Blur","PiercingWail+1","Expertise"],"picked":"Footwork","floor":30},{"not_picked":["Envenom","Burst","A Thousand Cuts"],"picked":"After Image","floor":33},{"not_picked":["Blade Dance","Prepared","Footwork+1"],"picked":"Bouncing Flask+1","floor":35},{"not_picked":["Expertise+1","Flying Knee+1","Predator+1"],"picked":"Prepared+1","floor":38},{"not_picked":["Quick Slash","Sucker Punch+1","Bane","Slice"],"picked":"SKIP","floor":39},{"not_picked":["Bullet Time","Acrobatics","Blur"],"picked":"Deadly Poison+1","floor":41},{"not_picked":["Heel Hook","Flying Knee","Dagger Throw+1","Eviscerate+1"],"picked":"SKIP","floor":44},{"not_picked":["Sucker Punch+1","Underhanded Strike","Distraction+1"],"picked":"Cloak And Dagger+1","floor":45},{"not_picked":["Predator","Sucker Punch","Quick Slash"],"picked":"Noxious Fumes+1","floor":46},{"not_picked":["Eviscerate","Envenom","Expertise+1"],"picked":"Deflect+1","floor":48}],"player_experience":53543,"relics_obtained":[{"floor":6.0,"key":"Peace Pipe"},{"floor":8.0,"key":"Odd Mushroom"},{"floor":9.0,"key":"Question Card"},{"floor":14.0,"key":"Old Coin"},{"floor":19,"key":"Anchor"},{"floor":23,"key":"Orichalcum"},{"floor":26,"key":"Paper Crane"},{"floor":41,"key":"Pantograph"}],"event_choices":[{"damage_healed":0.0,"max_hp_gain":0.0,"max_hp_loss":0.0,"gold_gain":0.0,"event_name":"Scrap Ooze","player_choice":"Success","floor":3.0,"gold_loss":0.0,"damage_taken":3.0,"relics_obtained":["MawBank"]},{"damage_healed":0.0,"max_hp_gain":0.0,"max_hp_loss":0.0,"gold_gain":0.0,"event_name":"Mushrooms","player_choice":"Fought Mushrooms","floor":8.0,"gold_loss":0.0,"damage_taken":0.0},{"damage_healed":0.0,"max_hp_gain":0.0,"max_hp_loss":0.0,"gold_gain":0.0,"event_name":"WeMeetAgain","player_choice":"Paid Gold","floor":11.0,"gold_loss":57.0,"damage_taken":0.0,"relics_obtained":["Torii"]},{"damage_healed":0,"gold_gain":0,"player_choice":"Became a vampire","damage_taken":0,"max_hp_gain":0,"max_hp_loss":24,"event_name":"Vampires","floor":27,"gold_loss":0,"cards_obtained":["Bite","Bite","Bite","Bite","Bite"]},{"cards_removed":["Defend_G"],"damage_healed":0,"gold_gain":0,"player_choice":"Purged","damage_taken":0,"max_hp_gain":0,"max_hp_loss":0,"event_name":"Purifier","floor":37,"gold_loss":0}],"is_beta":false,"boss_relics":[{"not_picked":["Busted Crown","Empty Cage"],"picked":"Ectoplasm"},{"not_picked":["Orrery","Calling Bell"],"picked":"Sozu"}],"items_purged_floors":[],"is_endless":false,"potions_floor_spawned":[2,4,6,8,14,20,21,23,28,30,35,39,41],"killed_by":"Awakened One","ascension_level":0}