{"gold_per_floor":[109,109,69,81,95,128,128,158,158,176,195,75,93,110,110,208,208,221,78,78,96,96,96,115,115,191,204,216,235,252,285,285,385,385,405,425,219,219,232,232,248,348,372,372,389,389,389,401,401,401],"floor_reached":50,"playtime":4889,"items_purged":[],"score":507,"play_id":"63c3f11e-cd32-47aa-806a-c76b61479dcc","local_time":"20190228031334","is_ascension_mode":false,"campfire_choices":[{"floor":7,"key":"REST"},{"floor":15,"key":"REST"},{"floor":23,"key":"REST"},{"data":"Hyperbeam","floor":25,"key":"SMITH"},{"floor":32,"key":"REST"},{"floor":40,"key":"RECALL"},{"data":"Buffer","floor":46,"key":"SMITH"},{"data":"Recycle","floor":49,"key":"SMITH"}],"neow_cost":"NONE","seed_source_timestamp":8571760737977,"circlet_count":0,"master_deck":["Strike_B","Strike_B","Strike_B","Strike_B","Defend_B","Defend_B","Defend_B","Defend_B","Zap+1","Dualcast","Rebound","Go for the Eyes","Steam Power","Hyperbeam+1","Recycle+1","Turbo","Hologram","Doom and Gloom","Conserve Battery","Go for the Eyes","Echo Form","Sweeping Beam","Core Surge","FTL","Leap","Steam+1","Rebound","Conserve Battery+1","Self Repair","Skim","Buffer+1","Hyperbeam","BootSequence","Compile Driver","Streamline+1","Defragment"],"relics":["Cracked Core","Omamori","Du-Vu Doll","Bottled Flame","Nuclear Battery","Necronomicon","WarpedTongs","Question Card","Ginger","Busted Crown","Oddly Smooth Stone","Torii","Strawberry"],"potions_floor_usage":[3,4,5,6,14,16,16,16,16,30,31,33,42,44,50],"damage_taken":[{"damage":0,"enemies":"2 Louse","floor":1,"turns":2},{"damage":1,"enemies":"Jaw Worm","floor":4,"turns":2},{"damage":0,"enemies":"Cultist","floor":5,"turns":2},{"damage":34,"enemies":"Lagavulin","floor":6,"turns":6},{"damage":14,"enemies":"Gremlin Nob","floor":8,"turns":3},{"damage":10,"enemies":"Looter","floor":10,"turns":2},{"damage":0,"enemies":"Lots of Slimes","floor":11,"turns":1},{"damage":0,"enemies":"Gremlin Gang","floor":13,"turns":1},{"damage":9,"enemies":"Blue Slaver","floor":14,"turns":2},{"damage":21,"enemies":"The Guardian","floor":16,"turns":8},{"damage":27,"enemies":"Spheric Guardian","floor":18,"turns":4},{"damage":0,"enemies":"2 Thieves","floor":21,"turns":1},{"damage":0,"enemies":"Centurion and Healer","floor":24,"turns":2},{"damage":3,"enemies":"Snake Plant","floor":27,"turns":2},{"damage":0,"enemies":"Shelled Parasite and Fungi","floor":28,"turns":1},{"damage":0,"enemies":"Chosen and Byrds","floor":29,"turns":3},{"damage":0,"enemies":"Cultist and Chosen","floor":30,"turns":2},{"damage":10,"enemies":"Gremlin Leader","floor":31,"turns":3},{"damage":19,"enemies":"Champ","floor":33,"turns":10},{"damage":0,"enemies":"Orb Walker","floor":35,"turns":1},{"damage":0,"enemies":"3 Shapes","floor":36,"turns":1},{"damage":18,"enemies":"Maw","floor":39,"turns":6},{"damage":0,"enemies":"3 Darklings","floor":41,"turns":1},{"damage":0,"enemies":"Mind Bloom Boss Battle","floor":42,"turns":3},{"damage":0,"enemies":"Writhing Mass","floor":44,"turns":3},{"damage":0,"enemies":"Sphere and 2 Shapes","floor":45,"turns":1},{"damage":0,"enemies":"4 Shapes","floor":48,"turns":1},{"damage":93,"enemies":"Time Eater","floor":50,"turns":15}],"seed_played":"-160760819750782459","potions_obtained":[{"floor":3,"key":"Fruit Juice"},{"floor":3,"key":"EntropicBrew"},{"floor":3,"key":"EntropicBrew"},{"floor":4,"key":"Explosive Potion"},{"floor":5,"key":"Regen Potion"},{"floor":10,"key":"FocusPotion"},{"floor":11,"key":"SteroidPotion"},{"floor":18,"key":"SmokeBomb"},{"floor":21,"key":"FocusPotion"},{"floor":30,"key":"GamblersBrew"},{"floor":39,"key":"AttackPotion"},{"floor":41,"key":"Dexterity Potion"},{"floor":42,"key":"Swift Potion"},{"floor":48,"key":"Poison Potion"}],"is_trial":false,"path_per_floor":["M","?","?","M","M","E","R","E","T","M","M","$","M","M","R","B",null,"M","$","?","M","?","R","M","R","T","M","M","M","M","E","R","B",null,"M","M","$","?","M","R","M","?","T","M","M","R","T","M","R","B"],"character_chosen":"DEFECT","items_purchased":["Doom and Gloom","Conserve Battery","Core Surge","FTL","Compile Driver","Oddly Smooth Stone"],"campfire_rested":4,"item_purchase_floors":[12,12,19,19,37,37],"current_hp_per_floor":[75,75,80,79,79,45,69,55,55,45,45,45,45,41,65,44,80,53,53,37,37,37,61,61,61,61,58,58,58,58,48,72,53,80,80,80,80,80,69,69,69,69,69,79,79,79,86,86,86,0],"gold":401,"neow_bonus":"UPGRADE_CARD","is_prod":false,"is_daily":false,"chose_seed":false,"campfire_upgraded":3,"win_rate":0,"timestamp":1551341614,"path_taken":["M","?","?","M","M","E","R","E","T","M","M","$","M","M","R","BOSS","M","$","?","M","?","R","M","R","T","M","M","?","M","E","R","BOSS","M","?","$","?","M","R","M","?","T","M","M","R","?","M","R","BOSS"],"build_version":"2019-01-23","purchased_purges":0,"victory":false,"max_hp_per_floor":[75,75,80,80,80,80,80,80,80,80,80,80,80,80,80,80,80,80,80,80,80,80,80,80,80,80,80,80,80,80,80,80,80,80,80,80,80,80,80,80,80,80,80,80,80,80,87,87,87,87],"card_choices":[{"not_picked":["Hello World","Chaos"],"picked":"Rebound","floor":1},{"not_picked":["Sweeping Beam","Hologram"],"picked":"Go for the Eyes","floor":4},{"not_picked":["Aggregate","Undo"],"picked":"Steam Power","floor":5},{"not_picked":["Cold Snap","Turbo"],"picked":"Hyperbeam","floor":6},{"not_picked":["Redo","Stack"],"picked":"Recycle","floor":8},{"not_picked":["Steam","Redo"],"picked":"Turbo","floor":10},{"not_picked":["Scrape","Creative AI"],"picked":"Hologram","floor":11},{"not_picked":["Ball Lightning","Redo"],"picked":"Go for the Eyes","floor":13},{"not_picked":["Aggregate","Turbo","Cold Snap"],"picked":"SKIP","floor":14},{"not_picked":["Biased Cognition","Rainbow"],"picked":"Echo Form","floor":16},{"not_picked":["Barrage","Aggregate+1"],"picked":"Sweeping Beam","floor":18},{"not_picked":["Defragment","Loop+1"],"picked":"Leap","floor":21},{"not_picked":["Rip and Tear","BootSequence"],"picked":"Steam+1","floor":24},{"not_picked":["Gash","Ball Lightning","Redo+1"],"picked":"Rebound","floor":27},{"not_picked":["Barrage","Gash","Go for the Eyes+1"],"picked":"Conserve Battery+1","floor":28},{"not_picked":["Redo+1","Stack","Chill"],"picked":"Self Repair","floor":29},{"not_picked":["Redo","Hologram","Capacitor"],"picked":"Skim","floor":30},{"not_picked":["Gash","Turbo","Melter"],"picked":"Buffer","floor":31},{"not_picked":["Machine Learning","Thunder Strike","Fission"],"picked":"Hyperbeam","floor":33},{"not_picked":["Lockon"],"picked":"BootSequence","floor":35},{"not_picked":["Chill","Coolheaded+1"],"picked":"SKIP","floor":36},{"not_picked":["Scrape","Gash"],"picked":"SKIP","floor":39},{"not_picked":["Leap+1","Ball Lightning"],"picked":"SKIP","floor":41},{"not_picked":["Defragment"],"picked":"Streamline+1","floor":45},{"not_picked":["Rebound"],"picked":"Defragment","floor":48}],"player_experience":91909,"relics_obtained":[{"floor":6,"key":"Omamori"},{"floor":8,"key":"Du-Vu Doll"},{"floor":9,"key":"Bottled Flame"},{"floor":20,"key":"Necronomicon"},{"floor":26,"key":"Question Card"},{"floor":31,"key":"Ginger"},{"floor":42,"key":"Torii"},{"floor":47,"key":"Strawberry"}],"event_choices":[{"damage_healed":0,"gold_gain":0,"player_choice":"Ignored","damage_taken":0,"max_hp_gain":0,"max_hp_loss":0,"event_name":"Liars Game","floor":2,"gold_loss":0},{"damage_healed":0,"gold_gain":0,"player_choice":"Bought 3 Potions","damage_taken":0,"max_hp_gain":0,"max_hp_loss":0,"event_name":"The Woman in Blue","floor":3,"gold_loss":0},{"damage_healed":0,"gold_gain":0,"player_choice":"Obtained Book","damage_taken":16,"max_hp_gain":0,"max_hp_loss":0,"event_name":"Cursed Tome","floor":20,"gold_loss":0},{"damage_healed":0,"gold_gain":0,"player_choice":"Rummage","damage_taken":0,"relics_obtained":["WarpedTongs"],"max_hp_gain":0,"max_hp_loss":0,"event_name":"Accursed Blacksmith","floor":22,"gold_loss":0,"cards_obtained":["Pain"]},{"damage_healed":0,"gold_gain":0,"player_choice":"Ignored","damage_taken":0,"max_hp_gain":0,"max_hp_loss":0,"event_name":"Tomb of Lord Red Mask","floor":38,"gold_loss":0},{"damage_healed":0,"gold_gain":0,"player_choice":"Fight","damage_taken":0,"max_hp_gain":0,"max_hp_loss":0,"event_name":"MindBloom","floor":42,"gold_loss":0}],"is_beta":false,"boss_relics":[{"not_picked":["Astrolabe","Empty Cage"],"picked":"Nuclear Battery"},{"not_picked":["Cursed Key","Black Star"],"picked":"Busted Crown"}],"items_purged_floors":[],"is_endless":false,"potions_floor_spawned":[4,5,10,11,13,18,21,30,39,41,42,48],"killed_by":"Time Eater","ascension_level":0}