{"gold_per_floor":[119,13,13,88,105,136,147,147,171,199,211,224,224,149,149,222,222,239,253,253,276,276,276,296,296,320,340,360,360,37,48,48,48],"floor_reached":33,"playtime":3078,"items_purged":["Strike_R"],"score":589,"play_id":"f302b4d4-b07e-4b09-ad77-4c4336bb165e","local_time":"20190120181700","is_ascension_mode":true,"campfire_choices":[{"data":"Cleave","floor":8.0,"key":"SMITH"},{"data":"Whirlwind","floor":15.0,"key":"SMITH"},{"data":"Fiend Fire","floor":23.0,"key":"SMITH"},{"data":"Feel No Pain","floor":25.0,"key":"SMITH"},{"data":"Anger","floor":29.0,"key":"SMITH"},{"data":"Bash","floor":32.0,"key":"SMITH"}],"neow_cost":"NONE","seed_source_timestamp":1550639657500,"circlet_count":0,"master_deck":["AscendersBane","Defend_R+1","Defend_R","Defend_R","Defend_R","Bash+1","Clothesline+1","Shrug It Off","Cleave+1","Heavy Blade","Impervious+1","Whirlwind+1","Feel No Pain+1","Fiend Fire+1","Shockwave+1","Second Wind","Bite","Bite","Bite","Bite","Bite","Body Slam+1","Anger+1","True Grit+1","Infernal Blade+1"],"special_seed":0,"relics":["Burning Blood","NeowsBlessing","War Paint","Pen Nib","Happy Flower","Ancient Tea Set","Runic Pyramid","Centennial Puzzle","PreservedInsect","Toxic Egg 2"],"potions_floor_usage":[],"damage_taken":[{"damage":0.0,"enemies":"2 Louse","floor":1.0,"turns":1.0},{"damage":0.0,"enemies":"Jaw Worm","floor":5.0,"turns":1.0},{"damage":0.0,"enemies":"Lagavulin","floor":6.0,"turns":1.0},{"damage":1.0,"enemies":"Small Slimes","floor":7.0,"turns":3.0},{"damage":14.0,"enemies":"3 Sentries","floor":10.0,"turns":6.0},{"damage":0.0,"enemies":"2 Fungi Beasts","floor":11.0,"turns":3.0},{"damage":0.0,"enemies":"Exordium Wildlife","floor":12.0,"turns":2.0},{"damage":44.0,"enemies":"The Guardian","floor":16.0,"turns":10.0},{"damage":19.0,"enemies":"2 Thieves","floor":18.0,"turns":3.0},{"damage":9.0,"enemies":"Chosen","floor":19.0,"turns":3.0},{"damage":0.0,"enemies":"Snake Plant","floor":24.0,"turns":2.0},{"damage":0.0,"enemies":"Sentry and Sphere","floor":27.0,"turns":2.0},{"damage":4.0,"enemies":"3 Cultists","floor":28.0,"turns":4.0},{"damage":0.0,"enemies":"Cultist and Chosen","floor":31.0,"turns":4.0},{"damage":77,"enemies":"Champ","floor":33,"turns":11}],"seed_played":"-6826690786080640346","potions_obtained":[{"floor":5.0,"key":"BloodPotion"},{"floor":6.0,"key":"Strength Potion"},{"floor":11.0,"key":"EssenceOfSteel"},{"floor":18.0,"key":"Explosive Potion"}],"is_trial":false,"path_per_floor":["M","$","?","?","M","E","M","R","T","E","M","M","?","$","R","B",null,"M","M","?","T","?","R","M","R","T","M","M","R","$","M","R","B"],"character_chosen":"IRONCLAD","items_purchased":["Shrug It Off","Cleave","Toxic Egg 2","True Grit+1"],"campfire_rested":0,"item_purchase_floors":[2,2,30,30],"current_hp_per_floor":[74,74,74,63,69,75,75,75,75,67,73,75,75,75,75,37,66,53,50,50,50,50,50,52,52,52,52,52,52,52,52,52,0],"gold":48,"neow_bonus":"THREE_ENEMY_KILL","is_prod":false,"is_daily":false,"chose_seed":false,"campfire_upgraded":6,"win_rate":0,"timestamp":1548026220,"path_taken":["M","$","?","?","M","E","M","R","T","E","M","?","?","$","R","BOSS","M","?","?","?","?","R","?","R","T","M","M","R","$","M","R","BOSS"],"build_version":"2019-01-17v2","purchased_purges":1,"victory":false,"max_hp_per_floor":[75,75,75,75,75,75,75,75,75,75,75,75,75,75,75,75,75,75,75,75,75,52,52,52,52,52,52,52,52,52,52,52,52],"card_choices":[{"not_picked":["Thunderclap","Pummel"],"picked":"Clothesline","floor":1.0},{"not_picked":["Reckless Charge","Uppercut"],"picked":"Heavy Blade","floor":5.0},{"not_picked":["Spot Weakness","Cleave"],"picked":"Impervious","floor":6.0},{"not_picked":["Warcry","Wild Strike","Sword Boomerang"],"picked":"SKIP","floor":7.0},{"not_picked":["Clash","Thunderclap","Burning Pact"],"picked":"SKIP","floor":10.0},{"not_picked":["Body Slam","Thunderclap"],"picked":"Whirlwind","floor":11.0},{"not_picked":["Shrug It Off","Headbutt"],"picked":"Feel No Pain","floor":12.0},{"not_picked":["Offering","Berserk"],"picked":"Fiend Fire","floor":16.0},{"not_picked":["Ghostly Armor","Sword Boomerang","Carnage"],"picked":"SKIP","floor":18.0},{"not_picked":["Thunderclap","Pommel Strike"],"picked":"Shockwave+1","floor":19.0},{"not_picked":["Sword Boomerang","Blood for Blood"],"picked":"Body Slam+1","floor":24.0},{"not_picked":["Iron Wave","Thunderclap"],"picked":"Anger","floor":27.0},{"not_picked":["Cleave","Seeing Red","Dropkick"],"picked":"SKIP","floor":28.0},{"not_picked":["Anger","Flex+1"],"picked":"Infernal Blade+1","floor":31.0}],"player_experience":2995367,"relics_obtained":[{"floor":6.0,"key":"War Paint"},{"floor":9.0,"key":"Pen Nib"},{"floor":10.0,"key":"Happy Flower"},{"floor":21.0,"key":"Centennial Puzzle"},{"floor":26.0,"key":"PreservedInsect"}],"event_choices":[{"damage_healed":0.0,"max_hp_gain":0.0,"max_hp_loss":0.0,"gold_gain":0.0,"event_name":"Living Wall","player_choice":"Grow","floor":3.0,"gold_loss":0.0,"damage_taken":0.0,"cards_upgraded":["Clothesline"]},{"damage_healed":0.0,"max_hp_gain":0.0,"max_hp_loss":0.0,"gold_gain":75.0,"event_name":"World of Goop","player_choice":"Gather Gold","floor":4.0,"gold_loss":0.0,"damage_taken":11.0},{"damage_healed":0.0,"max_hp_gain":0.0,"max_hp_loss":0.0,"gold_gain":0.0,"event_name":"WeMeetAgain","player_choice":"Gave Potion","floor":13.0,"gold_loss":0.0,"damage_taken":0.0,"relics_obtained":["Ancient Tea Set"]},{"damage_healed":0.0,"max_hp_gain":0.0,"max_hp_loss":0.0,"gold_gain":0.0,"event_name":"The Library","player_choice":"Read","floor":20.0,"gold_loss":0.0,"damage_taken":0.0,"cards_obtained":["Second Wind"]},{"damage_healed":0.0,"max_hp_gain":0.0,"max_hp_loss":23.0,"gold_gain":0.0,"event_name":"Vampires","player_choice":"Became a vampire","floor":22.0,"gold_loss":0.0,"damage_taken":0.0,"cards_obtained":["Bite","Bite","Bite","Bite","Bite"]}],"is_beta":false,"boss_relics":[{"not_picked":["Tiny House","Sozu"],"picked":"Runic Pyramid"}],"items_purged_floors":[14],"is_endless":false,"potions_floor_spawned":[5,6,11,12,18],"killed_by":"Champ","ascension_level":20}