{"gold_per_floor":[111,111,20,20,40,40,71,71,97,128,128,147,159,172,172,277,277,288,288,288,32,32,32,58,58,105,105,122,140,33,33,33,138,138,156,32,44,44,0,0,100,133,207,207,217,56,56,75,75,75,75,75,0,25,25],"floor_reached":55,"playtime":5822,"items_purged":[],"score":805,"play_id":"a9122002-435e-4617-a341-5050ae1a6d22","local_time":"20190320095901","is_ascension_mode":true,"campfire_choices":[{"floor":6,"key":"REST"},{"data":"Zap","floor":8,"key":"SMITH"},{"floor":15,"key":"REST"},{"floor":23,"key":"REST"},{"floor":25,"key":"REST"},{"data":"Dualcast","floor":27,"key":"SMITH"},{"data":"White Noise","floor":32,"key":"SMITH"},{"floor":40,"key":"RECALL"},{"floor":44,"key":"REST"},{"data":"Defragment","floor":47,"key":"SMITH"},{"data":"Loop","floor":49,"key":"SMITH"},{"data":"Capacitor","floor":52,"key":"SMITH"}],"neow_cost":"NONE","seed_source_timestamp":148601140799136,"circlet_count":0,"master_deck":["Strike_B+1","Strike_B+1","Defend_B","Defend_B","Defend_B","Defend_B","Zap+1","Dualcast+1","White Noise+1","Loop+1","Compile Driver","BootSequence","Go for the Eyes","All For One+1","Streamline+1","Self Repair","Chill","Rainbow","Hologram+1","Steam","Capacitor+1","Doom and Gloom+1","Blizzard+1","Go for the Eyes+1","Ball Lightning+1","Ball Lightning+1","Bandage Up","Ghostly","Ghostly","Ghostly","Ghostly","Ghostly","Multi-Cast","Coolheaded","Glacier","Defragment+1","Sweeping Beam+1","Sunder+1","Cold Snap+1","Double Energy+1","Cold Snap+1","Flash of Steel+1","Blizzard+1"],"relics":["FrozenCore","NeowsBlessing","Centennial Puzzle","The Courier","Molten Egg 2","Enchiridion","Pantograph","Blood Vial","Potion Belt","Velvet Choker","Red Mask","Gambling Chip","Ancient Tea Set","Mercury Hourglass","Cauldron","Ornamental Fan"],"potions_floor_usage":[16,24,33,33,42,48,48,50,50,50,50,55,55,55,55],"damage_taken":[{"damage":0,"enemies":"2 Louse","floor":1,"turns":1},{"damage":0,"enemies":"Small Slimes","floor":5,"turns":1},{"damage":0,"enemies":"Lagavulin","floor":7,"turns":1},{"damage":26,"enemies":"Gremlin Nob","floor":10,"turns":4},{"damage":1,"enemies":"Cultist","floor":12,"turns":3},{"damage":2,"enemies":"Looter","floor":13,"turns":3},{"damage":0,"enemies":"Large Slime","floor":14,"turns":3},{"damage":31,"enemies":"The Guardian","floor":16,"turns":11},{"damage":23,"enemies":"2 Thieves","floor":18,"turns":4},{"damage":39,"enemies":"Gremlin Leader","floor":24,"turns":6},{"damage":21,"enemies":"3 Byrds","floor":28,"turns":4},{"damage":31,"enemies":"3 Cultists","floor":29,"turns":6},{"damage":19,"enemies":"Champ","floor":33,"turns":10},{"damage":9,"enemies":"3 Darklings","floor":35,"turns":5},{"damage":0,"enemies":"Orb Walker","floor":37,"turns":4},{"damage":0,"enemies":"Mind Bloom Boss Battle","floor":41,"turns":10},{"damage":31,"enemies":"Giant Head","floor":42,"turns":10},{"damage":0,"enemies":"Jaw Worm Horde","floor":45,"turns":5},{"damage":0,"enemies":"Spire Growth","floor":48,"turns":4},{"damage":32,"enemies":"Time Eater","floor":50,"turns":15},{"damage":21,"enemies":"Shield and Spear","floor":54,"turns":10},{"damage":35,"enemies":"The Heart","floor":55,"turns":5}],"seed_played":"-7465429469788348965","potions_obtained":[{"floor":7,"key":"SteroidPotion"},{"floor":13,"key":"Block Potion"},{"floor":16,"key":"Swift Potion"},{"floor":18,"key":"SpeedPotion"},{"floor":24,"key":"Strength Potion"},{"floor":28,"key":"PowerPotion"},{"floor":35,"key":"AttackPotion"},{"floor":41,"key":"Dexterity Potion"},{"floor":46,"key":"EntropicBrew"},{"floor":46,"key":"Dexterity Potion"},{"floor":54,"key":"LiquidBronze"}],"is_trial":false,"path_per_floor":["M","?","$","?","M","R","E","R","T","E","?","M","M","M","R","B",null,"M","?","?","$","?","R","E","R","T","R","M","M","$","?","R","B",null,"M","$","M","?","?","R","?","E","T","R","M","$","R","M","R","B",null,"R","$","E","B"],"character_chosen":"DEFECT","items_purchased":["Loop","Compile Driver","Pantograph","Doom and Gloom+1","Ball Lightning+1","Bandage Up","Glacier","Defragment","Sweeping Beam+1","Cauldron","Flash of Steel+1"],"campfire_rested":5,"item_purchase_floors":[3,3,21,21,30,30,36,36,36,46,53],"current_hp_per_floor":[75,50,50,35,35,57,57,57,57,31,31,30,28,28,50,26,75,59,59,43,43,43,65,33,55,55,55,43,21,21,21,21,33,37,37,37,37,35,35,35,35,15,15,25,35,35,35,35,35,14,35,35,35,21,0],"gold":25,"neow_bonus":"THREE_ENEMY_KILL","is_prod":false,"is_daily":false,"chose_seed":false,"campfire_upgraded":6,"win_rate":0,"timestamp":1553090341,"path_taken":["M","?","$","?","M","R","E","R","T","E","?","M","?","M","R","BOSS","M","?","?","$","?","R","E","R","T","R","?","M","$","?","R","BOSS","M","$","M","?","?","R","?","E","T","R","M","$","R","M","R","BOSS","R","$","E","BOSS"],"build_version":"2019-01-23","purchased_purges":0,"victory":false,"max_hp_per_floor":[75,75,75,75,75,75,75,75,75,75,75,75,75,75,75,75,75,75,75,75,75,75,75,75,75,75,75,75,75,75,37,37,37,37,37,37,37,35,35,35,35,35,35,35,35,35,35,35,35,35,35,35,35,35,35],"card_choices":[{"not_picked":["Barrage","Sweeping Beam"],"picked":"White Noise","floor":1},{"not_picked":["Hello World","Beam Cell"],"picked":"BootSequence","floor":5},{"not_picked":["Gash","Rip and Tear"],"picked":"Go for the Eyes","floor":7},{"not_picked":["Stack","Consume"],"picked":"All For One","floor":10},{"not_picked":["Undo","Redo"],"picked":"Streamline+1","floor":12},{"not_picked":["Aggregate","Capacitor"],"picked":"Self Repair","floor":13},{"not_picked":["Compile Driver+1","Streamline+1"],"picked":"Chill","floor":14},{"not_picked":["Amplify","Hyperbeam+1"],"picked":"Rainbow","floor":16},{"not_picked":["Stack+1","Compile Driver+1"],"picked":"Hologram+1","floor":18},{"not_picked":["Chill","Leap"],"picked":"Blizzard+1","floor":24},{"not_picked":["Beam Cell+1","Compile Driver+1"],"picked":"Go for the Eyes+1","floor":28},{"not_picked":["Streamline+1","Multi-Cast"],"picked":"Ball Lightning+1","floor":29},{"not_picked":["Rainbow","Creative AI"],"picked":"Multi-Cast","floor":33},{"not_picked":["Beam Cell+1","Streamline+1"],"picked":"Coolheaded","floor":35},{"not_picked":["Beam Cell+1","Darkness"],"picked":"Sunder+1","floor":37},{"not_picked":["Chill","Defragment"],"picked":"Cold Snap+1","floor":41},{"not_picked":["Compile Driver+1","Redo+1"],"picked":"Double Energy+1","floor":42},{"not_picked":["Stack","Streamline+1"],"picked":"Cold Snap+1","floor":45},{"not_picked":["Gash+1","Steam Power","Self Repair+1"],"picked":"SKIP","floor":48},{"not_picked":["Conserve Battery","Steam"],"picked":"Blizzard+1","floor":54}],"player_experience":306907,"relics_obtained":[{"floor":7,"key":"The Courier"},{"floor":10,"key":"Molten Egg 2"},{"floor":20,"key":"Enchiridion"},{"floor":24,"key":"Blood Vial"},{"floor":26,"key":"Potion Belt"},{"floor":41,"key":"Gambling Chip"},{"floor":42,"key":"Ancient Tea Set"},{"floor":43,"key":"Mercury Hourglass"},{"floor":54,"key":"Ornamental Fan"}],"event_choices":[{"damage_healed":0,"gold_gain":0,"player_choice":"Success","damage_taken":25,"relics_obtained":["Centennial Puzzle"],"max_hp_gain":0,"max_hp_loss":0,"event_name":"Scrap Ooze","floor":2,"gold_loss":0},{"damage_healed":0,"gold_gain":0,"player_choice":"Entered Light","damage_taken":15,"max_hp_gain":0,"max_hp_loss":0,"event_name":"Shining Light","floor":4,"gold_loss":0,"cards_upgraded":["Strike_B","Strike_B"]},{"damage_healed":0,"gold_gain":0,"player_choice":"Ignored","damage_taken":0,"max_hp_gain":0,"max_hp_loss":0,"event_name":"NoteForYourself","floor":11,"gold_loss":0},{"damage_healed":0,"gold_gain":0,"cards_transformed":["Strike_B","Strike_B"],"player_choice":"Became Test Subject","damage_taken":0,"max_hp_gain":0,"max_hp_loss":0,"event_name":"Drug Dealer","floor":19,"gold_loss":0,"cards_obtained":["Steam","Capacitor"]},{"damage_healed":0,"gold_gain":0,"player_choice":"Obtained Book","damage_taken":16,"max_hp_gain":0,"max_hp_loss":0,"event_name":"Cursed Tome","floor":20,"gold_loss":0},{"damage_healed":0,"gold_gain":0,"player_choice":"Ignored","damage_taken":0,"max_hp_gain":0,"max_hp_loss":0,"event_name":"Beggar","floor":22,"gold_loss":0},{"damage_healed":0,"gold_gain":0,"player_choice":"Became a Ghost","damage_taken":0,"max_hp_gain":0,"max_hp_loss":38,"event_name":"Ghosts","floor":31,"gold_loss":0,"cards_obtained":["Ghostly","Ghostly","Ghostly","Ghostly","Ghostly"]},{"damage_healed":0,"gold_gain":0,"player_choice":"Max HP","damage_taken":0,"max_hp_gain":0,"max_hp_loss":2,"event_name":"Winding Halls","floor":38,"gold_loss":0},{"damage_healed":0,"gold_gain":0,"player_choice":"Paid","damage_taken":0,"relics_obtained":["Red Mask"],"max_hp_gain":0,"max_hp_loss":0,"event_name":"Tomb of Lord Red Mask","floor":39,"gold_loss":44},{"damage_healed":0,"gold_gain":0,"player_choice":"Fight","damage_taken":0,"max_hp_gain":0,"max_hp_loss":0,"event_name":"MindBloom","floor":41,"gold_loss":0}],"is_beta":false,"boss_relics":[{"not_picked":["Tiny House","Ectoplasm"],"picked":"FrozenCore"},{"not_picked":["Black Star","Pandora\u0027s Box"],"picked":"Velvet Choker"}],"items_purged_floors":[],"is_endless":false,"potions_floor_spawned":[7,13,16,18,24,28,35,41,54],"killed_by":"The Heart","ascension_level":1}