{"gold_per_floor":[216,5,5,15,190,190,223,223,223,257,257,271,271,302,302,403,403,423,423,8,8,28,28],"floor_reached":23,"playtime":1283,"items_purged":["Strike_R"],"score":297,"play_id":"f404f509-fa41-4282-a948-3cb2b985067e","local_time":"20190321145529","is_ascension_mode":true,"campfire_choices":[{"data":"Bash","floor":6,"key":"SMITH"},{"data":"Uppercut","floor":8,"key":"SMITH"},{"data":"Armaments","floor":13,"key":"SMITH"},{"floor":15,"key":"REST"}],"neow_cost":"NONE","seed_source_timestamp":990371420229099,"circlet_count":0,"master_deck":["Strike_R","Strike_R+1","Defend_R","Defend_R","Defend_R","Defend_R","Bash+1","Iron Wave+1","Shrug It Off","Doubt","Uppercut+1","Heavy Blade","Armaments+1","Shockwave","Impervious","Pommel Strike+1","Battle Trance","Disarm"],"relics":["Burning Blood","Bag of Preparation","Boot","Omamori","Charon\u0027s Ashes","Paper Frog","Philosopher\u0027s Stone","Matryoshka"],"potions_floor_usage":[10,14,16],"damage_taken":[{"damage":1,"enemies":"Cultist","floor":1,"turns":3},{"damage":1,"enemies":"Small Slimes","floor":4,"turns":4},{"damage":28,"enemies":"3 Sentries","floor":7,"turns":13},{"damage":10,"enemies":"Gremlin Nob","floor":10,"turns":4},{"damage":0,"enemies":"2 Louse","floor":12,"turns":2},{"damage":23,"enemies":"3 Sentries","floor":14,"turns":6},{"damage":40,"enemies":"The Guardian","floor":16,"turns":13},{"damage":4,"enemies":"Shell Parasite","floor":18,"turns":6},{"damage":15,"enemies":"Spheric Guardian","floor":22,"turns":5},{"damage":47,"enemies":"Gremlin Leader","floor":23,"turns":6}],"seed_played":"-8662947315189639080","potions_obtained":[{"floor":7,"key":"PowerPotion"},{"floor":10,"key":"SkillPotion"},{"floor":12,"key":"EssenceOfSteel"}],"is_trial":false,"path_per_floor":["M","$","?","M","?","R","E","R","T","E","?","M","R","E","R","B",null,"M","?","$","?","M","E"],"character_chosen":"IRONCLAD","items_purchased":["Bag of Preparation","Iron Wave","Battle Trance","Matryoshka"],"campfire_rested":1,"item_purchase_floors":[2,2,20,20],"current_hp_per_floor":[77,77,61,66,66,66,44,44,44,40,40,46,46,29,53,19,65,67,52,52,52,43,0],"gold":28,"neow_bonus":"HUNDRED_GOLD","is_prod":false,"is_daily":false,"chose_seed":false,"campfire_upgraded":3,"win_rate":0,"timestamp":1553194529,"path_taken":["M","?","?","M","?","R","E","R","T","E","?","?","R","E","R","BOSS","M","?","$","?","?","E"],"build_version":"2019-01-23","purchased_purges":1,"victory":false,"max_hp_per_floor":[80,80,80,80,80,80,80,80,80,80,80,80,80,80,80,80,80,80,85,85,85,85,85],"card_choices":[{"not_picked":["Thunderclap","Searing Blow","Cleave"],"picked":"SKIP","floor":1},{"not_picked":["Flex","Warcry"],"picked":"Shrug It Off","floor":4},{"not_picked":["Pummel","Corruption"],"picked":"Uppercut","floor":7},{"not_picked":["Clash","Iron Wave"],"picked":"Heavy Blade","floor":10},{"not_picked":["Sword Boomerang","Wild Strike"],"picked":"Armaments","floor":12},{"not_picked":["Sword Boomerang","Clash"],"picked":"Shockwave","floor":14},{"not_picked":["Juggernaut","Reaper"],"picked":"Impervious","floor":16},{"not_picked":["Searing Blow","Rage+1"],"picked":"Pommel Strike+1","floor":18},{"not_picked":["Flex+1","Hemokinesis+1"],"picked":"Disarm","floor":22}],"player_experience":246672,"relics_obtained":[{"floor":7,"key":"Boot"},{"floor":9,"key":"Omamori"},{"floor":10,"key":"Charon\u0027s Ashes"},{"floor":14,"key":"Paper Frog"}],"event_choices":[{"damage_healed":0,"gold_gain":0,"player_choice":"Entered Light","damage_taken":16,"max_hp_gain":0,"max_hp_loss":0,"event_name":"Shining Light","floor":3,"gold_loss":0,"cards_upgraded":["Iron Wave","Strike_R"]},{"damage_healed":0,"gold_gain":175,"player_choice":"AGREE","damage_taken":0,"max_hp_gain":0,"max_hp_loss":0,"event_name":"Liars Game","floor":5,"gold_loss":0,"cards_obtained":["Doubt"]},{"cards_removed":["Strike_R"],"damage_healed":0,"gold_gain":0,"player_choice":"Forget","damage_taken":0,"max_hp_gain":0,"max_hp_loss":0,"event_name":"Living Wall","floor":11,"gold_loss":0},{"damage_healed":0,"gold_gain":0,"player_choice":"Shed Blood","damage_taken":20,"max_hp_gain":5,"max_hp_loss":0,"event_name":"Forgotten Altar","floor":19,"gold_loss":0},{"cards_removed":["Strike_R"],"damage_healed":0,"gold_gain":0,"player_choice":"Purged","damage_taken":0,"max_hp_gain":0,"max_hp_loss":0,"event_name":"Purifier","floor":21,"gold_loss":0}],"is_beta":false,"boss_relics":[{"not_picked":["Astrolabe","Lizard Tail"],"picked":"Philosopher\u0027s Stone"}],"items_purged_floors":[20],"is_endless":false,"potions_floor_spawned":[7,10,12],"killed_by":"Gremlin Leader","ascension_level":9}