{"gold_per_floor":[112,112,187,152,152,184,200,200,200,83,83,104,124,155,155,246,246,265,265,85,109,127,127,148,148],"floor_reached":25,"playtime":3252,"items_purged":["Regret","Writhe"],"score":472,"play_id":"c8ffe992-b591-4b8c-a3a7-9859ecda01fb","local_time":"20190207144203","is_ascension_mode":true,"campfire_choices":[{"data":"Zap","floor":8.0,"key":"SMITH"},{"floor":15.0,"key":"REST"},{"floor":23,"key":"REST"}],"neow_cost":"NONE","seed_source_timestamp":13542741799142,"circlet_count":0,"master_deck":["AscendersBane","Strike_B","Strike_B","Strike_B","Defend_B","Defend_B","Defend_B","Defend_B","Zap+1","Dualcast","Go for the Eyes","Sweeping Beam","Consume","Ball Lightning","Glacier","Genetic Algorithm","Coolheaded","Compile Driver","Seek","Cold Snap+1","Defragment+1","Compile Driver","Capacitor+1","Darkness"],"special_seed":0,"relics":["FrozenCore","NeowsBlessing","DataDisk","Strawberry","Gremlin Horn","Golden Idol","Torii","Frozen Egg 2"],"potions_floor_usage":[21,21,24],"damage_taken":[{"damage":0.0,"enemies":"2 Louse","floor":1.0,"turns":1.0},{"damage":0.0,"enemies":"3 Sentries","floor":6.0,"turns":1.0},{"damage":0.0,"enemies":"Small Slimes","floor":7.0,"turns":1.0},{"damage":2.0,"enemies":"Jaw Worm","floor":12.0,"turns":3.0},{"damage":8.0,"enemies":"Large Slime","floor":13.0,"turns":4.0},{"damage":32.0,"enemies":"Lagavulin","floor":14.0,"turns":5.0},{"damage":28.0,"enemies":"Slime Boss","floor":16.0,"turns":12.0},{"damage":0,"enemies":"Shell Parasite","floor":18,"turns":7},{"damage":4,"enemies":"3 Byrds","floor":21,"turns":5},{"damage":9,"enemies":"Snake Plant","floor":22,"turns":6},{"damage":7,"enemies":"Snecko","floor":24,"turns":7},{"damage":67,"enemies":"Slavers","floor":25,"turns":6}],"seed_played":"-3341470538704994490","potions_obtained":[{"floor":6.0,"key":"Strength Potion"},{"floor":16.0,"key":"Block Potion"},{"floor":18,"key":"Explosive Potion"},{"floor":21,"key":"EssenceOfSteel"},{"floor":22,"key":"AttackPotion"}],"is_trial":false,"path_per_floor":["M","?","?","?","?","E","M","R","T","$","?","M","M","E","R","B",null,"M","?","$","M","M","R","M","E"],"character_chosen":"DEFECT","items_purchased":["Glacier","Defragment+1"],"campfire_rested":2,"item_purchase_floors":[10,20],"current_hp_per_floor":[64,64,53,70,70,77,77,77,77,77,71,69,61,29,50,22,59,59,59,59,55,46,67,60,0],"gold":148,"neow_bonus":"THREE_ENEMY_KILL","is_prod":false,"is_daily":false,"chose_seed":false,"campfire_upgraded":1,"win_rate":0,"timestamp":1549568523,"path_taken":["M","?","?","?","?","E","M","R","T","$","?","M","?","E","R","BOSS","M","?","$","M","M","R","M","E"],"build_version":"2019-01-23","purchased_purges":2,"victory":false,"max_hp_per_floor":[71,71,71,71,71,78,78,78,78,78,71,71,71,71,71,71,71,71,71,71,71,71,71,71,71],"card_choices":[{"not_picked":["Lockon","Beam Cell"],"picked":"Go for the Eyes","floor":1.0},{"not_picked":["Steam","Gash"],"picked":"Consume","floor":6.0},{"not_picked":["Hologram","Sunder"],"picked":"Ball Lightning","floor":7.0},{"not_picked":["Steam","Beam Cell"],"picked":"Genetic Algorithm","floor":12.0},{"not_picked":["Turbo","Rebound"],"picked":"Coolheaded","floor":13.0},{"not_picked":["Static Discharge","Double Energy"],"picked":"Compile Driver","floor":14.0},{"not_picked":["Reboot","Machine Learning"],"picked":"Seek","floor":16.0},{"not_picked":["Sunder","Glacier"],"picked":"Cold Snap+1","floor":18},{"not_picked":["Steam Power","Auto Shields"],"picked":"Compile Driver","floor":21},{"not_picked":["Cold Snap","Loop+1"],"picked":"Capacitor+1","floor":22},{"not_picked":["Reprogram","Cold Snap"],"picked":"Darkness","floor":24}],"player_experience":3226309,"relics_obtained":[{"floor":6.0,"key":"Strawberry"},{"floor":9.0,"key":"Gremlin Horn"},{"floor":14.0,"key":"Torii"}],"event_choices":[{"damage_healed":0.0,"max_hp_gain":0.0,"max_hp_loss":0.0,"gold_gain":0.0,"cards_transformed":["Strike_B"],"event_name":"Living Wall","player_choice":"Change","floor":2.0,"gold_loss":0.0,"damage_taken":0.0,"cards_obtained":["Sweeping Beam"]},{"damage_healed":0.0,"max_hp_gain":0.0,"max_hp_loss":0.0,"gold_gain":75.0,"event_name":"World of Goop","player_choice":"Gather Gold","floor":3.0,"gold_loss":0.0,"damage_taken":11.0},{"damage_healed":17.0,"max_hp_gain":0.0,"max_hp_loss":0.0,"gold_gain":0.0,"event_name":"The Cleric","player_choice":"Healed","floor":4.0,"gold_loss":35.0,"damage_taken":0.0},{"damage_healed":0.0,"max_hp_gain":0.0,"max_hp_loss":0.0,"gold_gain":0.0,"event_name":"Big Fish","player_choice":"Box","floor":5.0,"gold_loss":0.0,"damage_taken":0.0,"relics_obtained":["DataDisk"],"cards_obtained":["Regret"]},{"damage_healed":0.0,"max_hp_gain":0.0,"max_hp_loss":7.0,"gold_gain":0.0,"event_name":"Golden Idol","player_choice":"Lose Max HP","floor":11.0,"gold_loss":0.0,"damage_taken":0.0,"relics_obtained":["Golden Idol"]},{"damage_healed":0,"gold_gain":0,"player_choice":"Opened","damage_taken":0,"relics_obtained":["Frozen Egg 2"],"max_hp_gain":0,"max_hp_loss":0,"event_name":"The Mausoleum","floor":19,"gold_loss":0,"cards_obtained":["Writhe"]}],"is_beta":false,"boss_relics":[{"not_picked":["Astrolabe","Eternal Feather"],"picked":"FrozenCore"}],"items_purged_floors":[10,20],"is_endless":false,"potions_floor_spawned":[6,16,18,21,22],"killed_by":"Slavers","ascension_level":20}