{"gold_per_floor":[17,17,17,34,48,82,93,145,145,145,158,174,194,1,1,104,104,116,31,31,31,43,43,54,88,114,114,75,75,89,107,107,208,208,221,176,192,210,310,310,330,347,347,347,408,408,60,76,76,76,76,76,3,34,34],"floor_reached":55,"playtime":10640,"items_purged":[],"score":693,"play_id":"df020cad-3f01-45b5-8a7b-085187227902","local_time":"20190303164228","is_ascension_mode":false,"campfire_choices":[{"floor":10.0,"key":"REST"},{"floor":15.0,"key":"REST"},{"data":"Zap","floor":23.0,"key":"SMITH"},{"data":"Darkness","floor":27.0,"key":"SMITH"},{"floor":32.0,"key":"REST"},{"floor":40.0,"key":"RECALL"},{"floor":46.0,"key":"REST"},{"data":"Turbo","floor":49.0,"key":"SMITH"},{"data":"Hologram","floor":52.0,"key":"SMITH"}],"neow_cost":"NO_GOLD","seed_source_timestamp":766519371984,"circlet_count":0,"master_deck":["Strike_B","Strike_B","Strike_B","Strike_B","Defend_B","Defend_B","Defend_B+1","Defend_B","Zap+1","Dualcast+1","Beam Cell","Turbo+1","Go for the Eyes","All For One","Sweeping Beam","Coolheaded","Steam","Capacitor+1","Finesse","Darkness+1","Electrodynamics+1","Ball Lightning","Streamline+1","Static Discharge+1","Fusion+1","Glacier","Genetic Algorithm","Hologram+1","Buffer+1","Conserve Battery+1","Compile Driver","Go for the Eyes+1","Skim","Compile Driver","Stack+1","Leap+1","Echo Form+1","Skim","Hologram+1","Echo Form+1"],"special_seed":0,"relics":["Cracked Core","Incense Burner","Frozen Egg 2","Vajra","Anchor","Nuclear Battery","FossilizedHelix","Symbiotic Virus","Bag of Marbles","Mercury Hourglass","PreservedInsect","Cursed Key","Ice Cream","SsserpentHead","Lee\u0027s Waffle","Kunai"],"potions_floor_usage":[55,55],"damage_taken":[{"damage":7.0,"enemies":"Small Slimes","floor":1.0,"turns":3.0},{"damage":0.0,"enemies":"2 Louse","floor":4.0,"turns":2.0},{"damage":0.0,"enemies":"Jaw Worm","floor":5.0,"turns":2.0},{"damage":11.0,"enemies":"Lagavulin","floor":6.0,"turns":6.0},{"damage":8.0,"enemies":"Red Slaver","floor":7.0,"turns":4.0},{"damage":0.0,"enemies":"Exordium Thugs","floor":11.0,"turns":2.0},{"damage":0.0,"enemies":"2 Fungi Beasts","floor":12.0,"turns":2.0},{"damage":0.0,"enemies":"Large Slime","floor":13.0,"turns":3.0},{"damage":31.0,"enemies":"Hexaghost","floor":16.0,"turns":8.0},{"damage":14.0,"enemies":"Spheric Guardian","floor":18.0,"turns":4.0},{"damage":1.0,"enemies":"2 Thieves","floor":22.0,"turns":3.0},{"damage":0.0,"enemies":"Centurion and Healer","floor":24.0,"turns":3.0},{"damage":25.0,"enemies":"Slavers","floor":25.0,"turns":5.0},{"damage":0.0,"enemies":"Shelled Parasite and Fungi","floor":30.0,"turns":2.0},{"damage":0.0,"enemies":"Cultist and Chosen","floor":31.0,"turns":4.0},{"damage":12.0,"enemies":"Champ","floor":33.0,"turns":8.0},{"damage":0.0,"enemies":"Orb Walker","floor":35.0,"turns":3.0},{"damage":0.0,"enemies":"3 Darklings","floor":37.0,"turns":5.0},{"damage":7.0,"enemies":"4 Shapes","floor":38.0,"turns":4.0},{"damage":6.0,"enemies":"Mind Bloom Boss Battle","floor":39.0,"turns":6.0},{"damage":0.0,"enemies":"Spire Growth","floor":41.0,"turns":3.0},{"damage":20.0,"enemies":"Sphere and 2 Shapes","floor":42.0,"turns":3.0},{"damage":9.0,"enemies":"4 Shapes","floor":45.0,"turns":5.0},{"damage":0.0,"enemies":"Spire Growth","floor":48.0,"turns":4.0},{"damage":32.0,"enemies":"Donu and Deca","floor":50.0,"turns":10.0},{"damage":0.0,"enemies":"Shield and Spear","floor":54.0,"turns":4.0},{"damage":91,"enemies":"The Heart","floor":55,"turns":8}],"seed_played":"5241780370778392060","potions_obtained":[{"floor":4.0,"key":"Block Potion"},{"floor":7.0,"key":"FocusPotion"},{"floor":12.0,"key":"SmokeBomb"},{"floor":16.0,"key":"Regen Potion"},{"floor":18.0,"key":"Strength Potion"},{"floor":30.0,"key":"Poison Potion"},{"floor":33.0,"key":"Fire Potion"},{"floor":37.0,"key":"Strength Potion"},{"floor":38.0,"key":"Ancient Potion"},{"floor":54.0,"key":"Poison Potion"}],"is_trial":false,"path_per_floor":["M","?","?","M","M","E","M","T","T","R","M","M","M","$","R","B",null,"M","?","T","?","M","R","M","E","T","R","$","?","M","M","R","B",null,"M","$","M","M","?","R","M","M","T","?","M","R","$","M","R","B",null,"R","$","E","B"],"character_chosen":"DEFECT","items_purchased":["Capacitor+1","Finesse","Darkness","Glacier","Compile Driver","Echo Form+1","Lee\u0027s Waffle","Skim","FocusPotion"],"campfire_rested":4,"item_purchase_floors":[14,14,14,28,36,47,47,47,53],"current_hp_per_floor":[68,53,46,46,46,35,27,27,27,49,49,49,49,49,71,40,75,61,61,61,61,60,60,60,49,49,49,49,35,35,35,59,47,80,80,80,80,73,67,67,67,47,47,47,38,62,87,87,87,55,87,87,87,87,0],"gold":34,"neow_bonus":"ONE_RARE_RELIC","is_prod":false,"is_daily":false,"chose_seed":false,"campfire_upgraded":4,"win_rate":0,"timestamp":1551649348,"path_taken":["M","?","?","M","M","E","M","?","T","R","M","M","?","$","R","BOSS","M","?","?","?","M","R","M","E","T","R","$","?","M","M","R","BOSS","M","$","M","M","?","R","M","M","T","?","?","R","$","M","R","BOSS","R","$","E","BOSS"],"build_version":"2019-01-23","purchased_purges":0,"victory":false,"max_hp_per_floor":[75,75,75,75,75,75,75,75,75,75,75,75,75,75,75,75,75,75,75,75,75,75,75,75,75,75,75,75,80,80,80,80,80,80,80,80,80,80,80,80,80,80,80,80,80,80,87,87,87,87,87,87,87,87,87],"card_choices":[{"not_picked":["Barrage","Rebound"],"picked":"Beam Cell","floor":1.0},{"not_picked":["Rebound","Hologram"],"picked":"Turbo","floor":4.0},{"not_picked":["Gash","Consume"],"picked":"Go for the Eyes","floor":5.0},{"not_picked":["Storm+1","Steam"],"picked":"All For One","floor":6.0},{"not_picked":["Streamline","Rebound"],"picked":"Sweeping Beam","floor":7.0},{"not_picked":["Chaos","Aggregate","Hello World+1"],"picked":"SKIP","floor":11.0},{"not_picked":["Fusion","Double Energy"],"picked":"Coolheaded","floor":12.0},{"not_picked":["Fusion","Turbo"],"picked":"Steam","floor":13.0},{"not_picked":["Creative AI+1","Meteor Strike"],"picked":"Electrodynamics+1","floor":16.0},{"not_picked":["Coolheaded","Leap"],"picked":"Ball Lightning","floor":18.0},{"not_picked":["Barrage","Conserve Battery"],"picked":"Streamline+1","floor":22.0},{"not_picked":["Rip and Tear","Barrage"],"picked":"Static Discharge+1","floor":24.0},{"not_picked":["Hyperbeam","Steam"],"picked":"Fusion+1","floor":25.0},{"not_picked":["Streamline","Rip and Tear"],"picked":"Genetic Algorithm","floor":30.0},{"not_picked":["Beam Cell+1","Storm+1"],"picked":"Hologram","floor":31.0},{"not_picked":["All For One","Electrodynamics+1"],"picked":"Buffer+1","floor":33.0},{"not_picked":["Rebound","Redo"],"picked":"Conserve Battery+1","floor":35.0},{"not_picked":["Heatsinks+1","BootSequence+1"],"picked":"Go for the Eyes+1","floor":37.0},{"not_picked":["Coolheaded","Gash+1"],"picked":"Skim","floor":38.0},{"not_picked":["Redo","Genetic Algorithm"],"picked":"Compile Driver","floor":39.0},{"not_picked":["Ball Lightning","Fission","Scrape+1"],"picked":"SKIP","floor":41.0},{"not_picked":["Conserve Battery+1","Hologram"],"picked":"Stack+1","floor":42.0},{"not_picked":["Ball Lightning","Sweeping Beam+1"],"picked":"Leap+1","floor":45.0},{"not_picked":["Redo+1","Stack"],"picked":"Hologram+1","floor":48.0},{"not_picked":["Chaos","Stack+1"],"picked":"Echo Form+1","floor":54.0}],"player_experience":145206,"relics_obtained":[{"floor":6.0,"key":"Vajra"},{"floor":8.0,"key":"Anchor"},{"floor":20.0,"key":"Symbiotic Virus"},{"floor":25.0,"key":"Mercury Hourglass"},{"floor":26.0,"key":"PreservedInsect"},{"floor":39.0,"key":"Ice Cream"},{"floor":54.0,"key":"Kunai"}],"event_choices":[{"damage_healed":0.0,"max_hp_gain":0.0,"max_hp_loss":0.0,"gold_gain":0.0,"event_name":"Shining Light","player_choice":"Entered Light","floor":2.0,"gold_loss":0.0,"damage_taken":15.0,"cards_upgraded":["Defend_B","Dualcast"]},{"damage_healed":0.0,"max_hp_gain":0.0,"max_hp_loss":0.0,"gold_gain":0.0,"event_name":"Scrap Ooze","player_choice":"Success","floor":3.0,"gold_loss":0.0,"damage_taken":7.0,"relics_obtained":["Frozen Egg 2"]},{"damage_healed":0.0,"max_hp_gain":0.0,"max_hp_loss":0.0,"gold_gain":0.0,"event_name":"Addict","player_choice":"Obtained Relic","floor":19.0,"gold_loss":85.0,"damage_taken":0.0,"relics_obtained":["FossilizedHelix"]},{"damage_healed":0.0,"max_hp_gain":0.0,"max_hp_loss":0.0,"gold_gain":0.0,"event_name":"The Mausoleum","player_choice":"Opened","floor":21.0,"gold_loss":0.0,"damage_taken":0.0,"relics_obtained":["Bag of Marbles"]},{"damage_healed":0.0,"max_hp_gain":5.0,"max_hp_loss":0.0,"gold_gain":0.0,"event_name":"Forgotten Altar","player_choice":"Shed Blood","floor":29.0,"gold_loss":0.0,"damage_taken":19.0},{"damage_healed":0.0,"max_hp_gain":0.0,"max_hp_loss":0.0,"gold_gain":0.0,"event_name":"MindBloom","player_choice":"Fight","floor":39.0,"gold_loss":0.0,"damage_taken":0.0},{"damage_healed":0.0,"max_hp_gain":0.0,"max_hp_loss":0.0,"gold_gain":0.0,"event_name":"FaceTrader","player_choice":"Trade","floor":44.0,"gold_loss":0.0,"damage_taken":0.0,"relics_obtained":["SsserpentHead"]}],"is_beta":false,"boss_relics":[{"not_picked":["Orrery","Runic Pyramid"],"picked":"Nuclear Battery"},{"not_picked":["Empty Cage","Philosopher\u0027s Stone"],"picked":"Cursed Key"}],"items_purged_floors":[],"is_endless":false,"potions_floor_spawned":[4,7,12,16,18,30,33,37,38,41,54],"killed_by":"The Heart","ascension_level":0}