{"gold_per_floor":[119,119,130,130,130,130,174,174,174,218,218,239,258,2,2,98,98,123,141,141,154,74,93,93,114,114,133,153,153,72,97,97,196,196,217,240,260,274,288,288,303,41,41,61,80,54,54,69,69,69],"floor_reached":50,"playtime":9834,"items_purged":[],"score":975,"play_id":"8d43bf1d-6e23-40f8-913c-185606c33cca","local_time":"20190116010705","is_ascension_mode":true,"campfire_choices":[{"data":"Neutralize","floor":6.0,"key":"SMITH"},{"floor":11.0,"key":"REST"},{"data":"Neutralize","floor":15.0,"key":"SMITH"},{"floor":24.0,"key":"REST"},{"floor":29.0,"key":"REST"},{"floor":32.0,"key":"REST"},{"floor":40.0,"key":"REST"},{"floor":47.0,"key":"REST"},{"floor":49.0,"key":"REST"}],"neow_cost":"NONE","seed_source_timestamp":0,"circlet_count":0,"master_deck":["AscendersBane","Defend_G","Defend_G","Defend_G","Defend_G","Defend_G","Strike_G","Strike_G","Strike_G","Strike_G","Survivor","Neutralize+1","Cloak And Dagger","Predator","PiercingWail","Neutralize+1","After Image","Endless Agony","Cloak And Dagger+1","Dodge and Roll+1","Infinite Blades","Prepared+1","Finisher","Apotheosis+1","All Out Attack","Sweeping Beam","Well Laid Plans","Blade Dance+1","Static Discharge","Deflect+1","Envenom","Dual Wield+1","Backflip+1","Bandage Up+1","Parasite","Panacea+1","Poisoned Stab","Transmutation+1","Backflip+1","Hologram+1"],"special_seed":0,"relics":["Ring of the Serpent","NeowsBlessing","Golden Idol","Toxic Egg 2","Orichalcum","Mercury Hourglass","FossilizedHelix","PrismaticShard","Gremlin Horn","Lantern","Philosopher\u0027s Stone","Bronze Scales","Shuriken"],"potions_floor_usage":[],"damage_taken":[{"damage":0.0,"enemies":"2 Louse","floor":1.0,"turns":1.0},{"damage":0.0,"enemies":"Cultist","floor":3.0,"turns":1.0},{"damage":0.0,"enemies":"Gremlin Nob","floor":7.0,"turns":1.0},{"damage":31.0,"enemies":"Lagavulin","floor":10.0,"turns":9.0},{"damage":0.0,"enemies":"Small Slimes","floor":12.0,"turns":3.0},{"damage":0.0,"enemies":"Exordium Wildlife","floor":13.0,"turns":3.0},{"damage":17.0,"enemies":"The Guardian","floor":16.0,"turns":16.0},{"damage":15.0,"enemies":"2 Thieves","floor":18.0,"turns":4.0},{"damage":0.0,"enemies":"Chosen","floor":19.0,"turns":6.0},{"damage":10.0,"enemies":"Snecko","floor":21.0,"turns":8.0},{"damage":5.0,"enemies":"Chosen and Byrds","floor":23.0,"turns":7.0},{"damage":17.0,"enemies":"Shelled Parasite and Fungi","floor":25.0,"turns":4.0},{"damage":6.0,"enemies":"Snake Plant","floor":27.0,"turns":5.0},{"damage":13.0,"enemies":"Centurion and Healer","floor":28.0,"turns":7.0},{"damage":0.0,"enemies":"Chosen and Byrds","floor":31.0,"turns":6.0},{"damage":51.0,"enemies":"Collector","floor":33.0,"turns":13.0},{"damage":13.0,"enemies":"3 Darklings","floor":35.0,"turns":5.0},{"damage":0.0,"enemies":"3 Shapes","floor":36.0,"turns":6.0},{"damage":0.0,"enemies":"Transient","floor":37.0,"turns":6.0},{"damage":0.0,"enemies":"Writhing Mass","floor":38.0,"turns":9.0},{"damage":17.0,"enemies":"4 Shapes","floor":39.0,"turns":10.0},{"damage":32.0,"enemies":"3 Darklings","floor":41.0,"turns":5.0},{"damage":13.0,"enemies":"Writhing Mass","floor":44.0,"turns":7.0},{"damage":16.0,"enemies":"Spire Growth","floor":45.0,"turns":6.0},{"damage":0.0,"enemies":"Jaw Worm Horde","floor":48.0,"turns":3.0},{"damage":0,"enemies":"Time Eater","floor":50,"turns":2}],"seed_played":"3039226695991910329","potions_obtained":[{"floor":10.0,"key":"GhostInAJar"},{"floor":12.0,"key":"Explosive Potion"},{"floor":13.0,"key":"Energy Potion"},{"floor":27.0,"key":"Regen Potion"},{"floor":31.0,"key":"Block Potion"},{"floor":36.0,"key":"SpeedPotion"},{"floor":48.0,"key":"FearPotion"}],"is_trial":false,"path_per_floor":["M","?","M","?","T","R","E","?","T","E","R","M","M","$","R","B",null,"M","M","?","M","$","M","R","M","T","M","M","R","?","M","R","B",null,"M","M","M","M","M","R","M","$","T","M","M","$","R","M","R","B"],"character_chosen":"THE_SILENT","items_purchased":["PrismaticShard","Infinite Blades","Well Laid Plans","Bronze Scales","Panacea+1","Backflip+1"],"campfire_rested":7,"item_purchase_floors":[14,14,22,42,42,46],"current_hp_per_floor":[59,59,59,59,59,59,59,59,59,28,46,46,46,46,46,29,52,37,37,37,27,27,22,40,23,23,17,19,37,37,37,55,4,46,33,33,33,39,28,46,20,20,20,13,3,3,21,21,39,39],"gold":69,"neow_bonus":"THREE_ENEMY_KILL","is_prod":false,"is_daily":false,"chose_seed":false,"campfire_upgraded":2,"win_rate":0,"timestamp":1547618825,"path_taken":["M","?","?","?","?","R","E","?","T","E","R","M","?","$","R","BOSS","M","M","?","M","$","M","R","M","T","M","M","R","?","M","R","BOSS","M","?","M","M","M","R","M","$","T","M","M","$","R","M","R","BOSS"],"build_version":"2019-01-10","purchased_purges":0,"victory":false,"max_hp_per_floor":[66,66,66,60,60,60,60,60,60,60,60,60,60,60,60,60,60,60,60,60,60,60,60,60,60,60,60,60,60,60,60,60,60,60,60,60,60,60,60,60,60,60,60,60,60,60,60,60,60,60],"card_choices":[{"not_picked":["Blade Dance","Dodge and Roll"],"picked":"Cloak And Dagger","floor":1.0},{"not_picked":["Endless Agony","Choke","Bane"],"picked":"SKIP","floor":3.0},{"not_picked":["Acrobatics+1","Endless Agony"],"picked":"Prepared+1","floor":7.0},{"not_picked":["Underhanded Strike","Riddle With Holes"],"picked":"Endless Agony","floor":10.0},{"not_picked":["Acrobatics+1","Flying Knee"],"picked":"Cloak And Dagger+1","floor":12.0},{"not_picked":["Poisoned Stab","Acrobatics+1"],"picked":"Dodge and Roll+1","floor":13.0},{"not_picked":["Offering+1","Mayhem"],"picked":"Secret Weapon+1","floor":16.0},{"not_picked":["Streamline+1","Dash"],"picked":"Prepared+1","floor":18.0},{"not_picked":["Acrobatics+1","Heavy Blade"],"picked":"Finisher","floor":19.0},{"not_picked":["Melter","Cold Snap"],"picked":"Sweeping Beam","floor":21.0},{"not_picked":["Bane","Skewer+1"],"picked":"Blade Dance+1","floor":23.0},{"not_picked":["Coolheaded+1","Predator"],"picked":"Static Discharge","floor":25.0},{"not_picked":["Deadly Poison+1","Brutality","Clash"],"picked":"SKIP","floor":27.0},{"not_picked":["Blade Dance+1","Sweeping Beam","Static Discharge"],"picked":"SKIP","floor":28.0},{"not_picked":["Flying Knee","Wild Strike"],"picked":"Deflect+1","floor":31.0},{"not_picked":["Violence+1","Tools of the Trade"],"picked":"Envenom","floor":33.0},{"not_picked":["Tactician+1","Cleave"],"picked":"Dual Wield+1","floor":35.0},{"not_picked":["Shrug It Off+1","Setup+1"],"picked":"Backflip+1","floor":36.0},{"not_picked":["Havoc+1","Cold Snap"],"picked":"Bandage Up+1","floor":37.0},{"not_picked":["Turbo+1","Double Energy+1","Go for the Eyes+1"],"picked":"SKIP","floor":38.0},{"not_picked":["Pommel Strike","Underhanded Strike","Choke"],"picked":"SKIP","floor":39.0},{"not_picked":["Dagger Throw","Cold Snap","Swift Strike"],"picked":"SKIP","floor":41.0},{"not_picked":["Compile Driver","Endless Agony"],"picked":"Poisoned Stab","floor":44.0},{"not_picked":["Double Energy+1","Gash+1"],"picked":"Transmutation+1","floor":45.0},{"not_picked":["Reinforced Body+1","Streamline"],"picked":"Hologram+1","floor":48.0}],"player_experience":2930740,"relics_obtained":[{"floor":5.0,"key":"Toxic Egg 2"},{"floor":7.0,"key":"Orichalcum"},{"floor":9.0,"key":"Mercury Hourglass"},{"floor":10.0,"key":"FossilizedHelix"},{"floor":26.0,"key":"Gremlin Horn"},{"floor":43.0,"key":"Shuriken"}],"event_choices":[{"damage_healed":0.0,"max_hp_gain":0.0,"max_hp_loss":0.0,"gold_gain":0.0,"event_name":"Match and Keep!","player_choice":"3 cards matched","floor":2.0,"gold_loss":0.0,"damage_taken":0.0,"cards_obtained":["Predator","PiercingWail","Neutralize"]},{"damage_healed":0.0,"max_hp_gain":0.0,"max_hp_loss":6.0,"gold_gain":0.0,"event_name":"Golden Idol","player_choice":"Lose Max HP","floor":4.0,"gold_loss":0.0,"damage_taken":0.0,"relics_obtained":["Golden Idol"]},{"damage_healed":0.0,"max_hp_gain":0.0,"max_hp_loss":0.0,"gold_gain":0.0,"cards_transformed":["Prepared"],"event_name":"Living Wall","player_choice":"Change","floor":8.0,"gold_loss":0.0,"damage_taken":0.0,"cards_obtained":["After Image"]},{"damage_healed":0.0,"max_hp_gain":0.0,"max_hp_loss":0.0,"gold_gain":0.0,"cards_transformed":["Secret Weapon","Strike_G"],"event_name":"Drug Dealer","player_choice":"Became Test Subject","floor":20.0,"gold_loss":0.0,"damage_taken":0.0,"cards_obtained":["Apotheosis","All Out Attack"]},{"damage_healed":0.0,"max_hp_gain":0.0,"max_hp_loss":0.0,"gold_gain":0.0,"event_name":"WeMeetAgain","player_choice":"Paid Gold","floor":30.0,"gold_loss":81.0,"damage_taken":0.0,"relics_obtained":["Lantern"]}],"is_beta":false,"boss_relics":[{"not_picked":["Runic Dome","Busted Crown"],"picked":"Ring of the Serpent"},{"not_picked":["Snecko Eye","HoveringKite"],"picked":"Philosopher\u0027s Stone"}],"items_purged_floors":[],"is_endless":false,"potions_floor_spawned":[10,12,13,19,21,27,31,36,37,41,48],"killed_by":"Time Eater","ascension_level":19}