{"gold_per_floor":[109,109,121,138,153,153,163,163,189,189,202,202,215,242,242,315,315,327,327,62,62,78,78,178,178],"floor_reached":25,"playtime":2786,"items_purged":[],"score":396,"play_id":"2182d0cd-1e40-4296-ac89-dd74e2f717ee","local_time":"20190111192814","is_ascension_mode":true,"campfire_choices":[{"data":"True Grit","floor":6.0,"key":"SMITH"},{"data":"Body Slam","floor":8.0,"key":"SMITH"},{"data":"Ghostly Armor","floor":10.0,"key":"SMITH"},{"data":"Dark Embrace","floor":12.0,"key":"SMITH"},{"floor":15.0,"key":"REST"},{"data":"Seeing Red","floor":23.0,"key":"SMITH"}],"neow_cost":"NONE","seed_source_timestamp":0,"circlet_count":0,"master_deck":["AscendersBane","Strike_R","Strike_R","Strike_R","Strike_R","Strike_R","Defend_R","Defend_R","Defend_R","Defend_R","Bash","True Grit+1","Shrug It Off","Ghostly Armor+1","Body Slam+1","Heavy Blade","Dark Embrace+1","Carnage","Flame Barrier","Offering","Evolve","RitualDagger","Bandage Up","Inflame","Whirlwind","Seeing Red+1","Disarm"],"special_seed":0,"relics":["Burning Blood","NeowsBlessing","Art of War","Centennial Puzzle","Mark of Pain","Prayer Wheel","The Courier"],"potions_floor_usage":[25],"damage_taken":[{"damage":0.0,"enemies":"Small Slimes","floor":1.0,"turns":1.0},{"damage":0.0,"enemies":"Cultist","floor":3.0,"turns":1.0},{"damage":0.0,"enemies":"Jaw Worm","floor":4.0,"turns":1.0},{"damage":14.0,"enemies":"Blue Slaver","floor":5.0,"turns":6.0},{"damage":3.0,"enemies":"2 Fungi Beasts","floor":7.0,"turns":5.0},{"damage":2.0,"enemies":"Large Slime","floor":11.0,"turns":9.0},{"damage":14.0,"enemies":"Exordium Wildlife","floor":13.0,"turns":6.0},{"damage":19.0,"enemies":"3 Sentries","floor":14.0,"turns":10.0},{"damage":28.0,"enemies":"Hexaghost","floor":16.0,"turns":8.0},{"damage":16.0,"enemies":"Spheric Guardian","floor":18.0,"turns":5.0},{"damage":6.0,"enemies":"3 Byrds","floor":22.0,"turns":4.0},{"damage":14.0,"enemies":"Colosseum Slavers","floor":24.0,"turns":7.0},{"damage":72.0,"enemies":"Colosseum Nobs","floor":24.0,"turns":5.0},{"damage":17,"enemies":"Sentry and Sphere","floor":25,"turns":3}],"seed_played":"3527555414360619403","potions_obtained":[{"floor":5.0,"key":"Dexterity Potion"},{"floor":7.0,"key":"EssenceOfSteel"},{"floor":11.0,"key":"PowerPotion"},{"floor":16.0,"key":"Dexterity Potion"},{"floor":24.0,"key":"BloodPotion"}],"is_trial":false,"path_per_floor":["M","?","M","M","M","R","M","R","T","R","M","R","M","E","R","B",null,"M","?","$","?","M","R","?","M"],"character_chosen":"IRONCLAD","items_purchased":["Bandage Up","Inflame","Whirlwind"],"campfire_rested":1,"item_purchase_floors":[20,20,20],"current_hp_per_floor":[74,74,75,75,67,67,70,70,70,70,74,74,66,53,75,53,70,60,54,54,69,73,73,7,1],"gold":178,"neow_bonus":"THREE_ENEMY_KILL","is_prod":false,"is_daily":false,"chose_seed":false,"campfire_upgraded":5,"win_rate":0,"timestamp":1547252894,"path_taken":["M","?","?","M","?","R","M","R","T","R","?","R","M","E","R","BOSS","M","?","$","?","M","R","?","M"],"build_version":"2019-01-10","purchased_purges":0,"victory":false,"max_hp_per_floor":[75,75,75,75,75,75,75,75,75,75,75,75,75,75,75,75,75,75,75,75,75,75,75,75,75],"card_choices":[{"not_picked":["Headbutt","Searing Blow"],"picked":"True Grit","floor":1.0},{"not_picked":["Second Wind","Pommel Strike"],"picked":"Shrug It Off","floor":3.0},{"not_picked":["Clothesline","True Grit"],"picked":"Ghostly Armor","floor":4.0},{"not_picked":["Warcry","Flex"],"picked":"Body Slam","floor":5.0},{"not_picked":["Entrench","Clash"],"picked":"Heavy Blade","floor":7.0},{"not_picked":["Heavy Blade","Shrug It Off"],"picked":"Dark Embrace","floor":11.0},{"not_picked":["Shrug It Off","Armaments"],"picked":"Carnage","floor":13.0},{"not_picked":["Thunderclap","Perfected Strike"],"picked":"Flame Barrier","floor":14.0},{"not_picked":["Barricade","Exhume"],"picked":"Offering","floor":16.0},{"not_picked":["Anger","Clothesline"],"picked":"Evolve","floor":18.0},{"not_picked":["Havoc+1","Twin Strike"],"picked":"Seeing Red","floor":22.0},{"not_picked":["Ghostly Armor","Reckless Charge"],"picked":"Disarm","floor":24.0}],"player_experience":2872542,"relics_obtained":[{"floor":9.0,"key":"Art of War"},{"floor":14.0,"key":"Centennial Puzzle"},{"floor":24.0,"key":"Prayer Wheel"},{"floor":24.0,"key":"The Courier"}],"event_choices":[{"damage_healed":0.0,"max_hp_gain":0.0,"max_hp_loss":0.0,"gold_gain":0.0,"event_name":"Match and Keep!","player_choice":"0 cards matched","floor":2.0,"gold_loss":0.0,"damage_taken":0.0,"cards_obtained":[]},{"damage_healed":0.0,"max_hp_gain":0.0,"max_hp_loss":0.0,"gold_gain":0.0,"event_name":"Nest","player_choice":"Joined the Cult","floor":19.0,"gold_loss":0.0,"damage_taken":6.0,"cards_obtained":["RitualDagger"]},{"damage_healed":15.0,"max_hp_gain":0.0,"max_hp_loss":0.0,"gold_gain":0.0,"event_name":"The Library","player_choice":"Heal","floor":21.0,"gold_loss":0.0,"damage_taken":0.0},{"damage_healed":0.0,"max_hp_gain":0.0,"max_hp_loss":0.0,"gold_gain":0.0,"event_name":"Colosseum","player_choice":"Fight","floor":24.0,"gold_loss":0.0,"damage_taken":0.0},{"damage_healed":0.0,"max_hp_gain":0.0,"max_hp_loss":0.0,"gold_gain":0.0,"event_name":"Colosseum","player_choice":"Fought Nobs","floor":24.0,"gold_loss":0.0,"damage_taken":0.0}],"is_beta":false,"boss_relics":[{"not_picked":["Busted Crown","Runic Dome"],"picked":"Mark of Pain"}],"items_purged_floors":[],"is_endless":false,"potions_floor_spawned":[5,7,11,14,16,24,24],"killed_by":"Sentry and Sphere","ascension_level":19}