{"gold_per_floor":[12,12,12,29,43,43,73,73,73,90,90,90,104,138,138,242,242,261,275,275,288,303,303,336,336,336,336,369,386,418,438,438,438],"floor_reached":33,"playtime":3873,"items_purged":[],"score":453,"play_id":"dc93669e-99e8-4cff-b437-8b524099e024","local_time":"20190315123300","is_ascension_mode":true,"campfire_choices":[{"data":"Bash","floor":6.0,"key":"SMITH"},{"data":"True Grit","floor":8.0,"key":"SMITH"},{"data":"Uppercut","floor":11.0,"key":"SMITH"},{"data":"Whirlwind","floor":15.0,"key":"SMITH"},{"data":"Shockwave","floor":23.0,"key":"SMITH"},{"data":"Flame Barrier","floor":27.0,"key":"SMITH"},{"data":"Impervious","floor":32,"key":"SMITH"}],"neow_cost":"NO_GOLD","seed_source_timestamp":870484303017628,"circlet_count":0,"master_deck":["Strike_R","Strike_R","Strike_R","Strike_R","Defend_R","Defend_R","Defend_R","Defend_R","Bash+1","Impervious+1","Twin Strike","Whirlwind+1","Uppercut+1","True Grit+1","Pommel Strike","Feed","Shockwave+1","Flame Barrier+1","Rampage","Shrug It Off","Twin Strike+1","Evolve","Reaper+1","Shrug It Off+1","Pommel Strike+1"],"special_seed":0,"relics":["Burning Blood","FossilizedHelix","Bottled Lightning","Calipers","Thread and Needle","Sozu","Regal Pillow","Meat on the Bone","Molten Egg 2","Bottled Tornado"],"potions_floor_usage":[],"damage_taken":[{"damage":4.0,"enemies":"Small Slimes","floor":1.0,"turns":6.0},{"damage":0.0,"enemies":"Jaw Worm","floor":4.0,"turns":3.0},{"damage":0.0,"enemies":"Cultist","floor":5.0,"turns":3.0},{"damage":16.0,"enemies":"Gremlin Nob","floor":7.0,"turns":4.0},{"damage":0.0,"enemies":"3 Louse","floor":10.0,"turns":3.0},{"damage":12.0,"enemies":"Large Slime","floor":13.0,"turns":5.0},{"damage":6.0,"enemies":"3 Sentries","floor":14.0,"turns":6.0},{"damage":13.0,"enemies":"Slime Boss","floor":16.0,"turns":9.0},{"damage":0.0,"enemies":"2 Thieves","floor":18.0,"turns":4.0},{"damage":8.0,"enemies":"Shell Parasite","floor":19.0,"turns":5.0},{"damage":0.0,"enemies":"3 Cultists","floor":21.0,"turns":6.0},{"damage":7.0,"enemies":"Cultist and Chosen","floor":22.0,"turns":4.0},{"damage":12.0,"enemies":"Slavers","floor":24.0,"turns":6.0},{"damage":9.0,"enemies":"Book of Stabbing","floor":28.0,"turns":6.0},{"damage":13.0,"enemies":"Chosen and Byrds","floor":29.0,"turns":6.0},{"damage":7.0,"enemies":"Slavers","floor":30.0,"turns":7.0},{"damage":13.0,"enemies":"Centurion and Healer","floor":31.0,"turns":15.0},{"damage":143,"enemies":"Automaton","floor":33,"turns":12}],"seed_played":"-4045814487713478829","potions_obtained":[{"floor":4.0,"key":"Poison Potion"},{"floor":13.0,"key":"Energy Potion"},{"floor":16.0,"key":"SkillPotion"}],"is_trial":false,"path_per_floor":["M","?","?","M","M","R","E","R","T","M","R","$","M","E","R","B",null,"M","M","?","M","M","R","E","?","T","R","E","M","E","M","R","B"],"character_chosen":"IRONCLAD","items_purchased":[],"campfire_rested":0,"item_purchase_floors":[],"current_hp_per_floor":[74,41,41,47,53,53,43,43,43,49,49,49,43,43,43,36,69,75,76,76,85,87,87,84,84,84,84,84,90,101,102,102,0],"gold":438,"neow_bonus":"THREE_RARE_CARDS","is_prod":false,"is_daily":false,"chose_seed":false,"campfire_upgraded":7,"win_rate":0,"timestamp":1552667580,"path_taken":["M","?","?","M","M","R","E","R","T","M","R","$","M","E","R","BOSS","M","?","?","M","M","R","E","?","T","R","E","M","E","M","R","BOSS"],"build_version":"2019-01-23","purchased_purges":0,"victory":false,"max_hp_per_floor":[80,80,80,80,80,80,80,80,80,80,80,80,80,80,80,80,80,80,83,83,86,89,89,92,92,92,92,95,98,101,104,104,104],"card_choices":[{"not_picked":["Barricade","Exhume"],"picked":"Impervious","floor":0.0},{"not_picked":["Flex","Rampage"],"picked":"Twin Strike","floor":1.0},{"not_picked":["Warcry","Cleave"],"picked":"Whirlwind","floor":4.0},{"not_picked":["True Grit","Bludgeon"],"picked":"Uppercut","floor":5.0},{"not_picked":["Sever Soul","Thunderclap"],"picked":"True Grit","floor":7.0},{"not_picked":["Wild Strike","Clash","Rupture"],"picked":"SKIP","floor":10.0},{"not_picked":["Dark Embrace","Hemokinesis"],"picked":"Pommel Strike","floor":13.0},{"not_picked":["True Grit","Havoc","Blood for Blood"],"picked":"SKIP","floor":14.0},{"not_picked":["Reaper","Berserk"],"picked":"Feed","floor":16.0},{"not_picked":["True Grit","Pummel"],"picked":"Shockwave","floor":18.0},{"not_picked":["Anger","Armaments"],"picked":"Flame Barrier","floor":19.0},{"not_picked":["Metallicize","Bloodletting"],"picked":"Rampage","floor":21.0},{"not_picked":["Spot Weakness+1","Rage"],"picked":"Shrug It Off","floor":22.0},{"not_picked":["Cleave","Blood for Blood"],"picked":"Twin Strike+1","floor":24.0},{"not_picked":["Iron Wave+1","Armaments+1"],"picked":"Reaper","floor":28.0},{"not_picked":["Evolve","Reckless Charge+1"],"picked":"Shrug It Off+1","floor":29.0},{"not_picked":["True Grit","Spot Weakness+1","Sword Boomerang+1"],"picked":"SKIP","floor":30.0},{"not_picked":["Twin Strike+1","Iron Wave+1"],"picked":"Pommel Strike+1","floor":31.0}],"player_experience":200372,"relics_obtained":[{"floor":7.0,"key":"Bottled Lightning"},{"floor":9.0,"key":"Calipers"},{"floor":14.0,"key":"Thread and Needle"},{"floor":24.0,"key":"Regal Pillow"},{"floor":26.0,"key":"Meat on the Bone"},{"floor":28.0,"key":"Molten Egg 2"},{"floor":30.0,"key":"Bottled Tornado"}],"event_choices":[{"damage_healed":0.0,"max_hp_gain":0.0,"max_hp_loss":0.0,"gold_gain":0.0,"event_name":"Scrap Ooze","player_choice":"Success","floor":2.0,"gold_loss":0.0,"damage_taken":33.0,"relics_obtained":["FossilizedHelix"]},{"cards_removed":["Strike_R"],"damage_healed":0.0,"max_hp_gain":0.0,"max_hp_loss":0.0,"gold_gain":0.0,"event_name":"Wheel of Change","player_choice":"Card Removal","floor":3.0,"gold_loss":0.0,"damage_taken":0.0},{"damage_healed":0.0,"max_hp_gain":0.0,"max_hp_loss":0.0,"gold_gain":0.0,"event_name":"Vampires","player_choice":"Ignored","floor":20.0,"gold_loss":0.0,"damage_taken":0.0},{"damage_healed":0.0,"max_hp_gain":0.0,"max_hp_loss":0.0,"gold_gain":0.0,"event_name":"The Library","player_choice":"Read","floor":25.0,"gold_loss":0.0,"damage_taken":0.0,"cards_obtained":["Evolve"]}],"is_beta":false,"boss_relics":[{"not_picked":["Black Star","Snecko Eye"],"picked":"Sozu"}],"items_purged_floors":[],"is_endless":false,"potions_floor_spawned":[4,13,16,21,22,24,28,31],"killed_by":"Automaton","ascension_level":7}