{"gold_per_floor":[137,137,137,177,195,195,28,28,28,109,148,148,148,212,212,310,310,324,324,67,78,117,117,153,153,153,153,197,197,212,223,223,328,328,346,86,96,111,211,211,211,73,97,97,138,155,33,33],"floor_reached":48,"playtime":3105,"items_purged":["Normality"],"score":608,"play_id":"5d9709a9-bd95-417c-9029-d245a921bd2a","local_time":"20190324001436","is_ascension_mode":true,"campfire_choices":[{"data":"HandOfGreed","floor":6.0,"key":"SMITH"},{"floor":12.0,"key":"REST"},{"data":"Conserve Battery","floor":15.0,"key":"SMITH"},{"floor":23.0,"key":"REST"},{"data":"Echo Form","floor":27.0,"key":"SMITH"},{"floor":32.0,"key":"REST"},{"data":"White Noise","floor":40.0,"key":"SMITH"},{"data":"Good Instincts","floor":44.0,"key":"SMITH"}],"neow_cost":"CURSE","seed_source_timestamp":709447032231100,"circlet_count":0,"master_deck":["Strike_B","Strike_B","Strike_B","Strike_B","Defend_B","Defend_B","Defend_B","Defend_B","Zap","Dualcast","Trip+1","HandOfGreed+1","Cold Snap","Steam","Streamline","Good Instincts+1","Ball Lightning","Conserve Battery+1","Seek","BootSequence","White Noise+1","Echo Form+1","Stack+1","Self Repair","Leap","Coolheaded+1","Seek","Chill","Go for the Eyes+1","Doom and Gloom+1","Defragment+1","Electrodynamics","Parasite","Stack","Aggregate+1","Loop"],"special_seed":0,"relics":["Cracked Core","Symbiotic Virus","Mummified Hand","White Beast Statue","Matryoshka","Sundial","Question Card","Inserter","Toolbox","StoneCalendar","Strawberry","Oddly Smooth Stone"],"potions_floor_usage":[48,48,48],"damage_taken":[{"damage":0.0,"enemies":"2 Louse","floor":1.0,"turns":1.0},{"damage":0.0,"enemies":"Small Slimes","floor":4.0,"turns":3.0},{"damage":4.0,"enemies":"Cultist","floor":5.0,"turns":5.0},{"damage":17.0,"enemies":"3 Sentries","floor":10.0,"turns":6.0},{"damage":5.0,"enemies":"3 Louse","floor":11.0,"turns":3.0},{"damage":13.0,"enemies":"The Guardian","floor":16.0,"turns":12.0},{"damage":13.0,"enemies":"Shell Parasite","floor":18.0,"turns":5.0},{"damage":0.0,"enemies":"Chosen","floor":21.0,"turns":3.0},{"damage":0.0,"enemies":"Snecko","floor":22.0,"turns":2.0},{"damage":0.0,"enemies":"Snake Plant","floor":24.0,"turns":2.0},{"damage":19.0,"enemies":"Cultist and Chosen","floor":28.0,"turns":6.0},{"damage":11.0,"enemies":"Centurion and Healer","floor":30.0,"turns":6.0},{"damage":6.0,"enemies":"Sentry and Sphere","floor":31.0,"turns":6.0},{"damage":42.0,"enemies":"Champ","floor":33.0,"turns":9.0},{"damage":6.0,"enemies":"Orb Walker","floor":35.0,"turns":5.0},{"damage":5.0,"enemies":"3 Shapes","floor":37.0,"turns":4.0},{"damage":24.0,"enemies":"Spire Growth","floor":38.0,"turns":5.0},{"damage":5.0,"enemies":"Mind Bloom Boss Battle","floor":39.0,"turns":10.0},{"damage":0.0,"enemies":"Writhing Mass","floor":45.0,"turns":5.0},{"damage":35.0,"enemies":"Jaw Worm Horde","floor":46.0,"turns":5.0},{"damage":50,"enemies":"Spire Growth","floor":48,"turns":3}],"seed_played":"426853476216962123","potions_obtained":[{"floor":4.0,"key":"Ancient Potion"},{"floor":8.0,"key":"Block Potion"},{"floor":8.0,"key":"Dexterity Potion"},{"floor":18.0,"key":"SkillPotion"},{"floor":21.0,"key":"Ancient Potion"},{"floor":24.0,"key":"Ancient Potion"},{"floor":33.0,"key":"Fire Potion"},{"floor":35.0,"key":"Explosive Potion"},{"floor":37.0,"key":"AttackPotion"},{"floor":38.0,"key":"Regen Potion"},{"floor":39.0,"key":"SkillPotion"},{"floor":45.0,"key":"FearPotion"},{"floor":46.0,"key":"PowerPotion"}],"is_trial":false,"path_per_floor":["M","?","?","M","M","R","$","?","T","E","M","R","?","?","R","B",null,"M","?","$","M","M","R","M","$","T","R","M","?","M","M","R","B",null,"M","$","M","M","?","R","?","$","T","R","M","M","$","M"],"character_chosen":"DEFECT","items_purchased":["Good Instincts","Matryoshka","Toolbox","Strength Potion","Electrodynamics","Strength Potion","Loop"],"campfire_rested":3,"item_purchase_floors":[7,20,36,36,42,47,47],"current_hp_per_floor":[68,68,68,68,64,64,64,64,64,47,42,64,64,64,64,51,69,56,49,49,49,49,71,71,71,71,71,52,52,48,56,75,47,68,62,62,64,47,64,64,64,64,71,71,78,43,43,0],"gold":33,"neow_bonus":"RANDOM_COLORLESS_2","is_prod":false,"is_daily":false,"chose_seed":false,"campfire_upgraded":5,"win_rate":0,"timestamp":1553382876,"path_taken":["M","?","?","M","?","R","$","?","T","E","?","R","?","?","R","BOSS","M","?","$","M","M","R","M","?","T","R","M","?","M","M","R","BOSS","M","$","M","M","?","R","?","?","T","R","M","?","$","M"],"build_version":"2019-01-23","purchased_purges":1,"victory":false,"max_hp_per_floor":[75,75,75,75,75,75,75,75,75,75,75,75,75,75,75,75,75,75,75,75,75,75,75,75,75,75,75,75,75,75,75,75,75,75,75,75,75,75,75,75,71,71,78,78,78,78,78,78],"card_choices":[{"not_picked":["Loop","Hello World"],"picked":"Cold Snap","floor":1.0},{"not_picked":["Streamline","Ball Lightning"],"picked":"Steam","floor":4.0},{"not_picked":["Aggregate","Turbo"],"picked":"Streamline","floor":5.0},{"not_picked":["Turbo","Go for the Eyes"],"picked":"Ball Lightning","floor":10.0},{"not_picked":["Meteor Strike","Doom and Gloom"],"picked":"Conserve Battery","floor":11.0},{"not_picked":["Core Surge","Meteor Strike"],"picked":"Seek","floor":16.0},{"not_picked":["Cold Snap","Turbo"],"picked":"BootSequence","floor":18.0},{"not_picked":["Streamline","Barrage"],"picked":"White Noise","floor":21.0},{"not_picked":["Sweeping Beam","Tempest+1"],"picked":"Echo Form","floor":22.0},{"not_picked":["Defragment","Ball Lightning"],"picked":"Stack+1","floor":24.0},{"not_picked":["Hologram","Chill","Barrage"],"picked":"Self Repair","floor":28.0},{"not_picked":["Sweeping Beam","Static Discharge","Barrage+1"],"picked":"Leap","floor":30.0},{"not_picked":["Cold Snap","Storm","Leap"],"picked":"Coolheaded+1","floor":31.0},{"not_picked":["Thunder Strike","Creative AI","Rainbow"],"picked":"Seek","floor":33.0},{"not_picked":["Rebound+1","Go for the Eyes+1","Gash+1"],"picked":"Chill","floor":35.0},{"not_picked":["Darkness+1","Doom and Gloom+1","Coolheaded+1"],"picked":"Go for the Eyes+1","floor":37.0},{"not_picked":["Scrape","Reinforced Body","Steam Power"],"picked":"Doom and Gloom+1","floor":38.0},{"not_picked":["FTL","Cold Snap","Stack+1"],"picked":"Defragment+1","floor":39.0},{"not_picked":["Coolheaded","Redo","Chaos"],"picked":"Stack","floor":45.0},{"not_picked":["Steam+1","Rip and Tear","Gash"],"picked":"Aggregate+1","floor":46.0}],"player_experience":590431,"relics_obtained":[{"floor":9.0,"key":"Symbiotic Virus"},{"floor":10.0,"key":"Mummified Hand"},{"floor":26.0,"key":"Sundial"},{"floor":26.0,"key":"Question Card"},{"floor":39.0,"key":"StoneCalendar"},{"floor":43.0,"key":"Strawberry"},{"floor":43.0,"key":"Oddly Smooth Stone"}],"event_choices":[{"damage_healed":0.0,"max_hp_gain":0.0,"max_hp_loss":0.0,"gold_gain":0.0,"event_name":"Shining Light","player_choice":"Ignored","floor":2.0,"gold_loss":0.0,"damage_taken":0.0},{"damage_healed":0.0,"max_hp_gain":0.0,"max_hp_loss":0.0,"gold_gain":0.0,"event_name":"FaceTrader","player_choice":"Leave","floor":3.0,"gold_loss":0.0,"damage_taken":0.0},{"damage_healed":0.0,"max_hp_gain":0.0,"max_hp_loss":0.0,"gold_gain":0.0,"event_name":"Lab","player_choice":"Got Potions","floor":8.0,"gold_loss":0.0,"damage_taken":0.0},{"damage_healed":0.0,"max_hp_gain":0.0,"max_hp_loss":0.0,"gold_gain":0.0,"event_name":"Living Wall","player_choice":"Grow","floor":13.0,"gold_loss":0.0,"damage_taken":0.0,"cards_upgraded":["Trip"]},{"damage_healed":0.0,"max_hp_gain":0.0,"max_hp_loss":0.0,"gold_gain":64.0,"event_name":"Golden Wing","player_choice":"Gained Gold","floor":14.0,"gold_loss":0.0,"damage_taken":0.0},{"damage_healed":0.0,"max_hp_gain":0.0,"max_hp_loss":0.0,"gold_gain":0.0,"event_name":"Knowing Skull","player_choice":"","floor":19.0,"potions_obtained":[],"gold_loss":0.0,"damage_taken":7.0,"cards_obtained":[]},{"damage_healed":0.0,"max_hp_gain":0.0,"max_hp_loss":0.0,"gold_gain":0.0,"event_name":"Vampires","player_choice":"Ignored","floor":29.0,"gold_loss":0.0,"damage_taken":0.0},{"damage_healed":0.0,"max_hp_gain":0.0,"max_hp_loss":0.0,"gold_gain":0.0,"event_name":"MindBloom","player_choice":"Fight","floor":39.0,"gold_loss":0.0,"damage_taken":0.0},{"damage_healed":0.0,"max_hp_gain":0.0,"max_hp_loss":4.0,"gold_gain":0.0,"event_name":"Winding Halls","player_choice":"Max HP","floor":41.0,"gold_loss":0.0,"damage_taken":0.0}],"is_beta":false,"boss_relics":[{"not_picked":["Sozu","Ectoplasm"],"picked":"White Beast Statue"},{"not_picked":["Tiny House","Coffee Dripper"],"picked":"Inserter"}],"items_purged_floors":[7],"is_endless":false,"potions_floor_spawned":[4,10,11,18,21,22,24,28,30,31,33,35,37,38,39,45,46],"killed_by":"Spire Growth","ascension_level":7}