{"gold_per_floor":[118,24,24,43,43,75,75,95,95,95,110,110,125,37,37,111,111,122,122,132,152,165,190,190,19,74,74,102,102,119,119,119,196,196,215,49,149,149,162,162,182,192,192,192,17,32,32,45,45,45],"floor_reached":51,"playtime":3929,"items_purged":["Injury"],"score":1340,"play_id":"1a74437f-9c68-4caa-a0c4-b9c28e477248","local_time":"20190118103109","is_ascension_mode":true,"campfire_choices":[{"data":"Bouncing Flask","floor":7.0,"key":"SMITH"},{"data":"Night Terror","floor":10.0,"key":"SMITH"},{"floor":12.0,"key":"REST"},{"data":"Catalyst","floor":15.0,"key":"SMITH"},{"floor":24.0,"key":"REST"},{"floor":27.0,"key":"REST"},{"data":"Leg Sweep","floor":29.0,"key":"SMITH"},{"floor":32.0,"key":"REST"},{"data":"Adrenaline","floor":40.0,"key":"SMITH"},{"floor":44,"key":"REST"},{"floor":49,"key":"REST"}],"neow_cost":"NONE","seed_source_timestamp":0,"circlet_count":0,"master_deck":["AscendersBane","Defend_G+1","Defend_G+1","Defend_G+1","Defend_G+1","Defend_G+1","Strike_G+1","Strike_G+1","Strike_G+1","Strike_G+1","Survivor","Neutralize","Well Laid Plans","PiercingWail","Bouncing Flask+1","Night Terror+1","Catalyst+1","Footwork+1","Corpse Explosion","Deflect","Flying Knee","Deflect","Deadly Poison+1","Leg Sweep+1","Escape Plan","Escape Plan","Adrenaline+1","Finesse","Noxious Fumes+1","Skewer","Bandage Up","Catalyst","Calculated Gamble"],"special_seed":0,"relics":["Ring of the Snake","NeowsBlessing","Ice Cream","Frozen Egg 2","Singing Bowl","Cursed Key","Blue Candle","Snake Skull","Happy Flower","Orichalcum","Sozu","Tough Bandages"],"potions_floor_usage":[50],"damage_taken":[{"damage":0.0,"enemies":"Cultist","floor":1.0,"turns":1.0},{"damage":0.0,"enemies":"Jaw Worm","floor":4.0,"turns":1.0},{"damage":0.0,"enemies":"Gremlin Nob","floor":6.0,"turns":1.0},{"damage":3.0,"enemies":"2 Louse","floor":8.0,"turns":3.0},{"damage":18.0,"enemies":"Large Slime","floor":11.0,"turns":5.0},{"damage":7.0,"enemies":"Exordium Wildlife","floor":13.0,"turns":3.0},{"damage":34.0,"enemies":"Hexaghost","floor":16.0,"turns":7.0},{"damage":8.0,"enemies":"Shell Parasite","floor":18.0,"turns":3.0},{"damage":12.0,"enemies":"3 Byrds","floor":20.0,"turns":5.0},{"damage":13.0,"enemies":"Snake Plant","floor":21.0,"turns":4.0},{"damage":0.0,"enemies":"Centurion and Healer","floor":22.0,"turns":5.0},{"damage":11.0,"enemies":"Gremlin Leader","floor":23.0,"turns":4.0},{"damage":13.0,"enemies":"Book of Stabbing","floor":28.0,"turns":4.0},{"damage":12.0,"enemies":"Shelled Parasite and Fungi","floor":30.0,"turns":5.0},{"damage":10.0,"enemies":"Champ","floor":33.0,"turns":4.0},{"damage":0.0,"enemies":"Orb Walker","floor":35.0,"turns":3.0},{"damage":0.0,"enemies":"Mind Bloom Boss Battle","floor":37.0,"turns":6.0},{"damage":2.0,"enemies":"3 Shapes","floor":39.0,"turns":7.0},{"damage":23.0,"enemies":"3 Darklings","floor":41.0,"turns":5.0},{"damage":0.0,"enemies":"Transient","floor":42.0,"turns":6.0},{"damage":40,"enemies":"Jaw Worm Horde","floor":46,"turns":3},{"damage":0,"enemies":"3 Darklings","floor":48,"turns":2},{"damage":10,"enemies":"Donu and Deca","floor":50,"turns":3}],"seed_played":"-7645075664281779980","potions_obtained":[{"floor":4.0,"key":"Swift Potion"},{"floor":11.0,"key":"AttackPotion"},{"floor":16.0,"key":"FearPotion"},{"floor":21.0,"key":"PowerPotion"},{"floor":28.0,"key":"AttackPotion"},{"floor":30.0,"key":"Poison Potion"}],"is_trial":false,"path_per_floor":["M","$","?","M","$","E","R","M","T","R","M","R","M","$","R","B",null,"M","?","M","M","M","E","R","$","T","R","E","R","M","?","R","B",null,"M","$","?","?","M","R","M","M","T","R","$","M","?","M","R","B",null],"character_chosen":"THE_SILENT","items_purchased":["Well Laid Plans","PiercingWail","Footwork+1","Snake Skull","Finesse","Skewer","Bandage Up"],"campfire_rested":6,"item_purchase_floors":[2,2,14,25,36,45,45],"current_hp_per_floor":[59,59,59,59,59,59,59,56,56,56,40,60,53,53,53,19,56,48,48,36,23,25,14,35,35,35,56,45,45,33,33,54,44,65,67,67,69,69,69,69,46,48,48,70,70,34,36,40,63,53],"gold":45,"neow_bonus":"THREE_ENEMY_KILL","is_prod":false,"is_daily":false,"chose_seed":false,"campfire_upgraded":5,"win_rate":0,"timestamp":1547825469,"path_taken":["M","?","?","M","$","E","R","?","T","R","M","R","M","$","R","BOSS","M","?","M","M","M","E","R","$","T","R","E","R","M","?","R","BOSS","M","$","?","?","M","R","M","M","T","R","?","?","?","M","R","BOSS"],"build_version":"2019-01-17v2","purchased_purges":1,"victory":true,"max_hp_per_floor":[66,66,66,66,66,66,66,66,66,66,68,68,68,68,68,68,68,68,68,68,68,70,70,70,70,70,70,72,72,72,72,72,72,72,74,74,76,72,74,74,74,76,76,76,76,76,78,78,78,78],"card_choices":[{"not_picked":["Prepared","Masterful Stab"],"picked":"Deflect","floor":1.0},{"not_picked":["Poisoned Stab","Terror"],"picked":"Acrobatics","floor":4.0},{"not_picked":["All Out Attack","Bane"],"picked":"Bouncing Flask","floor":6.0},{"not_picked":["Eviscerate","Infinite Blades+1"],"picked":"Night Terror","floor":8.0},{"not_picked":["Quick Slash","Underhanded Strike","Masterful Stab"],"picked":"Singing Bowl","floor":11.0},{"not_picked":["Accuracy+1","Dodge and Roll"],"picked":"Catalyst","floor":13.0},{"not_picked":["Tools of the Trade+1","Grand Finale"],"picked":"Corpse Explosion","floor":16.0},{"not_picked":["Accuracy+1","Flying Knee"],"picked":"Deflect","floor":18.0},{"not_picked":["Slice","Dagger Throw+1"],"picked":"Deadly Poison+1","floor":20.0},{"not_picked":["Dash","Flying Knee"],"picked":"Leg Sweep","floor":21.0},{"not_picked":["Slice","Underhanded Strike+1","Heel Hook"],"picked":"Singing Bowl","floor":22.0},{"not_picked":["Dodge and Roll","Bouncing Flask"],"picked":"Escape Plan","floor":23.0},{"not_picked":["Acrobatics","Reflex","Bouncing Flask"],"picked":"Singing Bowl","floor":28.0},{"not_picked":["Bane","Unload"],"picked":"Escape Plan","floor":30.0},{"not_picked":["Grand Finale","Night Terror"],"picked":"Adrenaline","floor":33.0},{"not_picked":["Underhanded Strike","Setup","Dagger Throw"],"picked":"Singing Bowl","floor":35.0},{"not_picked":["Infinite Blades+1","Poisoned Stab+1","Endless Agony"],"picked":"Singing Bowl","floor":37.0},{"not_picked":["Bane","Quick Slash","Distraction"],"picked":"Singing Bowl","floor":39.0},{"not_picked":["Bane","Flying Knee"],"picked":"Noxious Fumes+1","floor":41.0},{"not_picked":["Dodge and Roll","Bane","Deflect"],"picked":"Singing Bowl","floor":42.0},{"not_picked":["Crippling Poison","Acrobatics"],"picked":"Catalyst","floor":46},{"not_picked":["Trip","Magnetism+1","Transmutation"],"picked":"Singing Bowl","floor":47},{"not_picked":["Bane+1","Finisher+1"],"picked":"Calculated Gamble","floor":48}],"player_experience":2957205,"relics_obtained":[{"floor":6.0,"key":"Frozen Egg 2"},{"floor":9.0,"key":"Singing Bowl"},{"floor":23.0,"key":"Blue Candle"},{"floor":26.0,"key":"Happy Flower"},{"floor":28.0,"key":"Orichalcum"},{"floor":37.0,"key":"Tough Bandages"}],"event_choices":[{"cards_removed":["Deflect"],"damage_healed":0.0,"max_hp_gain":0.0,"max_hp_loss":0.0,"gold_gain":0.0,"event_name":"WeMeetAgain","player_choice":"Gave Card","floor":3.0,"gold_loss":0.0,"damage_taken":0.0,"relics_obtained":["Ice Cream"]},{"damage_healed":0.0,"max_hp_gain":0.0,"max_hp_loss":0.0,"gold_gain":0.0,"cards_transformed":["Strike_G","Acrobatics"],"event_name":"Drug Dealer","player_choice":"Became Test Subject","floor":19.0,"gold_loss":0.0,"damage_taken":0.0,"cards_obtained":["Flying Knee","Deflect"]},{"damage_healed":0.0,"max_hp_gain":0.0,"max_hp_loss":0.0,"gold_gain":0.0,"event_name":"Back to Basics","player_choice":"Simplicity","floor":31.0,"gold_loss":0.0,"damage_taken":0.0,"cards_upgraded":["Defend_G","Defend_G","Defend_G","Defend_G","Defend_G","Strike_G","Strike_G","Strike_G","Strike_G"]},{"damage_healed":0.0,"max_hp_gain":0.0,"max_hp_loss":0.0,"gold_gain":0.0,"event_name":"MindBloom","player_choice":"Fight","floor":37.0,"gold_loss":0.0,"damage_taken":0.0},{"damage_healed":0.0,"max_hp_gain":0.0,"max_hp_loss":4.0,"gold_gain":0.0,"event_name":"Winding Halls","player_choice":"Max HP","floor":38.0,"gold_loss":0.0,"damage_taken":0.0},{"damage_healed":0,"gold_gain":0,"player_choice":"Memory 1","damage_taken":0,"max_hp_gain":0,"max_hp_loss":0,"event_name":"SensoryStone","floor":47,"gold_loss":0}],"is_beta":false,"boss_relics":[{"not_picked":["Ectoplasm","White Beast Statue"],"picked":"Cursed Key"},{"not_picked":["Empty Cage","Snecko Eye"],"picked":"Sozu"}],"items_purged_floors":[36],"is_endless":false,"potions_floor_spawned":[4,11,16,21,22,28,30,39,41,46],"ascension_level":19}