{"gold_per_floor":[114,127,19,19,0,31,9,36,89,89,104,29,42,72,72,168,168,93,93,41,41,59,84,84,84,163,194,69,83,32,32,32,32],"floor_reached":33,"playtime":2497,"items_purged":["Strike_R","Strike_R"],"score":347,"play_id":"8a8d7c93-b7d8-45db-8e03-689f37825775","local_time":"20190226125256","is_ascension_mode":false,"campfire_choices":[{"data":"Armaments","floor":10,"key":"SMITH"},{"data":"Armaments","floor":15,"key":"SMITH"},{"data":"Demon Form","floor":25,"key":"SMITH"},{"floor":32,"key":"REST"}],"neow_cost":"NONE","seed_source_timestamp":477328059517294,"circlet_count":0,"master_deck":["Strike_R","Strike_R","Strike_R","Defend_R","Defend_R","Defend_R","Bash","Armaments+1","Shrug It Off+1","Disarm","Metallicize","Feed","Armaments+1","Pommel Strike","Clothesline","Demon Form+1","Shrug It Off+1","Pommel Strike","Shrug It Off"],"relics":["Black Blood","NeowsBlessing","Vajra","Bag of Preparation","Strawberry","Red Skull","Smiling Mask","Paper Frog","Bottled Tornado"],"potions_floor_usage":[13,23,23,23,27,29,29,33],"damage_taken":[{"damage":0,"enemies":"Cultist","floor":1,"turns":1},{"damage":0,"enemies":"2 Louse","floor":2,"turns":1},{"damage":0,"enemies":"3 Sentries","floor":6,"turns":2},{"damage":39,"enemies":"Gremlin Nob","floor":8,"turns":6},{"damage":0,"enemies":"Jaw Worm","floor":11,"turns":3},{"damage":6,"enemies":"Exordium Wildlife","floor":13,"turns":2},{"damage":19,"enemies":"3 Sentries","floor":14,"turns":10},{"damage":30,"enemies":"The Guardian","floor":16,"turns":11},{"damage":7,"enemies":"2 Thieves","floor":18,"turns":5},{"damage":17,"enemies":"Shell Parasite","floor":22,"turns":12},{"damage":74,"enemies":"Slavers","floor":23,"turns":9},{"damage":39,"enemies":"Book of Stabbing","floor":27,"turns":7},{"damage":13,"enemies":"3 Cultists","floor":29,"turns":6},{"damage":83,"enemies":"Automaton","floor":33,"turns":6}],"seed_played":"-3154177163413903451","potions_obtained":[{"floor":6,"key":"Regen Potion"},{"floor":8,"key":"GamblersBrew"},{"floor":11,"key":"SteroidPotion"},{"floor":22,"key":"SteroidPotion"},{"floor":23,"key":"SkillPotion"},{"floor":27,"key":"BloodPotion"}],"is_trial":false,"path_per_floor":["M","M","$","?","?","E","$","E","T","R","M","$","M","E","R","B",null,"M","?","$","?","M","E","?","R","T","E","$","M","$","?","R","B"],"character_chosen":"IRONCLAD","items_purchased":["Disarm","Metallicize","Armaments","Energy Potion","EssenceOfSteel","Fire Potion"],"campfire_rested":1,"item_purchase_floors":[3,3,7,20,28,30],"current_hp_per_floor":[80,80,80,80,80,80,80,47,54,54,60,60,60,47,47,26,90,90,90,90,90,87,42,42,42,42,13,13,19,19,19,48,0],"gold":32,"neow_bonus":"THREE_ENEMY_KILL","is_prod":false,"is_daily":false,"chose_seed":false,"campfire_upgraded":3,"win_rate":0,"timestamp":1551203576,"path_taken":["M","M","?","?","?","E","?","E","T","R","?","$","M","E","R","BOSS","M","?","$","?","M","E","?","R","T","E","$","?","$","?","R","BOSS"],"build_version":"2019-01-23","purchased_purges":2,"victory":false,"max_hp_per_floor":[80,80,80,80,80,80,80,80,87,87,87,87,87,87,87,90,90,90,90,90,90,94,98,98,98,98,98,98,98,98,98,98,98],"card_choices":[{"not_picked":["Sever Soul","Iron Wave"],"picked":"Armaments","floor":1},{"not_picked":["True Grit","Spot Weakness"],"picked":"Shrug It Off","floor":2},{"not_picked":["Perfected Strike","Wild Strike"],"picked":"Feed","floor":6},{"not_picked":["Blood for Blood","Headbutt"],"picked":"Pommel Strike","floor":8},{"not_picked":["Armaments","Spot Weakness"],"picked":"Clothesline","floor":11},{"not_picked":["Headbutt","Thunderclap","True Grit"],"picked":"SKIP","floor":13},{"not_picked":["Body Slam","Blood for Blood","Pummel"],"picked":"SKIP","floor":14},{"not_picked":["Offering","Juggernaut"],"picked":"Demon Form","floor":16},{"not_picked":["Clash","Warcry"],"picked":"Shrug It Off+1","floor":18},{"not_picked":["Dual Wield+1","True Grit","Perfected Strike"],"picked":"SKIP","floor":22},{"not_picked":["Sentinel+1","Cleave"],"picked":"Pommel Strike","floor":23},{"not_picked":["Sword Boomerang+1","Sever Soul","Exhume"],"picked":"SKIP","floor":27},{"not_picked":["Clash","Pommel Strike+1"],"picked":"Shrug It Off","floor":29}],"player_experience":73902,"relics_obtained":[{"floor":6,"key":"Vajra"},{"floor":8,"key":"Bag of Preparation"},{"floor":9,"key":"Strawberry"},{"floor":14,"key":"Red Skull"},{"floor":23,"key":"Smiling Mask"},{"floor":26,"key":"Paper Frog"},{"floor":27,"key":"Bottled Tornado"}],"event_choices":[{"damage_healed":0,"gold_gain":0,"player_choice":"Grow","damage_taken":0,"max_hp_gain":0,"max_hp_loss":0,"event_name":"Living Wall","floor":4,"gold_loss":0,"cards_upgraded":["Shrug It Off"]},{"damage_healed":0,"gold_gain":0,"player_choice":"Left Gold","damage_taken":0,"max_hp_gain":0,"max_hp_loss":0,"event_name":"World of Goop","floor":5,"gold_loss":19},{"cards_removed":["Defend_R"],"damage_healed":0,"gold_gain":0,"player_choice":"Elegance","damage_taken":0,"max_hp_gain":0,"max_hp_loss":0,"event_name":"Back to Basics","floor":19,"gold_loss":0},{"damage_healed":0,"gold_gain":0,"player_choice":"Ignored","damage_taken":0,"max_hp_gain":0,"max_hp_loss":0,"event_name":"Ghosts","floor":21,"gold_loss":0},{"damage_healed":0,"gold_gain":0,"player_choice":"Bought 0 Potions","damage_taken":0,"max_hp_gain":0,"max_hp_loss":0,"event_name":"The Woman in Blue","floor":24,"gold_loss":0}],"is_beta":false,"boss_relics":[{"not_picked":["Runic Dome","Fusion Hammer"],"picked":"Black Blood"}],"items_purged_floors":[12,28],"is_endless":false,"potions_floor_spawned":[6,8,11,22,23,27],"killed_by":"Automaton","ascension_level":0}