{"gold_per_floor":[16,32,32,49,66,96,96,129,129,129,129,139,164,184,184,280,280,292,69,88,3,17,45,58,58,58,58,74,50,66,101,101,200,200,213,230,230,241,0,27,27,27,27,40,40,140,140,157,157,157],"floor_reached":50,"playtime":4098,"items_purged":["Strike_R"],"score":755,"play_id":"022d36dd-32d4-4f3a-bde2-fa948b72ff47","local_time":"20190315142949","is_ascension_mode":true,"campfire_choices":[{"data":"True Grit","floor":7,"key":"SMITH"},{"floor":10,"key":"REST"},{"data":"Inflame","floor":15,"key":"SMITH"},{"data":"Heavy Blade","floor":25,"key":"SMITH"},{"data":"Carnage","floor":27,"key":"SMITH"},{"data":"Battle Trance","floor":32,"key":"SMITH"},{"data":"Fiend Fire","floor":42,"key":"SMITH"},{"floor":45,"key":"REST"},{"floor":49,"key":"REST"}],"neow_cost":"NO_GOLD","seed_source_timestamp":878786388796262,"circlet_count":0,"master_deck":["Strike_R","Strike_R","Defend_R","Defend_R","Defend_R","Defend_R","Bash+1","Inflame+1","Disarm","True Grit+1","Rampage","Headbutt","Heavy Blade+1","Twin Strike","Impervious","Combust+1","Armaments+1","Fiend Fire+1","Pommel Strike","Shrug It Off","Battle Trance+1","Dark Shackles"],"relics":["Burning Blood","Gremlin Horn","Bottled Tornado","Magic Flower","Paper Frog","Happy Flower","Snecko Eye","Bronze Scales","Juzu Bracelet","Strawberry","Blue Candle","Bottled Lightning","Lizard Tail","Red Mask","Mummified Hand","Question Card","Pocketwatch"],"potions_floor_usage":[8,13,16,22,30,31,36,38,40,46,50,50],"damage_taken":[{"damage":10,"enemies":"Cultist","floor":1,"turns":5},{"damage":9,"enemies":"Small Slimes","floor":2,"turns":4},{"damage":2,"enemies":"2 Louse","floor":4,"turns":3},{"damage":3,"enemies":"Blue Slaver","floor":5,"turns":7},{"damage":28,"enemies":"Gremlin Nob","floor":6,"turns":4},{"damage":32,"enemies":"3 Sentries","floor":8,"turns":9},{"damage":7,"enemies":"2 Fungi Beasts","floor":12,"turns":3},{"damage":8,"enemies":"Gremlin Nob","floor":13,"turns":3},{"damage":8,"enemies":"Exordium Wildlife","floor":14,"turns":4},{"damage":22,"enemies":"Slime Boss","floor":16,"turns":7},{"damage":2,"enemies":"Spheric Guardian","floor":18,"turns":3},{"damage":5,"enemies":"3 Byrds","floor":20,"turns":3},{"damage":0,"enemies":"Snake Plant","floor":22,"turns":2},{"damage":29,"enemies":"Slavers","floor":23,"turns":6},{"damage":4,"enemies":"Snecko","floor":24,"turns":3},{"damage":25,"enemies":"Cultist and Chosen","floor":28,"turns":6},{"damage":0,"enemies":"Centurion and Healer","floor":30,"turns":3},{"damage":0,"enemies":"Gremlin Leader","floor":31,"turns":3},{"damage":23,"enemies":"Collector","floor":33,"turns":3},{"damage":13,"enemies":"3 Shapes","floor":35,"turns":3},{"damage":2,"enemies":"3 Darklings","floor":36,"turns":3},{"damage":18,"enemies":"Transient","floor":38,"turns":5},{"damage":88,"enemies":"Reptomancer","floor":40,"turns":11},{"damage":57,"enemies":"Jaw Worm Horde","floor":44,"turns":6},{"damage":0,"enemies":"Mind Bloom Boss Battle","floor":46,"turns":3},{"damage":22,"enemies":"4 Shapes","floor":48,"turns":4},{"damage":71,"enemies":"Awakened One","floor":50,"turns":5}],"seed_played":"7139634493869528442","potions_obtained":[{"floor":2,"key":"LiquidBronze"},{"floor":12,"key":"FearPotion"},{"floor":14,"key":"Strength Potion"},{"floor":16,"key":"AttackPotion"},{"floor":24,"key":"Strength Potion"},{"floor":28,"key":"FearPotion"},{"floor":30,"key":"AttackPotion"},{"floor":33,"key":"Swift Potion"},{"floor":35,"key":"SpeedPotion"},{"floor":44,"key":"AttackPotion"},{"floor":46,"key":"Weak Potion"},{"floor":48,"key":"Swift Potion"}],"is_trial":false,"path_per_floor":["M","M","?","M","M","E","R","E","T","R","?","M","E","M","R","B",null,"M","$","M","?","M","E","M","R","T","R","M","$","M","E","R","B",null,"M","M","?","M","?","E","$","R","T","M","R","?","?","M","R","B"],"character_chosen":"IRONCLAD","items_purchased":["Bronze Scales","Pommel Strike"],"campfire_rested":3,"item_purchase_floors":[19,29],"current_hp_per_floor":[68,65,62,66,69,47,47,21,21,45,45,47,48,49,49,36,69,76,76,80,80,80,67,72,72,72,72,56,56,65,74,74,60,80,76,83,83,74,74,66,66,66,66,18,44,53,53,40,66,0],"gold":157,"neow_bonus":"TRANSFORM_TWO_CARDS","is_prod":false,"is_daily":false,"chose_seed":false,"campfire_upgraded":6,"win_rate":0,"timestamp":1552674589,"path_taken":["M","?","?","M","M","E","R","E","T","R","?","M","E","M","R","BOSS","M","$","M","?","M","E","M","R","T","R","M","$","M","E","R","BOSS","M","M","?","M","?","E","?","R","T","M","R","?","?","M","R","BOSS"],"build_version":"2019-01-23","purchased_purges":1,"victory":false,"max_hp_per_floor":[80,80,80,80,80,80,80,80,80,80,80,80,80,80,80,80,80,80,80,80,80,80,87,87,87,87,87,87,87,87,87,87,87,87,87,87,87,87,87,87,87,87,87,87,87,87,87,87,87,87],"card_choices":[{"not_picked":["Sword Boomerang","Perfected Strike"],"picked":"True Grit","floor":1},{"not_picked":["Intimidate","Wild Strike","Warcry"],"picked":"SKIP","floor":2},{"not_picked":["Body Slam","Spot Weakness","Wild Strike"],"picked":"SKIP","floor":4},{"not_picked":["Sword Boomerang","Fire Breathing"],"picked":"Rampage","floor":5},{"not_picked":["Infernal Blade","Body Slam","Wild Strike"],"picked":"SKIP","floor":6},{"not_picked":["Spot Weakness","Reckless Charge"],"picked":"Headbutt","floor":8},{"not_picked":["Fiend Fire","Seeing Red"],"picked":"Heavy Blade","floor":12},{"not_picked":["Warcry","Dropkick","Heavy Blade"],"picked":"SKIP","floor":13},{"not_picked":["Wild Strike","Body Slam"],"picked":"Twin Strike","floor":14},{"not_picked":["Double Tap","Reaper"],"picked":"Impervious","floor":16},{"not_picked":["Second Wind+1","Wild Strike"],"picked":"Carnage","floor":18},{"not_picked":["Flex","Dropkick+1","Body Slam"],"picked":"SKIP","floor":20},{"not_picked":["Power Through","Sword Boomerang"],"picked":"Combust+1","floor":22},{"not_picked":["Flex","Infernal Blade","Second Wind"],"picked":"SKIP","floor":23},{"not_picked":["Pummel","Perfected Strike"],"picked":"Armaments+1","floor":24},{"not_picked":["Wild Strike+1","True Grit+1"],"picked":"Fiend Fire","floor":28},{"not_picked":["Power Through","Heavy Blade+1"],"picked":"Shrug It Off","floor":30},{"not_picked":["Clothesline","Rage"],"picked":"Battle Trance","floor":31},{"not_picked":["Bloodletting+1","Armaments+1","Pommel Strike"],"picked":"SKIP","floor":35},{"not_picked":["Wild Strike+1","Thunderclap","Metallicize+1"],"picked":"SKIP","floor":36},{"not_picked":["Pommel Strike+1","Twin Strike","Flex"],"picked":"SKIP","floor":38},{"not_picked":["True Grit+1","Dropkick","Carnage"],"picked":"SKIP","floor":40},{"not_picked":["Pummel+1","Clothesline+1","Clash+1","Spot Weakness"],"picked":"SKIP","floor":44},{"not_picked":["Thinking Ahead","Madness","Finesse"],"picked":"Dark Shackles","floor":47},{"not_picked":["Seeing Red","Armaments+1","True Grit","Spot Weakness"],"picked":"SKIP","floor":48}],"player_experience":206785,"relics_obtained":[{"floor":6,"key":"Bottled Tornado"},{"floor":8,"key":"Magic Flower"},{"floor":9,"key":"Paper Frog"},{"floor":13,"key":"Happy Flower"},{"floor":23,"key":"Strawberry"},{"floor":26,"key":"Blue Candle"},{"floor":31,"key":"Bottled Lightning"},{"floor":40,"key":"Mummified Hand"},{"floor":43,"key":"Question Card"},{"floor":46,"key":"Pocketwatch"}],"event_choices":[{"damage_healed":0,"gold_gain":0,"player_choice":"Success","damage_taken":3,"relics_obtained":["Gremlin Horn"],"max_hp_gain":0,"max_hp_loss":0,"event_name":"Scrap Ooze","floor":3,"gold_loss":0},{"damage_healed":0,"gold_gain":0,"player_choice":"Grow","damage_taken":0,"max_hp_gain":0,"max_hp_loss":0,"event_name":"Living Wall","floor":11,"gold_loss":0,"cards_upgraded":["Bash"]},{"damage_healed":0,"gold_gain":0,"player_choice":"Obtained Relic","damage_taken":0,"relics_obtained":["Juzu Bracelet"],"max_hp_gain":0,"max_hp_loss":0,"event_name":"Addict","floor":21,"gold_loss":85},{"cards_removed":["Carnage"],"damage_healed":0,"gold_gain":0,"player_choice":"Removed Attack","damage_taken":0,"max_hp_gain":0,"max_hp_loss":0,"event_name":"Falling","floor":37,"gold_loss":0},{"damage_healed":0,"gold_gain":0,"player_choice":"Paid","damage_taken":0,"relics_obtained":["Red Mask"],"max_hp_gain":0,"max_hp_loss":0,"event_name":"Tomb of Lord Red Mask","floor":39,"gold_loss":241},{"damage_healed":0,"gold_gain":0,"player_choice":"Fight","damage_taken":0,"max_hp_gain":0,"max_hp_loss":0,"event_name":"MindBloom","floor":46,"gold_loss":0},{"damage_healed":0,"gold_gain":0,"player_choice":"Memory 1","damage_taken":0,"max_hp_gain":0,"max_hp_loss":0,"event_name":"SensoryStone","floor":47,"gold_loss":0}],"is_beta":false,"boss_relics":[{"not_picked":["Busted Crown","White Beast Statue"],"picked":"Snecko Eye"},{"not_picked":["Runic Dome","Orrery"],"picked":"Lizard Tail"}],"items_purged_floors":[19],"is_endless":false,"potions_floor_spawned":[2,12,14,16,24,28,30,33,35,44,46,48],"killed_by":"Awakened One","ascension_level":7}