{"gold_per_floor":[116,116,116,266,276,276,306,306,383,395,55,122,122,122,122,201,201,101,101,16,16,16,16,16,16,16,16,16,16,16,16,16,16],"floor_reached":33,"playtime":4763,"items_purged":["Doubt"],"score":580,"play_id":"f49ecd36-060e-42c9-8dfb-74b9f4f7aa00","local_time":"20190205184951","is_ascension_mode":true,"campfire_choices":[{"data":"Neutralize","floor":6.0,"key":"SMITH"},{"data":"Backflip","floor":8.0,"key":"SMITH"},{"data":"Noxious Fumes","floor":13.0,"key":"SMITH"},{"floor":15.0,"key":"REST"},{"floor":23.0,"key":"REST"},{"floor":30,"key":"REST"},{"floor":32,"key":"REST"}],"neow_cost":"NONE","seed_source_timestamp":5367297265734,"circlet_count":0,"master_deck":["AscendersBane","Defend_G","Defend_G","Defend_G","Defend_G","Defend_G","Strike_G","Strike_G","Strike_G","Strike_G","Strike_G","Survivor","Neutralize+1","Backflip+1","Dagger Throw","Slice","Caltrops","Noxious Fumes+1","Backstab","Predator","Backflip","Malaise","Dash","Footwork","Dagger Spray","Cloak And Dagger","Cloak And Dagger","Catalyst","Deadly Poison","Noxious Fumes"],"special_seed":0,"relics":["Ring of the Snake","NeowsBlessing","Art of War","The Specimen","Ornamental Fan","Ectoplasm","Smiling Mask","Letter Opener","Prayer Wheel"],"potions_floor_usage":[33],"damage_taken":[{"damage":0.0,"enemies":"Small Slimes","floor":1.0,"turns":1.0},{"damage":0.0,"enemies":"Jaw Worm","floor":5.0,"turns":1.0},{"damage":0.0,"enemies":"Lagavulin","floor":7.0,"turns":1.0},{"damage":0.0,"enemies":"2 Louse","floor":10.0,"turns":4.0},{"damage":31.0,"enemies":"Slime Boss","floor":16.0,"turns":12.0},{"damage":26.0,"enemies":"2 Thieves","floor":18.0,"turns":4.0},{"damage":9.0,"enemies":"Chosen","floor":19.0,"turns":6.0},{"damage":11.0,"enemies":"Snake Plant","floor":21.0,"turns":5.0},{"damage":9.0,"enemies":"Centurion and Healer","floor":22.0,"turns":9.0},{"damage":9.0,"enemies":"Snecko","floor":24.0,"turns":5.0},{"damage":7.0,"enemies":"Chosen and Byrds","floor":27.0,"turns":4.0},{"damage":6,"enemies":"Snake Plant","floor":29,"turns":5},{"damage":30,"enemies":"Gremlin Leader","floor":31,"turns":7},{"damage":26,"enemies":"Automaton","floor":33,"turns":4}],"seed_played":"-8506906706429410968","potions_obtained":[{"floor":1.0,"key":"SpeedPotion"},{"floor":16.0,"key":"Energy Potion"},{"floor":18.0,"key":"Block Potion"},{"floor":22.0,"key":"Explosive Potion"},{"floor":24.0,"key":"Explosive Potion"},{"floor":31,"key":"Block Potion"}],"is_trial":false,"path_per_floor":["M","?","T","?","M","R","E","R","T","M","$","?","R","?","R","B",null,"M","M","?","M","M","R","M","$","T","M","?","M","R","E","R","B"],"character_chosen":"THE_SILENT","items_purchased":["Noxious Fumes","Backstab","Predator","Backflip"],"campfire_rested":4,"item_purchase_floors":[11,11,11,11],"current_hp_per_floor":[59,59,59,59,59,59,59,59,59,59,59,59,59,50,66,35,58,32,23,23,12,3,22,13,13,13,6,19,13,32,2,21,0],"gold":16,"neow_bonus":"THREE_ENEMY_KILL","is_prod":false,"is_daily":false,"chose_seed":false,"campfire_upgraded":3,"win_rate":0,"timestamp":1549410591,"path_taken":["M","?","?","?","M","R","E","R","T","M","$","?","R","?","R","BOSS","M","?","?","M","M","R","M","$","T","M","?","M","R","E","R","BOSS"],"build_version":"2019-01-23","purchased_purges":1,"victory":false,"max_hp_per_floor":[66,66,66,66,66,66,66,66,66,66,66,66,66,66,66,66,66,66,66,66,66,66,66,66,66,66,66,66,66,66,66,66,66],"card_choices":[{"not_picked":["Bane","Acrobatics"],"picked":"Backflip","floor":1.0},{"not_picked":["PiercingWail","Finisher"],"picked":"Dagger Throw","floor":5.0},{"not_picked":["Quick Slash","Finisher"],"picked":"Slice","floor":7.0},{"not_picked":["Slice","Blur"],"picked":"Caltrops","floor":10.0},{"not_picked":["Grand Finale","After Image"],"picked":"Malaise","floor":16.0},{"not_picked":["Backflip","Concentrate"],"picked":"Dash","floor":18.0},{"not_picked":["Dagger Spray","Finisher"],"picked":"Footwork","floor":19.0},{"not_picked":["Finisher","Backflip+1"],"picked":"Dagger Spray","floor":21.0},{"not_picked":["Blade Dance","Expertise"],"picked":"Cloak And Dagger","floor":22.0},{"not_picked":["Flying Knee+1","Slice+1"],"picked":"Cloak And Dagger","floor":24.0},{"not_picked":["Endless Agony","Underhanded Strike"],"picked":"Catalyst","floor":27.0},{"not_picked":["Riddle With Holes","Acrobatics+1"],"picked":"Deadly Poison","floor":29},{"not_picked":["Predator","Underhanded Strike"],"picked":"Noxious Fumes","floor":31}],"player_experience":3193099,"relics_obtained":[{"floor":3.0,"key":"Art of War"},{"floor":7.0,"key":"The Specimen"},{"floor":9.0,"key":"Ornamental Fan"},{"floor":26.0,"key":"Letter Opener"},{"floor":31,"key":"Prayer Wheel"}],"event_choices":[{"damage_healed":0.0,"max_hp_gain":0.0,"max_hp_loss":0.0,"gold_gain":0.0,"event_name":"The Cleric","player_choice":"Leave","floor":2.0,"gold_loss":0.0,"damage_taken":0.0},{"damage_healed":0.0,"max_hp_gain":0.0,"max_hp_loss":0.0,"gold_gain":150.0,"event_name":"Liars Game","player_choice":"AGREE","floor":4.0,"gold_loss":0.0,"damage_taken":0.0,"cards_obtained":["Doubt"]},{"damage_healed":0.0,"max_hp_gain":0.0,"max_hp_loss":0.0,"gold_gain":67.0,"event_name":"Golden Wing","player_choice":"Gained Gold","floor":12.0,"gold_loss":0.0,"damage_taken":0.0},{"damage_healed":0.0,"max_hp_gain":0.0,"max_hp_loss":0.0,"gold_gain":0.0,"event_name":"Wheel of Change","player_choice":"Damaged","floor":14.0,"gold_loss":0.0,"damage_taken":9.0},{"damage_healed":0.0,"max_hp_gain":0.0,"max_hp_loss":0.0,"gold_gain":0.0,"event_name":"Addict","player_choice":"Obtained Relic","floor":20.0,"gold_loss":85.0,"damage_taken":0.0,"relics_obtained":["Smiling Mask"]},{"damage_healed":13,"gold_gain":0,"player_choice":"Heal","damage_taken":0,"max_hp_gain":0,"max_hp_loss":0,"event_name":"The Library","floor":28,"gold_loss":0}],"is_beta":false,"boss_relics":[{"not_picked":["Black Star","Velvet Choker"],"picked":"Ectoplasm"}],"items_purged_floors":[11],"is_endless":false,"potions_floor_spawned":[1,16,18,22,24,31],"killed_by":"Automaton","ascension_level":20}