{"gold_per_floor":[112,131,53,72,72,106,125,125,125,156,4,4,4,17,17,96,96,96,96,96,15,15,15,15,15,15,15,15,15,15,15,15,15,15,15,0,0,0,0,0,0,0,0,0,0,0,0,0,0,0,0],"floor_reached":52,"playtime":2135,"items_purged":["Strike_B"],"score":1678,"play_id":"497b1a47-ddba-4b58-86fb-ec642cfc1c53","local_time":"20190325222530","is_ascension_mode":true,"campfire_choices":[{"data":"Genetic Algorithm","floor":8.0,"key":"SMITH"},{"floor":15.0,"key":"REST"},{"data":"Defragment","floor":23.0,"key":"SMITH"},{"floor":32.0,"key":"REST"},{"data":"Consume","floor":40.0,"key":"SMITH"},{"data":"Capacitor","floor":42.0,"key":"SMITH"},{"data":"Zap","floor":44.0,"key":"SMITH"},{"data":"Loop","floor":49.0,"key":"SMITH"}],"neow_cost":"NONE","seed_source_timestamp":470506167035161,"circlet_count":0,"master_deck":["AscendersBane","Strike_B","Strike_B","Strike_B","Defend_B","Defend_B","Defend_B","Defend_B","Zap+1","Dualcast","Ball Lightning","Glacier","Genetic Algorithm+1","Sweeping Beam","Ball Lightning","Capacitor+1","Self Repair","Coolheaded","Consume+1","Defragment+1","White Noise+1","Seek","Reinforced Body","Auto Shields+1","Cold Snap+1","Loop+1"],"special_seed":0,"relics":["FrozenCore","NeowsBlessing","Turnip","Bag of Preparation","Cables","Thread and Needle","Ectoplasm","Symbiotic Virus","Potion Belt","Red Mask","Bird Faced Urn","Gambling Chip"],"potions_floor_usage":[],"damage_taken":[{"damage":0.0,"enemies":"Cultist","floor":1.0,"turns":1.0},{"damage":0.0,"enemies":"Jaw Worm","floor":2.0,"turns":1.0},{"damage":0.0,"enemies":"Small Slimes","floor":4.0,"turns":1.0},{"damage":14.0,"enemies":"3 Sentries","floor":6.0,"turns":9.0},{"damage":12.0,"enemies":"2 Fungi Beasts","floor":7.0,"turns":3.0},{"damage":34.0,"enemies":"Gremlin Nob","floor":10.0,"turns":5.0},{"damage":0.0,"enemies":"Large Slime","floor":14.0,"turns":4.0},{"damage":21.0,"enemies":"The Guardian","floor":16.0,"turns":11.0},{"damage":6.0,"enemies":"Shell Parasite","floor":18.0,"turns":6.0},{"damage":4.0,"enemies":"3 Byrds","floor":22.0,"turns":5.0},{"damage":14.0,"enemies":"Snake Plant","floor":27.0,"turns":3.0},{"damage":9.0,"enemies":"Centurion and Healer","floor":28.0,"turns":11.0},{"damage":14.0,"enemies":"Snecko","floor":29.0,"turns":4.0},{"damage":6.0,"enemies":"Collector","floor":33.0,"turns":15.0},{"damage":2.0,"enemies":"Orb Walker","floor":35.0,"turns":3.0},{"damage":0.0,"enemies":"3 Shapes","floor":37.0,"turns":5.0},{"damage":9.0,"enemies":"Spire Growth","floor":38.0,"turns":7.0},{"damage":16.0,"enemies":"3 Darklings","floor":39.0,"turns":8.0},{"damage":11.0,"enemies":"4 Shapes","floor":45.0,"turns":6.0},{"damage":4.0,"enemies":"Sphere and 2 Shapes","floor":47.0,"turns":5.0},{"damage":8.0,"enemies":"Jaw Worm Horde","floor":48.0,"turns":4.0},{"damage":28.0,"enemies":"Time Eater","floor":50.0,"turns":15.0},{"damage":9,"enemies":"Awakened One","floor":51,"turns":28}],"seed_played":"4002376845503153566","potions_obtained":[{"floor":7.0,"key":"SpeedPotion"},{"floor":10.0,"key":"FocusPotion"},{"floor":16.0,"key":"FocusPotion"},{"floor":28.0,"key":"Regen Potion"},{"floor":29.0,"key":"Dexterity Potion"},{"floor":35.0,"key":"Ancient Potion"},{"floor":38.0,"key":"FearPotion"},{"floor":45.0,"key":"Dexterity Potion"}],"is_trial":false,"path_per_floor":["M","M","$","M","T","E","M","R","T","E","$","?","?","M","R","B",null,"M","?","?","$","M","R","$","?","T","M","M","M","$","?","R","B",null,"M","?","M","M","M","R","?","R","T","R","M","T","M","M","R","B","B",null],"character_chosen":"DEFECT","items_purchased":["Genetic Algorithm","Capacitor","Defragment"],"campfire_rested":2,"item_purchase_floors":[3,11,21],"current_hp_per_floor":[64,64,64,64,64,50,38,38,38,4,4,4,4,4,25,11,56,57,57,57,57,60,60,60,60,60,53,51,53,53,53,71,71,71,71,71,71,69,60,60,60,60,60,60,64,64,71,67,67,54,62],"gold":0,"neow_bonus":"THREE_ENEMY_KILL","is_prod":false,"is_daily":false,"chose_seed":false,"campfire_upgraded":6,"win_rate":0,"timestamp":1553549130,"path_taken":["M","?","$","?","?","E","M","R","T","E","$","?","?","M","R","BOSS","M","?","?","$","M","R","$","?","T","M","?","M","$","?","R","BOSS","M","?","M","M","M","R","?","R","T","R","M","?","?","M","R","BOSS","BOSS"],"build_version":"2019-01-23","purchased_purges":1,"victory":true,"max_hp_per_floor":[71,71,71,71,71,71,71,71,71,71,71,71,71,71,71,71,71,71,71,71,71,71,71,71,71,71,71,71,71,71,71,71,71,71,71,71,71,71,71,71,71,71,71,71,71,71,71,71,71,71,71],"card_choices":[{"not_picked":["Lockon","Cold Snap"],"picked":"Ball Lightning","floor":1.0},{"not_picked":["Lockon","Beam Cell"],"picked":"Glacier","floor":2.0},{"not_picked":["Scrape","Stack","Steam"],"picked":"SKIP","floor":4.0},{"not_picked":["Steam Power","FTL"],"picked":"Sweeping Beam","floor":6.0},{"not_picked":["Beam Cell","Turbo"],"picked":"Ball Lightning","floor":7.0},{"not_picked":["Beam Cell","Go for the Eyes","Storm"],"picked":"SKIP","floor":10.0},{"not_picked":["Streamline","Lockon"],"picked":"Self Repair","floor":14.0},{"not_picked":["Heatsinks","Barrage"],"picked":"Coolheaded","floor":18.0},{"not_picked":["Sunder","Heatsinks"],"picked":"White Noise+1","floor":22.0},{"not_picked":["Reprogram","Gash","Double Energy"],"picked":"SKIP","floor":27.0},{"not_picked":["Scrape","Steam Power+1","Steam"],"picked":"SKIP","floor":28.0},{"not_picked":["Undo","Barrage","Cold Snap"],"picked":"SKIP","floor":29.0},{"not_picked":["Amplify","Hyperbeam"],"picked":"Seek","floor":33.0},{"not_picked":["Stack","Skim"],"picked":"Reinforced Body","floor":35.0},{"not_picked":["Conserve Battery","Barrage","Undo"],"picked":"SKIP","floor":37.0},{"not_picked":["Rebound","Consume+1"],"picked":"Auto Shields+1","floor":38.0},{"not_picked":["Self Repair+1","Stack"],"picked":"Cold Snap+1","floor":39.0},{"not_picked":["Stack+1","Reinforced Body+1"],"picked":"Loop","floor":45.0},{"not_picked":["Streamline","Cold Snap","Scrape"],"picked":"SKIP","floor":47.0},{"not_picked":["Thunder Strike","Skim","Redo"],"picked":"SKIP","floor":48.0}],"player_experience":1118294,"relics_obtained":[{"floor":5.0,"key":"Turnip"},{"floor":6.0,"key":"Bag of Preparation"},{"floor":9.0,"key":"Cables"},{"floor":10.0,"key":"Thread and Needle"},{"floor":26.0,"key":"Potion Belt"},{"floor":43.0,"key":"Bird Faced Urn"},{"floor":46.0,"key":"Gambling Chip"}],"event_choices":[{"damage_healed":0.0,"max_hp_gain":0.0,"max_hp_loss":0.0,"gold_gain":0.0,"event_name":"Scrap Ooze","player_choice":"Fled","floor":12.0,"gold_loss":0.0,"damage_taken":0.0},{"damage_healed":0.0,"max_hp_gain":0.0,"max_hp_loss":0.0,"gold_gain":0.0,"event_name":"Liars Game","player_choice":"Ignored","floor":13.0,"gold_loss":0.0,"damage_taken":0.0},{"damage_healed":0.0,"max_hp_gain":0.0,"max_hp_loss":0.0,"gold_gain":0.0,"event_name":"The Library","player_choice":"Read","floor":19.0,"gold_loss":0.0,"damage_taken":0.0,"cards_obtained":["Consume"]},{"damage_healed":0.0,"max_hp_gain":0.0,"max_hp_loss":0.0,"gold_gain":0.0,"event_name":"Ghosts","player_choice":"Ignored","floor":20.0,"gold_loss":0.0,"damage_taken":0.0},{"damage_healed":0.0,"max_hp_gain":0.0,"max_hp_loss":0.0,"gold_gain":0.0,"event_name":"WeMeetAgain","player_choice":"Gave Potion","floor":25.0,"gold_loss":0.0,"damage_taken":0.0,"relics_obtained":["Symbiotic Virus"]},{"damage_healed":0.0,"max_hp_gain":0.0,"max_hp_loss":0.0,"gold_gain":0.0,"event_name":"The Mausoleum","player_choice":"Ignored","floor":31.0,"gold_loss":0.0,"damage_taken":0.0},{"damage_healed":0.0,"max_hp_gain":0.0,"max_hp_loss":0.0,"gold_gain":0.0,"event_name":"Tomb of Lord Red Mask","player_choice":"Paid","floor":36.0,"gold_loss":15.0,"damage_taken":0.0,"relics_obtained":["Red Mask"]},{"damage_healed":0.0,"max_hp_gain":0.0,"max_hp_loss":0.0,"gold_gain":0.0,"event_name":"Mysterious Sphere","player_choice":"Ignored","floor":41.0,"gold_loss":0.0,"damage_taken":0.0}],"is_beta":false,"boss_relics":[{"not_picked":["Inserter","Empty Cage"],"picked":"Ectoplasm"},{"not_picked":["Runic Pyramid","Nuclear Battery"],"picked":"FrozenCore"}],"items_purged_floors":[11],"is_endless":false,"potions_floor_spawned":[7,10,16,28,29,35,38,45],"ascension_level":20}