{"gold_per_floor":[109,109,124,124,1,1,26,38,38,38,58,88,153,153,153,256,256,273,273,49,66,82,82],"floor_reached":23,"playtime":1377,"items_purged":["Bite"],"score":249,"play_id":"756d9c27-611d-4620-80f9-dc3863d74709","local_time":"20190307132917","is_ascension_mode":false,"campfire_choices":[{"data":"Combust","floor":6,"key":"SMITH"},{"data":"Flex","floor":10,"key":"SMITH"},{"floor":15,"key":"REST"}],"neow_cost":"NONE","seed_source_timestamp":698489515653147,"circlet_count":0,"master_deck":["Defend_R","Defend_R","Defend_R","Bash","Flex+1","Cleave","Regret","Combust+1","Shrug It Off+1","Thunderclap","Armaments","Shrug It Off","Limit Break","Bite","Bite","Bite","Bite"],"relics":["Burning Blood","NeowsBlessing","Matryoshka","Sundial","Darkstone Periapt","Bottled Lightning","Singing Bowl","Centennial Puzzle","Empty Cage","Red Skull"],"potions_floor_usage":[12,12,12,16,16,18,22],"damage_taken":[{"damage":0,"enemies":"Jaw Worm","floor":1,"turns":1},{"damage":0,"enemies":"2 Louse","floor":3,"turns":1},{"damage":0,"enemies":"Lagavulin","floor":7,"turns":1},{"damage":7,"enemies":"Small Slimes","floor":8,"turns":3},{"damage":10,"enemies":"Looter","floor":11,"turns":3},{"damage":14,"enemies":"3 Sentries","floor":12,"turns":5},{"damage":51,"enemies":"Lagavulin Event","floor":13,"turns":7},{"damage":25,"enemies":"Slime Boss","floor":16,"turns":8},{"damage":26,"enemies":"Spheric Guardian","floor":18,"turns":6},{"damage":19,"enemies":"Chosen","floor":21,"turns":5},{"damage":35,"enemies":"Centurion and Healer","floor":22,"turns":9},{"damage":41,"enemies":"Slavers","floor":23,"turns":2}],"seed_played":"-8244422690727386344","potions_obtained":[{"floor":7,"key":"Energy Potion"},{"floor":11,"key":"EntropicBrew"},{"floor":16,"key":"PowerPotion"},{"floor":18,"key":"GamblersBrew"}],"is_trial":false,"path_per_floor":["M","?","M","?","$","R","E","M","T","R","M","E","?","?","R","B",null,"M","?","$","M","M","E"],"character_chosen":"IRONCLAD","items_purchased":["Combust","Shrug It Off","Red Skull"],"campfire_rested":1,"item_purchase_floors":[5,5,20],"current_hp_per_floor":[80,73,79,79,79,79,80,79,79,79,75,67,24,8,32,13,82,64,58,58,49,38,0],"gold":82,"neow_bonus":"THREE_ENEMY_KILL","is_prod":false,"is_daily":false,"chose_seed":false,"campfire_upgraded":2,"win_rate":0,"timestamp":1551983357,"path_taken":["M","?","M","?","$","R","E","M","T","R","?","E","?","?","R","BOSS","M","?","$","M","M","E"],"build_version":"2019-01-23","purchased_purges":1,"victory":false,"max_hp_per_floor":[80,80,80,80,80,80,80,80,80,80,80,80,82,82,82,82,82,84,58,58,60,62,62],"card_choices":[{"not_picked":["Perfected Strike","Wild Strike"],"picked":"Flex","floor":1},{"not_picked":["Perfected Strike","Body Slam"],"picked":"Cleave","floor":3},{"not_picked":["Sword Boomerang","True Grit"],"picked":"Thunderclap","floor":7},{"not_picked":["Dark Embrace","Flex","Feel No Pain"],"picked":"SKIP","floor":8},{"not_picked":["Havoc","Entrench"],"picked":"Armaments","floor":11},{"not_picked":["Twin Strike","Burning Pact"],"picked":"Shrug It Off","floor":12},{"not_picked":["Carnage","Heavy Blade","Wild Strike"],"picked":"Singing Bowl","floor":13},{"not_picked":["Exhume","Offering"],"picked":"Limit Break","floor":16},{"not_picked":["Clash","Body Slam","Ghostly Armor+1"],"picked":"Singing Bowl","floor":18},{"not_picked":["Twin Strike","Sword Boomerang","Sever Soul"],"picked":"Singing Bowl","floor":21},{"not_picked":["Armaments","Flex","Fiend Fire"],"picked":"Singing Bowl","floor":22}],"player_experience":90513,"relics_obtained":[{"floor":7,"key":"Sundial"},{"floor":9,"key":"Darkstone Periapt"},{"floor":9,"key":"Bottled Lightning"},{"floor":12,"key":"Singing Bowl"},{"floor":13,"key":"Centennial Puzzle"}],"event_choices":[{"cards_removed":["Defend_R"],"damage_healed":0,"gold_gain":0,"player_choice":"Card Removal","damage_taken":7,"max_hp_gain":0,"max_hp_loss":0,"event_name":"Golden Wing","floor":2,"gold_loss":0},{"damage_healed":0,"gold_gain":0,"player_choice":"Box","damage_taken":0,"relics_obtained":["Matryoshka"],"max_hp_gain":0,"max_hp_loss":0,"event_name":"Big Fish","floor":4,"gold_loss":0,"cards_obtained":["Regret"]},{"damage_healed":0,"gold_gain":0,"player_choice":"Searched \u00272\u0027 times","damage_taken":0,"max_hp_gain":0,"max_hp_loss":0,"event_name":"Dead Adventurer","floor":13,"gold_loss":0},{"damage_healed":0,"gold_gain":0,"player_choice":"Entered Light","damage_taken":16,"max_hp_gain":0,"max_hp_loss":0,"event_name":"Shining Light","floor":14,"gold_loss":0,"cards_upgraded":["Shrug It Off","Strike_R"]},{"damage_healed":0,"gold_gain":0,"player_choice":"Became a vampire","damage_taken":0,"max_hp_gain":0,"max_hp_loss":26,"event_name":"Vampires","floor":19,"gold_loss":0,"cards_obtained":["Bite","Bite","Bite","Bite","Bite"]}],"is_beta":false,"boss_relics":[{"not_picked":["Calling Bell","Black Blood"],"picked":"Empty Cage"}],"items_purged_floors":[20],"is_endless":false,"potions_floor_spawned":[7,11,16,18],"killed_by":"Slavers","ascension_level":0}