{"gold_per_floor":[113,123,123,103,117,146,146,165,192,117,117,128,128,144,144,219,219,234,94,104,104,116,116],"floor_reached":23,"playtime":1815,"items_purged":["Dark Embrace","Corruption"],"score":401,"play_id":"2ca908bd-231c-47b3-bce4-ec5eaab25f8b","local_time":"20190107123815","is_ascension_mode":true,"campfire_choices":[{"floor":7.0,"key":"REST"},{"data":"Armaments","floor":11.0,"key":"SMITH"},{"floor":15.0,"key":"REST"}],"neow_cost":"NONE","seed_source_timestamp":44972035522151,"circlet_count":0,"master_deck":["AscendersBane","Bash","Flex","Sentinel","Carnage","Immolate","Demon Form","Dropkick","Armaments+1","Dropkick","True Grit","Reaper","Evolve+1","Bite","Bite","Bite","Bite","Bite"],"special_seed":0,"relics":["Pandora\u0027s Box","Strawberry","Centennial Puzzle","Frozen Egg 2","Cursed Key"],"potions_floor_usage":[23],"damage_taken":[{"damage":12.0,"enemies":"Small Slimes","floor":1.0,"turns":2.0},{"damage":1.0,"enemies":"Cultist","floor":2.0,"turns":3.0},{"damage":7.0,"enemies":"Jaw Worm","floor":5.0,"turns":3.0},{"damage":17.0,"enemies":"3 Sentries","floor":6.0,"turns":5.0},{"damage":0.0,"enemies":"Lots of Slimes","floor":8.0,"turns":1.0},{"damage":13.0,"enemies":"Blue Slaver","floor":12.0,"turns":2.0},{"damage":5.0,"enemies":"3 Louse","floor":14.0,"turns":3.0},{"damage":28.0,"enemies":"Slime Boss","floor":16.0,"turns":5.0},{"damage":20.0,"enemies":"2 Thieves","floor":18.0,"turns":4.0},{"damage":13.0,"enemies":"Chosen","floor":20.0,"turns":4.0},{"damage":18.0,"enemies":"3 Cultists","floor":22.0,"turns":4.0},{"damage":61,"enemies":"Book of Stabbing","floor":23,"turns":3}],"seed_played":"-5619708879522102664","potions_obtained":[{"floor":2.0,"key":"EntropicBrew"},{"floor":4.0,"key":"Fire Potion"},{"floor":14.0,"key":"Strength Potion"},{"floor":18.0,"key":"Strength Potion"},{"floor":22.0,"key":"SteroidPotion"}],"is_trial":false,"path_per_floor":["M","M","?","?","M","E","R","M","T","$","R","M","T","M","R","B",null,"M","$","M","?","M","E"],"character_chosen":"IRONCLAD","items_purchased":["Evolve+1"],"campfire_rested":2,"item_purchase_floors":[19],"current_hp_per_floor":[56,55,48,48,41,31,55,55,55,55,55,42,42,37,61,33,70,62,62,49,49,49,0],"gold":116,"neow_bonus":"BOSS_RELIC","is_prod":false,"is_daily":false,"chose_seed":false,"campfire_upgraded":1,"win_rate":0,"timestamp":1546882695,"path_taken":["M","M","?","?","M","E","R","M","T","$","R","?","?","M","R","BOSS","M","$","?","?","M","E"],"build_version":"2019-01-03v4","purchased_purges":2,"victory":false,"max_hp_per_floor":[75,75,75,75,75,82,82,82,82,82,82,82,82,82,82,82,82,82,82,82,57,57,57],"card_choices":[{"not_picked":["Sword Boomerang","Perfected Strike","Dropkick"],"picked":"SKIP","floor":1.0},{"not_picked":["Iron Wave","True Grit"],"picked":"Armaments","floor":2.0},{"not_picked":["Shrug It Off","Armaments"],"picked":"Dropkick","floor":5.0},{"not_picked":["Fire Breathing","Intimidate","Iron Wave"],"picked":"SKIP","floor":6.0},{"not_picked":["Seeing Red","Warcry","Shrug It Off"],"picked":"SKIP","floor":8.0},{"not_picked":["Dropkick","Bloodletting"],"picked":"True Grit","floor":12.0},{"not_picked":["Twin Strike","Pommel Strike","True Grit"],"picked":"SKIP","floor":14.0},{"not_picked":["Demon Form+1","Offering"],"picked":"Reaper","floor":16.0},{"not_picked":["Pommel Strike","Perfected Strike+1","Sword Boomerang+1"],"picked":"SKIP","floor":18.0},{"not_picked":["Body Slam","Hemokinesis","Perfected Strike"],"picked":"SKIP","floor":20.0},{"not_picked":["Iron Wave","Reckless Charge","Shrug It Off"],"picked":"SKIP","floor":22.0}],"player_experience":2825992,"relics_obtained":[{"floor":6.0,"key":"Strawberry"},{"floor":9.0,"key":"Centennial Puzzle"},{"floor":13.0,"key":"Frozen Egg 2"}],"event_choices":[{"cards_removed":["Corruption"],"damage_healed":0.0,"max_hp_gain":0.0,"max_hp_loss":0.0,"gold_gain":0.0,"event_name":"Golden Wing","player_choice":"Card Removal","floor":3.0,"gold_loss":0.0,"damage_taken":7.0},{"damage_healed":0.0,"max_hp_gain":0.0,"max_hp_loss":0.0,"gold_gain":0.0,"event_name":"The Woman in Blue","player_choice":"Bought 1 Potion","floor":4.0,"gold_loss":0.0,"damage_taken":0.0},{"damage_healed":0.0,"max_hp_gain":0.0,"max_hp_loss":25.0,"gold_gain":0.0,"event_name":"Vampires","player_choice":"Became a vampire","floor":21.0,"gold_loss":0.0,"damage_taken":0.0,"cards_obtained":["Bite","Bite","Bite","Bite","Bite"]}],"is_beta":false,"boss_relics":[{"not_picked":["Ectoplasm","Sozu"],"picked":"Cursed Key"}],"items_purged_floors":[10,19],"is_endless":false,"potions_floor_spawned":[2,6,12,14,18,22],"killed_by":"Book of Stabbing","ascension_level":19}