{"gold_per_floor":[110,121,25,41,57,86,86,106,106,256,274,274],"floor_reached":12,"playtime":2283,"items_purged":[],"score":164,"play_id":"d079ac0d-ea9d-4967-89f6-c522f0adc049","local_time":"20190201154703","is_ascension_mode":true,"campfire_choices":[{"floor":7,"key":"REST"}],"neow_cost":"NONE","seed_source_timestamp":360017286579048,"circlet_count":0,"master_deck":["AscendersBane","Defend_G","Defend_G","Defend_G","Defend_G","Defend_G","Strike_G","Strike_G","Strike_G","Strike_G","Strike_G","Survivor","Neutralize","Dagger Spray","Poisoned Stab","Escape Plan","Bane","Poisoned Stab","Dagger Spray","Predator","Skewer","Doubt","Dash"],"relics":["Runic Dome","Darkstone Periapt","Juzu Bracelet"],"potions_floor_usage":[6,11],"damage_taken":[{"damage":0,"enemies":"2 Louse","floor":1,"turns":3},{"damage":4,"enemies":"Jaw Worm","floor":2,"turns":4},{"damage":4,"enemies":"Small Slimes","floor":4,"turns":3},{"damage":16,"enemies":"2 Fungi Beasts","floor":5,"turns":3},{"damage":29,"enemies":"Lagavulin","floor":6,"turns":6},{"damage":18,"enemies":"Lots of Slimes","floor":8,"turns":3},{"damage":11,"enemies":"Exordium Wildlife","floor":11,"turns":4},{"damage":3,"enemies":"Blue Slaver","floor":12,"turns":1}],"seed_played":"6633901795043666921","potions_obtained":[{"floor":2,"key":"GhostInAJar"},{"floor":5,"key":"Weak Potion"},{"floor":6,"key":"Block Potion"}],"is_trial":false,"path_per_floor":["M","M","$","M","M","E","R","M","T","?","M","M"],"character_chosen":"THE_SILENT","items_purchased":["Escape Plan","Bane"],"campfire_rested":1,"item_purchase_floors":[3,3],"current_hp_per_floor":[59,55,55,51,35,6,25,7,7,13,2,0],"gold":274,"neow_bonus":"BOSS_RELIC","is_prod":false,"is_daily":false,"chose_seed":false,"campfire_upgraded":0,"win_rate":0,"timestamp":1549054023,"path_taken":["M","M","$","M","M","E","R","M","T","?","M","M"],"build_version":"2019-01-23","purchased_purges":0,"victory":false,"max_hp_per_floor":[66,66,66,66,66,66,66,66,66,72,72,72],"card_choices":[{"not_picked":["Backflip","Blade Dance"],"picked":"Dagger Spray","floor":1},{"not_picked":["Quick Slash","Setup"],"picked":"Poisoned Stab","floor":2},{"not_picked":["Dagger Throw","Prepared"],"picked":"Poisoned Stab","floor":4},{"not_picked":["Finisher","Backflip"],"picked":"Dagger Spray","floor":5},{"not_picked":["Prepared","Dagger Spray"],"picked":"Predator","floor":6},{"not_picked":["Heel Hook","Phantasmal Killer"],"picked":"Skewer","floor":8},{"not_picked":["PiercingWail","Backflip"],"picked":"Dash","floor":11}],"player_experience":3155256,"relics_obtained":[{"floor":6,"key":"Darkstone Periapt"},{"floor":9,"key":"Juzu Bracelet"}],"event_choices":[{"damage_healed":0,"gold_gain":150,"player_choice":"AGREE","damage_taken":0,"max_hp_gain":0,"max_hp_loss":0,"event_name":"Liars Game","floor":10,"gold_loss":0,"cards_obtained":["Doubt"]}],"is_beta":false,"boss_relics":[],"items_purged_floors":[],"is_endless":false,"potions_floor_spawned":[2,5,6],"killed_by":"Blue Slaver","ascension_level":20}