{"gold_per_floor":[109,109,120,10,10,10,45,45,68,83,83,113,132,142,142,240,240,240,240,18,18,18,18,0,0,0,0,0,0,0,0,0,0,0,0,0,0,0,0,0,0],"floor_reached":41,"playtime":2141,"items_purged":["Strike_R"],"score":584,"play_id":"7e11782f-46ea-41a1-bed1-4407ec1ba480","local_time":"20190312081711","is_ascension_mode":true,"campfire_choices":[{"data":"Uppercut","floor":6,"key":"SMITH"},{"data":"Heavy Blade","floor":8,"key":"SMITH"},{"data":"Bash","floor":15,"key":"SMITH"},{"data":"Demon Form","floor":23,"key":"SMITH"},{"data":"Combust","floor":25,"key":"SMITH"},{"data":"Iron Wave","floor":27,"key":"SMITH"},{"data":"Ghostly Armor","floor":30,"key":"SMITH"},{"floor":32,"key":"REST"},{"data":"True Grit","floor":40,"key":"SMITH"}],"neow_cost":"NONE","seed_source_timestamp":770442324006540,"circlet_count":0,"master_deck":["Strike_R","Strike_R+1","Strike_R","Strike_R+1","Defend_R","Defend_R","Defend_R","Bash+1","Spot Weakness+1","Headbutt","Uppercut+1","Heavy Blade+1","True Grit+1","Ghostly Armor+1","Demon Form+1","Iron Wave+1","Combust+1","Shame","Offering","Shrug It Off"],"relics":["Burning Blood","NeowsBlessing","Kunai","Ancient Tea Set","Blood Vial","Ectoplasm","Whetstone","Self Forming Clay","Orichalcum","Red Skull","Orrery"],"potions_floor_usage":[12,16,21,28,28,29,41,41,41],"damage_taken":[{"damage":0,"enemies":"Cultist","floor":1,"turns":1},{"damage":0,"enemies":"Jaw Worm","floor":3,"turns":1},{"damage":0,"enemies":"Gremlin Nob","floor":7,"turns":1},{"damage":2,"enemies":"2 Louse","floor":10,"turns":2},{"damage":20,"enemies":"3 Sentries","floor":12,"turns":5},{"damage":6,"enemies":"2 Fungi Beasts","floor":13,"turns":4},{"damage":17,"enemies":"Lots of Slimes","floor":14,"turns":5},{"damage":32,"enemies":"Hexaghost","floor":16,"turns":6},{"damage":8,"enemies":"Chosen","floor":18,"turns":4},{"damage":25,"enemies":"Shell Parasite","floor":19,"turns":4},{"damage":14,"enemies":"Snecko","floor":21,"turns":5},{"damage":4,"enemies":"Centurion and Healer","floor":28,"turns":4},{"damage":13,"enemies":"Snake Plant","floor":29,"turns":3},{"damage":41,"enemies":"Slavers","floor":31,"turns":5},{"damage":17,"enemies":"Champ","floor":33,"turns":6},{"damage":27,"enemies":"3 Darklings","floor":35,"turns":5},{"damage":51,"enemies":"Reptomancer","floor":41,"turns":5}],"seed_played":"7437668307986067771","potions_obtained":[{"floor":1,"key":"Dexterity Potion"},{"floor":10,"key":"Strength Potion"},{"floor":14,"key":"Weak Potion"},{"floor":16,"key":"Dexterity Potion"},{"floor":21,"key":"Energy Potion"},{"floor":28,"key":"Weak Potion"},{"floor":33,"key":"SpeedPotion"},{"floor":39,"key":"Dexterity Potion"},{"floor":39,"key":"Swift Potion"}],"is_trial":false,"path_per_floor":["M","?","M","$","?","R","E","R","T","M","?","E","M","M","R","B",null,"M","M","$","M","?","R","?","R","T","R","M","M","R","E","R","B",null,"M","?","$","?","?","R","E"],"character_chosen":"IRONCLAD","items_purchased":["Uppercut","Combust","Whetstone"],"campfire_rested":1,"item_purchase_floors":[4,20,20],"current_hp_per_floor":[80,80,80,80,80,80,80,80,80,80,80,66,68,59,59,35,69,69,52,52,46,46,46,46,46,46,46,50,45,45,12,36,27,67,48,48,48,48,48,48,0],"gold":0,"neow_bonus":"THREE_ENEMY_KILL","is_prod":false,"is_daily":false,"chose_seed":false,"campfire_upgraded":8,"win_rate":0,"timestamp":1552393031,"path_taken":["M","?","M","?","?","R","E","R","T","?","?","E","M","M","R","BOSS","M","M","$","M","?","R","?","R","T","R","M","M","R","E","R","BOSS","M","?","$","?","?","R","E"],"build_version":"2019-01-23","purchased_purges":1,"victory":false,"max_hp_per_floor":[80,80,80,80,80,80,80,80,80,80,80,80,80,80,80,80,80,80,80,80,80,80,80,80,80,80,80,80,80,80,80,80,80,80,80,80,80,80,80,80,80],"card_choices":[{"not_picked":["Iron Wave","Seeing Red"],"picked":"Spot Weakness","floor":1},{"not_picked":["Thunderclap","Twin Strike"],"picked":"Headbutt","floor":3},{"not_picked":["Hemokinesis","Fire Breathing"],"picked":"Heavy Blade","floor":7},{"not_picked":["Rage","Cleave"],"picked":"True Grit","floor":10},{"not_picked":["Heavy Blade","Thunderclap"],"picked":"Ghostly Armor","floor":12},{"not_picked":["Anger","Blood for Blood"],"picked":"Pommel Strike","floor":13},{"not_picked":["Clothesline","Pommel Strike","Disarm"],"picked":"SKIP","floor":14},{"not_picked":["Brutality","Limit Break"],"picked":"Demon Form","floor":16},{"not_picked":["Cleave+1","Clash"],"picked":"Iron Wave","floor":18},{"not_picked":["Iron Wave","Pommel Strike","Clash"],"picked":"SKIP","floor":19},{"not_picked":["Combust+1","Clothesline","Headbutt"],"picked":"SKIP","floor":21},{"not_picked":["Perfected Strike","Anger","Thunderclap"],"picked":"SKIP","floor":28},{"not_picked":["Sword Boomerang","Seeing Red","Feel No Pain"],"picked":"SKIP","floor":29},{"not_picked":["Carnage","Pommel Strike","Sever Soul"],"picked":"SKIP","floor":31},{"not_picked":["Exhume","Brutality"],"picked":"Offering","floor":33},{"not_picked":["Seeing Red","Iron Wave"],"picked":"Shrug It Off","floor":34},{"not_picked":["Iron Wave+1","Shrug It Off","Cleave"],"picked":"SKIP","floor":35}],"player_experience":147817,"relics_obtained":[{"floor":7,"key":"Kunai"},{"floor":9,"key":"Ancient Tea Set"},{"floor":12,"key":"Blood Vial"},{"floor":26,"key":"Orichalcum"},{"floor":31,"key":"Red Skull"}],"event_choices":[{"damage_healed":0,"gold_gain":0,"player_choice":"Forge","damage_taken":0,"max_hp_gain":0,"max_hp_loss":0,"event_name":"Accursed Blacksmith","floor":2,"gold_loss":0,"cards_upgraded":["Spot Weakness"]},{"damage_healed":0,"gold_gain":0,"player_choice":"0 cards matched","damage_taken":0,"max_hp_gain":0,"max_hp_loss":0,"event_name":"Match and Keep!","floor":5,"gold_loss":0,"cards_obtained":[]},{"cards_removed":["Defend_R"],"damage_healed":0,"gold_gain":0,"player_choice":"Purged","damage_taken":0,"max_hp_gain":0,"max_hp_loss":0,"event_name":"Purifier","floor":11,"gold_loss":0},{"damage_healed":0,"gold_gain":0,"player_choice":"Stole Relic","damage_taken":0,"relics_obtained":["Self Forming Clay"],"max_hp_gain":0,"max_hp_loss":0,"event_name":"Addict","floor":22,"gold_loss":0,"cards_obtained":["Shame"]},{"damage_healed":0,"gold_gain":0,"player_choice":"Paid Fearfully","damage_taken":0,"max_hp_gain":0,"max_hp_loss":0,"event_name":"Masked Bandits","floor":24,"gold_loss":18},{"damage_healed":0,"gold_gain":0,"player_choice":"Ignored","damage_taken":0,"max_hp_gain":0,"max_hp_loss":0,"event_name":"Mysterious Sphere","floor":36,"gold_loss":0},{"cards_removed":["Pommel Strike"],"damage_healed":0,"gold_gain":0,"player_choice":"Removed Attack","damage_taken":0,"max_hp_gain":0,"max_hp_loss":0,"event_name":"Falling","floor":38,"gold_loss":0},{"damage_healed":0,"gold_gain":0,"player_choice":"Got Potions","damage_taken":0,"max_hp_gain":0,"max_hp_loss":0,"event_name":"Lab","floor":39,"gold_loss":0}],"is_beta":false,"boss_relics":[{"not_picked":["Lizard Tail","Astrolabe"],"picked":"Ectoplasm"},{"not_picked":["Snecko Eye","Runic Dome"],"picked":"Orrery"}],"items_purged_floors":[4],"is_endless":false,"potions_floor_spawned":[1,10,14,16,21,28,33],"killed_by":"Reptomancer","ascension_level":5}