{"gold_per_floor":[365,67,125,125,155,206,206,238,312,371,125,165,193,293,293,396,396,407,444,480,490,490,490,149,149,149,164,164,183,108,187,187,292,292,306,306,320,320,280,280,319,319,319,332,332,332,366,385,385,405,405,405,16,48,48],"floor_reached":55,"playtime":9233,"items_purged":[],"score":734,"play_id":"3ab6cb74-86c7-4595-b86f-8abae78df0c4","local_time":"20190301020439","is_ascension_mode":false,"campfire_choices":[{"floor":7,"key":"REST"},{"floor":15,"key":"REST"},{"data":"Defragment","floor":23,"key":"SMITH"},{"data":"Zap","floor":25,"key":"SMITH"},{"data":"Dualcast","floor":28,"key":"SMITH"},{"data":"Darkness","floor":32,"key":"SMITH"},{"floor":40,"key":"RECALL"},{"data":"Chill","floor":42,"key":"SMITH"},{"data":"Multi-Cast","floor":45,"key":"SMITH"},{"data":"White Noise","floor":49,"key":"SMITH"},{"data":"Static Discharge","floor":52,"key":"SMITH"}],"neow_cost":"CURSE","seed_source_timestamp":40783451882622,"circlet_count":0,"master_deck":["Strike_B","Strike_B","Strike_B+1","Strike_B","Defend_B","Defend_B","Defend_B","Defend_B","Zap+1","Dualcast+1","Defragment+1","Chill+1","Compile Driver","HandOfGreed","Hologram+1","Go for the Eyes","Biased Cognition","White Noise+1","Ball Lightning","Darkness+1","Auto Shields","Seek","Steam Power+1","Melter+1","Go for the Eyes+1","Sweeping Beam","Static Discharge+1","Cold Snap","All For One","Multi-Cast+1","Steam+1","Hologram+1","Panacea","Fusion+1","Self Repair","Tempest+1","Coolheaded+1","Beam Cell","Metamorphosis","Thunder Strike","Loop","Compile Driver","BootSequence+1"],"relics":["Cracked Core","Oddly Smooth Stone","Kunai","Mercury Hourglass","Bottled Tornado","Eternal Feather","Mummified Hand","Ornamental Fan","Bottled Lightning","Inserter","Torii","Shuriken","Prayer Wheel","Vajra"],"potions_floor_usage":[6,10,16,21,33,47,48,54,55],"damage_taken":[{"damage":6,"enemies":"Cultist","floor":1,"turns":3},{"damage":5,"enemies":"Small Slimes","floor":3,"turns":4},{"damage":0,"enemies":"Jaw Worm","floor":5,"turns":5},{"damage":15,"enemies":"Lagavulin","floor":6,"turns":6},{"damage":0,"enemies":"Blue Slaver","floor":8,"turns":5},{"damage":10,"enemies":"Lots of Slimes","floor":10,"turns":5},{"damage":7,"enemies":"Exordium Thugs","floor":12,"turns":3},{"damage":8,"enemies":"Gremlin Nob","floor":13,"turns":3},{"damage":15,"enemies":"Hexaghost","floor":16,"turns":8},{"damage":3,"enemies":"Spheric Guardian","floor":18,"turns":3},{"damage":7,"enemies":"Chosen","floor":19,"turns":4},{"damage":21,"enemies":"3 Cultists","floor":20,"turns":5},{"damage":20,"enemies":"Snecko","floor":21,"turns":6},{"damage":16,"enemies":"Shelled Parasite and Fungi","floor":27,"turns":2},{"damage":7,"enemies":"Snake Plant","floor":29,"turns":4},{"damage":54,"enemies":"Collector","floor":33,"turns":8},{"damage":1,"enemies":"3 Shapes","floor":35,"turns":3},{"damage":5,"enemies":"3 Darklings","floor":37,"turns":4},{"damage":10,"enemies":"Sphere and 2 Shapes","floor":41,"turns":4},{"damage":8,"enemies":"Writhing Mass","floor":44,"turns":4},{"damage":0,"enemies":"Reptomancer","floor":47,"turns":6},{"damage":9,"enemies":"Transient","floor":48,"turns":5},{"damage":44,"enemies":"Donu and Deca","floor":50,"turns":8},{"damage":51,"enemies":"Shield and Spear","floor":54,"turns":7},{"damage":43,"enemies":"The Heart","floor":55,"turns":3}],"seed_played":"4040274779367923200","potions_obtained":[{"floor":3,"key":"FearPotion"},{"floor":5,"key":"Swift Potion"},{"floor":13,"key":"Weak Potion"},{"floor":20,"key":"Swift Potion"},{"floor":21,"key":"Strength Potion"},{"floor":35,"key":"SteroidPotion"},{"floor":41,"key":"Explosive Potion"},{"floor":44,"key":"PowerPotion"},{"floor":47,"key":"Regen Potion"},{"floor":54,"key":"SneckoOil"}],"is_trial":false,"path_per_floor":["M","$","M","T","M","E","R","M","T","M","$","M","E","?","R","B",null,"M","M","M","M","?","R","$","R","T","M","R","M","?","T","R","B",null,"M","?","M","?","?","R","M","R","T","M","R","T","E","M","R","B",null,"R","$","E","B"],"character_chosen":"DEFECT","items_purchased":["Chill","Compile Driver","HandOfGreed","Mercury Hourglass","Mummified Hand","Sweeping Beam","Static Discharge","Metamorphosis","Thunder Strike","Loop","Compile Driver"],"campfire_rested":2,"item_purchase_floors":[2,2,2,11,24,24,24,53,53,53,53],"current_hp_per_floor":[69,69,64,64,64,49,71,71,71,61,61,54,46,46,68,53,75,72,65,44,24,24,39,39,54,54,38,53,46,46,46,61,7,75,74,74,69,69,69,75,65,75,75,67,75,75,75,73,75,38,75,75,75,43,0],"gold":48,"neow_bonus":"TWO_FIFTY_GOLD","is_prod":false,"is_daily":false,"chose_seed":false,"campfire_upgraded":8,"win_rate":0,"timestamp":1551423879,"path_taken":["M","$","M","?","M","E","R","M","T","M","$","M","E","?","R","BOSS","M","?","?","M","?","R","$","R","T","M","R","M","?","?","R","BOSS","M","?","M","?","?","R","M","R","T","?","R","?","E","M","R","BOSS","R","$","E","BOSS"],"build_version":"2019-01-23","purchased_purges":0,"victory":false,"max_hp_per_floor":[75,75,75,75,75,75,75,75,75,75,75,75,75,75,75,75,75,75,75,75,75,75,75,75,75,75,75,75,75,75,75,75,75,75,75,75,75,75,75,75,75,75,75,75,75,75,75,75,75,75,75,75,75,75,75],"card_choices":[{"not_picked":["Recycle","Gash"],"picked":"Defragment","floor":1},{"not_picked":["Chill","Stack"],"picked":"Hologram","floor":3},{"not_picked":["Skim","Sweeping Beam"],"picked":"Go for the Eyes","floor":5},{"not_picked":["Stack","Streamline"],"picked":"Biased Cognition","floor":6},{"not_picked":["Gash","Leap"],"picked":"White Noise","floor":8},{"not_picked":["Leap","Beam Cell"],"picked":"Ball Lightning","floor":10},{"not_picked":["Recycle","Scrape"],"picked":"Darkness","floor":12},{"not_picked":["Chaos","Streamline"],"picked":"Auto Shields","floor":13},{"not_picked":["Creative AI","Fission"],"picked":"Seek","floor":16},{"not_picked":["Chill","Rebound+1"],"picked":"Steam Power+1","floor":18},{"not_picked":["Barrage+1","Storm","Stack+1"],"picked":"SKIP","floor":19},{"not_picked":["Gash+1","Reprogram"],"picked":"Melter+1","floor":20},{"not_picked":["Beam Cell+1","Gash"],"picked":"Go for the Eyes+1","floor":21},{"not_picked":["Skim","Undo"],"picked":"Cold Snap","floor":27},{"not_picked":["Cold Snap","Turbo"],"picked":"All For One","floor":29},{"not_picked":["Biased Cognition","Thunder Strike"],"picked":"Multi-Cast","floor":33},{"not_picked":["Melter+1","Rebound+1"],"picked":"Steam+1","floor":35},{"not_picked":["Gash+1","Sweeping Beam+1"],"picked":"Hologram+1","floor":37},{"not_picked":["HandOfGreed","Transmutation"],"picked":"Panacea","floor":38},{"not_picked":["Go for the Eyes+1","Compile Driver"],"picked":"Fusion+1","floor":41},{"not_picked":["Cold Snap","FTL"],"picked":"Self Repair","floor":44},{"not_picked":["Go for the Eyes","Redo"],"picked":"Tempest+1","floor":47},{"not_picked":["Capacitor","Stack"],"picked":"Coolheaded+1","floor":48},{"not_picked":["Double Energy","Force Field+1"],"picked":"Beam Cell","floor":48},{"not_picked":["Go for the Eyes+1","Leap+1"],"picked":"BootSequence+1","floor":54}],"player_experience":102006,"relics_obtained":[{"floor":6,"key":"Oddly Smooth Stone"},{"floor":9,"key":"Kunai"},{"floor":13,"key":"Bottled Tornado"},{"floor":26,"key":"Ornamental Fan"},{"floor":31,"key":"Bottled Lightning"},{"floor":43,"key":"Torii"},{"floor":46,"key":"Shuriken"},{"floor":47,"key":"Prayer Wheel"},{"floor":54,"key":"Vajra"}],"event_choices":[{"damage_healed":0,"gold_gain":100,"player_choice":"Pray","damage_taken":0,"max_hp_gain":0,"max_hp_loss":0,"event_name":"Golden Shrine","floor":14,"gold_loss":0},{"damage_healed":0,"gold_gain":0,"player_choice":"Ignored","damage_taken":0,"max_hp_gain":0,"max_hp_loss":0,"event_name":"Cursed Tome","floor":22,"gold_loss":0},{"cards_removed":["Clumsy"],"damage_healed":0,"gold_gain":0,"player_choice":"Gave Gold","damage_taken":0,"max_hp_gain":0,"max_hp_loss":0,"event_name":"Beggar","floor":30,"gold_loss":75},{"damage_healed":0,"gold_gain":0,"player_choice":"Ignored","damage_taken":0,"max_hp_gain":0,"max_hp_loss":0,"event_name":"Tomb of Lord Red Mask","floor":36,"gold_loss":0},{"damage_healed":0,"gold_gain":0,"player_choice":"Memory 1","damage_taken":0,"max_hp_gain":0,"max_hp_loss":0,"event_name":"SensoryStone","floor":38,"gold_loss":0},{"damage_healed":0,"gold_gain":0,"player_choice":"Upgraded Two","damage_taken":0,"max_hp_gain":0,"max_hp_loss":0,"event_name":"Designer","floor":39,"gold_loss":40,"cards_upgraded":["Strike_B","Hologram"]}],"is_beta":false,"boss_relics":[{"not_picked":["Runic Dome","Empty Cage"],"picked":"Eternal Feather"},{"not_picked":["FrozenCore","Snecko Eye"],"picked":"Inserter"}],"items_purged_floors":[],"is_endless":false,"potions_floor_spawned":[3,5,13,20,21,35,41,44,47,54],"killed_by":"The Heart","ascension_level":0}