{"gold_per_floor":[116,66,84,94,94,94,126,126,151,151,166,13,13,33,33,129,129,144,162,195,120,120,120,148,163,186,206,206,233,233,247,247,351,351,371,281,294,394,219,219,248,248,248,178,101,115,67,99,111,123],"floor_reached":51,"playtime":2697,"items_purged":["Strike_R"],"score":1067,"play_id":"3f32dbf1-c78d-4b03-88c4-26703e67f2e7","local_time":"20190321112739","is_ascension_mode":true,"campfire_choices":[{"data":"Uppercut","floor":6.0,"key":"SMITH"},{"data":"Pommel Strike","floor":8.0,"key":"SMITH"},{"data":"Bash","floor":10.0,"key":"SMITH"},{"data":"Armaments","floor":15.0,"key":"SMITH"},{"data":"Immolate","floor":23.0,"key":"SMITH"},{"data":"Inflame","floor":30,"key":"SMITH"},{"data":"Heavy Blade","floor":32,"key":"SMITH"},{"data":"Immolate","floor":40,"key":"SMITH"},{"data":"Headbutt","floor":42,"key":"SMITH"},{"floor":49,"key":"REST"}],"neow_cost":"NONE","seed_source_timestamp":0,"circlet_count":0,"master_deck":["Defend_R","Defend_R","Defend_R+1","Defend_R","Bash+1","Uppercut+1","Shrug It Off+1","Pommel Strike+1","Heavy Blade+1","Immolate+1","Inflame+1","Armaments+1","Immolate+1","Headbutt+1","Shrug It Off","Fiend Fire+1","Evolve","Shrug It Off","Disarm+1","Flame Barrier","Shockwave","Impervious"],"special_seed":0,"relics":["Burning Blood","Happy Flower","Meat on the Bone","Bag of Marbles","Velvet Choker","Red Mask","Singing Bowl","War Paint","Strawberry","Mark of Pain","Nunchaku","Bottled Lightning","MawBank"],"potions_floor_usage":[33,33,33,48,50,50,50],"damage_taken":[{"damage":13.0,"enemies":"Jaw Worm","floor":1.0,"turns":4.0},{"damage":3.0,"enemies":"2 Louse","floor":3.0,"turns":2.0},{"damage":4.0,"enemies":"Small Slimes","floor":4.0,"turns":5.0},{"damage":24.0,"enemies":"Lagavulin","floor":7.0,"turns":7.0},{"damage":6.0,"enemies":"Exordium Thugs","floor":11.0,"turns":3.0},{"damage":0.0,"enemies":"Looter","floor":14.0,"turns":2.0},{"damage":31.0,"enemies":"Hexaghost","floor":16.0,"turns":7.0},{"damage":11.0,"enemies":"Spheric Guardian","floor":18.0,"turns":3.0},{"damage":16.0,"enemies":"Shell Parasite","floor":19.0,"turns":3.0},{"damage":0.0,"enemies":"Masked Bandits","floor":20.0,"turns":2.0},{"damage":6.0,"enemies":"Book of Stabbing","floor":24.0,"turns":3.0},{"damage":5,"enemies":"Snake Plant","floor":25,"turns":3},{"damage":3,"enemies":"Cultist and Chosen","floor":27,"turns":3},{"damage":28,"enemies":"Gremlin Leader","floor":29,"turns":6},{"damage":3,"enemies":"Snecko","floor":31,"turns":3},{"damage":74,"enemies":"Collector","floor":33,"turns":6},{"damage":40,"enemies":"3 Darklings","floor":35,"turns":4},{"damage":3,"enemies":"3 Shapes","floor":37,"turns":3},{"damage":10,"enemies":"Reptomancer","floor":41,"turns":4},{"damage":25,"enemies":"Transient","floor":46,"turns":5},{"damage":52,"enemies":"Giant Head","floor":48,"turns":8},{"damage":56,"enemies":"Donu and Deca","floor":50,"turns":8}],"seed_played":"-1282258989125127699","potions_obtained":[{"floor":1.0,"key":"FearPotion"},{"floor":4.0,"key":"Dexterity Potion"},{"floor":11.0,"key":"EssenceOfSteel"},{"floor":14.0,"key":"SkillPotion"},{"floor":16.0,"key":"AttackPotion"},{"floor":24,"key":"EssenceOfSteel"},{"floor":25,"key":"FearPotion"},{"floor":29,"key":"SkillPotion"},{"floor":37,"key":"SteroidPotion"},{"floor":41,"key":"LiquidBronze"},{"floor":48,"key":"FearPotion"}],"is_trial":false,"path_per_floor":["M","?","M","M","?","R","E","R","T","R","M","$","?","M","R","B",null,"M","M","?","?","?","R","E","M","T","M","?","E","R","M","R","B",null,"M","?","M","?","$","R","E","R","T","$","$","M","$","E","R","B",null],"character_chosen":"IRONCLAD","items_purchased":["Immolate","Inflame","Evolve","Shrug It Off","Flame Barrier","Shockwave","Strength Potion"],"campfire_rested":1,"item_purchase_floors":[12,12,39,39,44,45,47],"current_hp_per_floor":[73,73,76,78,66,66,48,48,48,48,60,60,53,59,59,46,78,73,63,69,69,52,52,66,67,67,72,72,71,71,76,76,20,86,66,66,71,71,71,71,67,67,67,67,67,62,62,28,62,24],"gold":135,"neow_bonus":"TEN_PERCENT_HP_BONUS","is_prod":false,"is_daily":false,"chose_seed":false,"campfire_upgraded":9,"win_rate":0,"timestamp":1553182059,"path_taken":["M","?","M","M","?","R","E","R","T","R","M","$","?","M","R","BOSS","M","M","?","?","?","R","E","M","T","M","?","E","R","M","R","BOSS","M","?","?","?","$","R","E","R","T","?","$","?","$","E","R","BOSS"],"build_version":"2019-01-23","purchased_purges":1,"victory":true,"max_hp_per_floor":[88,88,88,88,88,88,88,88,88,88,88,88,88,88,88,88,88,88,88,88,88,93,93,95,95,95,97,97,106,106,108,108,108,108,110,110,112,112,112,112,112,112,112,112,112,114,114,114,114,114],"card_choices":[{"not_picked":["Perfected Strike","Pummel"],"picked":"Uppercut","floor":1.0},{"not_picked":["Heavy Blade","Flex"],"picked":"Shrug It Off","floor":3.0},{"not_picked":["Clothesline","Seeing Red"],"picked":"Pommel Strike","floor":4.0},{"not_picked":["Rupture","Havoc"],"picked":"Heavy Blade","floor":7.0},{"not_picked":["Reckless Charge","Pommel Strike","Cleave"],"picked":"SKIP","floor":11.0},{"not_picked":["Combust","Corruption"],"picked":"Armaments","floor":14.0},{"not_picked":["Bludgeon","Juggernaut"],"picked":"Immolate","floor":16.0},{"not_picked":["Perfected Strike+1","Sever Soul+1","Feel No Pain"],"picked":"SKIP","floor":18.0},{"not_picked":["Wild Strike+1","Anger","Burning Pact"],"picked":"SKIP","floor":19.0},{"not_picked":["Rampage","Entrench"],"picked":"Headbutt","floor":20.0},{"not_picked":["Whirlwind","Headbutt","Entrench"],"picked":"Singing Bowl","floor":24},{"not_picked":["Heavy Blade+1","Flex"],"picked":"Shrug It Off","floor":25},{"not_picked":["Havoc","Pommel Strike","Rage"],"picked":"Singing Bowl","floor":27},{"not_picked":["Rampage","Body Slam","Thunderclap"],"picked":"Singing Bowl","floor":29},{"not_picked":["Pommel Strike","Flex+1","Feel No Pain"],"picked":"Singing Bowl","floor":31},{"not_picked":["Demon Form","Brutality"],"picked":"Fiend Fire","floor":33},{"not_picked":["Armaments","Twin Strike+1","Perfected Strike"],"picked":"Singing Bowl","floor":35},{"not_picked":["Heavy Blade+1","Reckless Charge+1","Clothesline"],"picked":"Singing Bowl","floor":37},{"not_picked":["Sentinel","Double Tap"],"picked":"Disarm+1","floor":41},{"not_picked":["Iron Wave+1","Entrench+1","Havoc"],"picked":"Singing Bowl","floor":46},{"not_picked":["Rage","Evolve+1"],"picked":"Impervious","floor":48}],"player_experience":243975,"relics_obtained":[{"floor":7.0,"key":"Meat on the Bone"},{"floor":9.0,"key":"Bag of Marbles"},{"floor":20.0,"key":"Red Mask"},{"floor":24,"key":"Singing Bowl"},{"floor":26,"key":"War Paint"},{"floor":29,"key":"Strawberry"},{"floor":41,"key":"Nunchaku"},{"floor":43,"key":"Bottled Lightning"},{"floor":48,"key":"MawBank"}],"event_choices":[{"cards_removed":["Strike_R"],"damage_healed":0.0,"max_hp_gain":0.0,"max_hp_loss":0.0,"gold_gain":0.0,"event_name":"The Cleric","player_choice":"Card Removal","floor":2.0,"gold_loss":50.0,"damage_taken":0.0},{"damage_healed":0.0,"max_hp_gain":0.0,"max_hp_loss":0.0,"gold_gain":0.0,"event_name":"Scrap Ooze","player_choice":"Success","floor":5.0,"gold_loss":0.0,"damage_taken":12.0,"relics_obtained":["Happy Flower"]},{"cards_removed":["Strike_R"],"damage_healed":0.0,"max_hp_gain":0.0,"max_hp_loss":0.0,"gold_gain":0.0,"event_name":"Golden Wing","player_choice":"Card Removal","floor":13.0,"gold_loss":0.0,"damage_taken":7.0},{"damage_healed":0.0,"max_hp_gain":0.0,"max_hp_loss":0.0,"gold_gain":0.0,"event_name":"Masked Bandits","player_choice":"Fought Bandits","floor":20.0,"gold_loss":0.0,"damage_taken":0.0},{"cards_removed":["Strike_R"],"damage_healed":0.0,"max_hp_gain":0.0,"max_hp_loss":0.0,"gold_gain":0.0,"event_name":"Beggar","player_choice":"Gave Gold","floor":21.0,"gold_loss":75.0,"damage_taken":0.0},{"damage_healed":0.0,"max_hp_gain":5.0,"max_hp_loss":0.0,"gold_gain":0.0,"event_name":"Forgotten Altar","player_choice":"Shed Blood","floor":22.0,"gold_loss":0.0,"damage_taken":22.0},{"damage_healed":0,"gold_gain":0,"player_choice":"Ignored","damage_taken":0,"max_hp_gain":0,"max_hp_loss":0,"event_name":"Vampires","floor":28,"gold_loss":0},{"cards_removed":["Strike_R"],"damage_healed":0,"gold_gain":0,"player_choice":"Upgrade and Remove","damage_taken":0,"max_hp_gain":0,"max_hp_loss":0,"event_name":"Designer","floor":36,"gold_loss":90,"cards_upgraded":["Fiend Fire"]},{"damage_healed":0,"gold_gain":100,"player_choice":"Pray","damage_taken":0,"max_hp_gain":0,"max_hp_loss":0,"event_name":"Golden Shrine","floor":38,"gold_loss":0}],"is_beta":false,"boss_relics":[{"not_picked":["Tiny House","White Beast Statue"],"picked":"Velvet Choker"},{"not_picked":["Busted Crown","Lizard Tail"],"picked":"Mark of Pain"}],"items_purged_floors":[39],"is_endless":false,"potions_floor_spawned":[1,4,11,14,16,18,24,25,29,37,41,48],"ascension_level":8}