{"gold_per_floor":[16,32,44,58,58,58,85,85,85,85,60,60,60,89,89,185,185,196,49,49,49,49,80,80,93,93,122,122,137,163,179,179,279,329,339,392,412,99,99,99,99],"floor_reached":41,"playtime":2961,"items_purged":["Strike_R+1"],"score":507,"play_id":"ec4d9953-44ec-4178-8ce0-0b0eb6364d1e","local_time":"20190308134145","is_ascension_mode":true,"campfire_choices":[{"data":"Metallicize","floor":6,"key":"SMITH"},{"data":"Shrug It Off","floor":8,"key":"SMITH"},{"data":"Pommel Strike","floor":15,"key":"SMITH"},{"data":"Whirlwind","floor":24,"key":"SMITH"},{"data":"Shockwave","floor":28,"key":"SMITH"},{"data":"Demon Form","floor":32,"key":"SMITH"},{"data":"Inflame","floor":40,"key":"SMITH"}],"neow_cost":"NO_GOLD","seed_source_timestamp":730477936274663,"circlet_count":0,"master_deck":["Strike_R+1","Strike_R+1","Strike_R+1","Defend_R+1","Defend_R+1","Defend_R+1","Bash","Pommel Strike+1","Metallicize+1","Shrug It Off+1","Shrug It Off","Armaments+1","Shockwave+1","Inflame+1","Whirlwind+1","Clothesline+1"],"relics":["Burning Blood","Mango","Mercury Hourglass","Calipers","Ice Cream","Philosopher\u0027s Stone","Strawberry","Ancient Tea Set","Red Mask","Meat on the Bone","Tiny House","Happy Flower","Toxic Egg 2"],"potions_floor_usage":[16,23,29,30,30,37,41],"damage_taken":[{"damage":1,"enemies":"2 Louse","floor":1,"turns":4},{"damage":6,"enemies":"Jaw Worm","floor":2,"turns":3},{"damage":1,"enemies":"Cultist","floor":3,"turns":3},{"damage":4,"enemies":"Exordium Wildlife","floor":4,"turns":3},{"damage":7,"enemies":"3 Sentries","floor":7,"turns":13},{"damage":12,"enemies":"Gremlin Nob","floor":14,"turns":4},{"damage":40,"enemies":"Slime Boss","floor":16,"turns":14},{"damage":7,"enemies":"Chosen","floor":18,"turns":4},{"damage":46,"enemies":"Book of Stabbing","floor":23,"turns":7},{"damage":0,"enemies":"Shell Parasite","floor":25,"turns":6},{"damage":0,"enemies":"Masked Bandits","floor":27,"turns":2},{"damage":10,"enemies":"Shelled Parasite and Fungi","floor":29,"turns":5},{"damage":13,"enemies":"Slavers","floor":30,"turns":7},{"damage":13,"enemies":"Centurion and Healer","floor":31,"turns":5},{"damage":28,"enemies":"Collector","floor":33,"turns":8},{"damage":15,"enemies":"3 Shapes","floor":35,"turns":5},{"damage":20,"enemies":"3 Darklings","floor":37,"turns":5},{"damage":123,"enemies":"Giant Head","floor":41,"turns":13}],"seed_played":"6628608668061746436","potions_obtained":[{"floor":7,"key":"LiquidBronze"},{"floor":14,"key":"BloodPotion"},{"floor":25,"key":"LiquidBronze"},{"floor":27,"key":"SkillPotion"},{"floor":29,"key":"Fire Potion"},{"floor":34,"key":"Energy Potion"},{"floor":37,"key":"BloodPotion"}],"is_trial":false,"path_per_floor":["M","M","M","M","?","R","E","R","T","?","$","?","$","E","R","B",null,"M","$","?","?","?","E","R","M","T","?","R","M","E","M","R","B",null,"M","T","M","$","?","R","E"],"character_chosen":"IRONCLAD","items_purchased":["Shrug It Off","Shockwave","Inflame","Toxic Egg 2"],"campfire_rested":0,"item_purchase_floors":[11,19,19,38],"current_hp_per_floor":[94,94,94,94,94,94,93,93,93,86,86,86,86,80,80,46,94,93,93,93,93,74,50,50,56,56,62,62,58,51,56,56,46,111,102,102,88,88,88,88,0],"gold":99,"neow_bonus":"ONE_RARE_RELIC","is_prod":false,"is_daily":false,"chose_seed":false,"campfire_upgraded":7,"win_rate":0,"timestamp":1552070505,"path_taken":["M","M","M","M","?","R","E","R","T","?","$","?","$","E","R","BOSS","M","$","?","?","?","E","R","M","T","?","R","?","E","M","R","BOSS","M","?","M","$","?","R","E"],"build_version":"2019-01-23","purchased_purges":1,"victory":false,"max_hp_per_floor":[94,94,94,94,94,94,94,94,94,94,94,94,94,94,94,94,94,94,94,94,94,99,106,106,106,106,106,106,106,106,106,106,106,111,111,111,111,111,111,111,111],"card_choices":[{"not_picked":["Flex","Headbutt"],"picked":"Pommel Strike","floor":1},{"not_picked":["Heavy Blade","Reckless Charge","Sword Boomerang"],"picked":"SKIP","floor":2},{"not_picked":["Heavy Blade","Burning Pact"],"picked":"Metallicize","floor":3},{"not_picked":["Spot Weakness","Rage"],"picked":"Shrug It Off","floor":4},{"not_picked":["Havoc","Reckless Charge","True Grit"],"picked":"SKIP","floor":7},{"not_picked":["Hemokinesis","Perfected Strike","Barricade"],"picked":"SKIP","floor":14},{"not_picked":["Immolate","Limit Break"],"picked":"Demon Form","floor":16},{"not_picked":["Sentinel","Heavy Blade"],"picked":"Armaments","floor":18},{"not_picked":["Offering","Combust"],"picked":"Whirlwind","floor":23},{"not_picked":["Havoc+1","Sword Boomerang+1","Anger"],"picked":"SKIP","floor":25},{"not_picked":["Flex","True Grit+1","Clothesline"],"picked":"SKIP","floor":29},{"not_picked":["Clothesline","Burning Pact","Sever Soul"],"picked":"SKIP","floor":30},{"not_picked":["Armaments+1","Metallicize","Reckless Charge"],"picked":"SKIP","floor":31},{"not_picked":["Ghostly Armor+1","Shrug It Off"],"picked":"Clothesline+1","floor":34},{"not_picked":["Wild Strike+1","Anger","Cleave"],"picked":"SKIP","floor":35},{"not_picked":["Evolve+1","Carnage","Corruption"],"picked":"SKIP","floor":37}],"player_experience":101249,"relics_obtained":[{"floor":7,"key":"Mercury Hourglass"},{"floor":9,"key":"Calipers"},{"floor":14,"key":"Ice Cream"},{"floor":23,"key":"Strawberry"},{"floor":26,"key":"Ancient Tea Set"},{"floor":27,"key":"Red Mask"},{"floor":30,"key":"Meat on the Bone"},{"floor":36,"key":"Happy Flower"}],"event_choices":[{"damage_healed":0,"gold_gain":0,"player_choice":"Ignored","damage_taken":0,"max_hp_gain":0,"max_hp_loss":0,"event_name":"Golden Idol","floor":5,"gold_loss":0},{"cards_removed":["Strike_R"],"damage_healed":0,"gold_gain":0,"player_choice":"Card Removal","damage_taken":7,"max_hp_gain":0,"max_hp_loss":0,"event_name":"Golden Wing","floor":10,"gold_loss":0},{"cards_removed":["Defend_R"],"damage_healed":0,"gold_gain":0,"player_choice":"Purged","damage_taken":0,"max_hp_gain":0,"max_hp_loss":0,"event_name":"Purifier","floor":12,"gold_loss":0},{"damage_healed":0,"gold_gain":0,"player_choice":"Simplicity","damage_taken":0,"max_hp_gain":0,"max_hp_loss":0,"event_name":"Back to Basics","floor":20,"gold_loss":0,"cards_upgraded":["Strike_R","Strike_R","Strike_R","Strike_R","Defend_R","Defend_R","Defend_R"]},{"damage_healed":0,"gold_gain":0,"player_choice":"Ignored","damage_taken":0,"max_hp_gain":0,"max_hp_loss":0,"event_name":"Beggar","floor":21,"gold_loss":0},{"damage_healed":0,"gold_gain":0,"player_choice":"Shed Blood","damage_taken":24,"max_hp_gain":5,"max_hp_loss":0,"event_name":"Forgotten Altar","floor":22,"gold_loss":0},{"damage_healed":0,"gold_gain":0,"player_choice":"Fought Bandits","damage_taken":0,"max_hp_gain":0,"max_hp_loss":0,"event_name":"Masked Bandits","floor":27,"gold_loss":0},{"cards_removed":["Demon Form"],"damage_healed":0,"gold_gain":0,"player_choice":"Removed Power","damage_taken":0,"max_hp_gain":0,"max_hp_loss":0,"event_name":"Falling","floor":39,"gold_loss":0}],"is_beta":false,"boss_relics":[{"not_picked":["Empty Cage","Lizard Tail"],"picked":"Philosopher\u0027s Stone"},{"not_picked":["White Beast Statue","Calling Bell"],"picked":"Tiny House"}],"items_purged_floors":[38],"is_endless":false,"potions_floor_spawned":[7,14,25,27,29,37],"killed_by":"Giant Head","ascension_level":1}