{"gold_per_floor":[116,116,291,291,311,345,345,374,374,408,422,250,250,99,99,204,204,214,214,232,246,246,271,271,303,303,7,7,7,7,34,34,134,134,147,3,17,69,82,82,82,82,82,0,32,32,46,146,146,146],"floor_reached":51,"playtime":2417,"items_purged":["Strike_G","Strike_G"],"score":1197,"play_id":"fd018e7f-6151-4238-9200-ebca09ec4783","local_time":"20190325141655","is_ascension_mode":true,"campfire_choices":[{"data":"Footwork","floor":7.0,"key":"SMITH"},{"data":"Cloak And Dagger","floor":13.0,"key":"SMITH"},{"data":"Caltrops","floor":15.0,"key":"SMITH"},{"floor":24.0,"key":"REST"},{"data":"Corpse Explosion","floor":30.0,"key":"SMITH"},{"data":"Backflip","floor":32,"key":"SMITH"},{"floor":40,"key":"REST"},{"data":"Well Laid Plans","floor":49,"key":"SMITH"}],"neow_cost":"NONE","seed_source_timestamp":357548928204329,"circlet_count":0,"master_deck":["Defend_G","Defend_G","Defend_G","Survivor","Neutralize+1","Riddle With Holes","Dagger Spray","Footwork+1","Deadly Poison","Outmaneuver","Acrobatics","Caltrops+1","Cloak And Dagger+1","Corpse Explosion+1","Venomology+1","Bullet Time+1","Catalyst+1","Backflip+1","Glass Knife","Noxious Fumes+1","Deflect+1","Well Laid Plans","Calculated Gamble","Cloak And Dagger+1","Noxious Fumes+1","Well Laid Plans+1","Outmaneuver+1"],"special_seed":0,"relics":["Ring of the Snake","NeowsBlessing","Spirit Poop","Mango","StoneCalendar","Centennial Puzzle","Oddly Smooth Stone","Astrolabe","The Specimen","Mummified Hand","Juzu Bracelet","Snake Skull","Medical Kit","Nloth\u0027s Gift","Pen Nib","Empty Cage","Bag of Marbles","Dead Branch","Molten Egg 2","Red Mask","Gremlin Horn","FossilizedHelix"],"potions_floor_usage":[31,33,38,39,45,45,48,50,50,50,50],"damage_taken":[{"damage":0.0,"enemies":"Jaw Worm","floor":1.0,"turns":1.0},{"damage":0.0,"enemies":"Small Slimes","floor":5.0,"turns":1.0},{"damage":0.0,"enemies":"Gremlin Nob","floor":6.0,"turns":1.0},{"damage":15.0,"enemies":"3 Sentries","floor":8.0,"turns":6.0},{"damage":1.0,"enemies":"Lagavulin","floor":10.0,"turns":7.0},{"damage":2.0,"enemies":"2 Louse","floor":11.0,"turns":2.0},{"damage":26.0,"enemies":"Slime Boss","floor":16.0,"turns":7.0},{"damage":18.0,"enemies":"Chosen","floor":18.0,"turns":6.0},{"damage":3.0,"enemies":"Spheric Guardian","floor":20.0,"turns":5.0},{"damage":20.0,"enemies":"Snecko","floor":21.0,"turns":4.0},{"damage":15.0,"enemies":"Book of Stabbing","floor":23.0,"turns":5.0},{"damage":0.0,"enemies":"Slavers","floor":25.0,"turns":2.0},{"damage":1,"enemies":"Book of Stabbing","floor":31,"turns":7},{"damage":20,"enemies":"Collector","floor":33,"turns":5},{"damage":0,"enemies":"3 Darklings","floor":35,"turns":2},{"damage":0,"enemies":"Orb Walker","floor":37,"turns":4},{"damage":10,"enemies":"2 Orb Walkers","floor":38,"turns":2},{"damage":42,"enemies":"Writhing Mass","floor":39,"turns":4},{"damage":43,"enemies":"Nemesis","floor":45,"turns":5},{"damage":5,"enemies":"Maw","floor":47,"turns":6},{"damage":0,"enemies":"Mind Bloom Boss Battle","floor":48,"turns":3},{"damage":0,"enemies":"Donu and Deca","floor":50,"turns":5}],"seed_played":"-6415220999987910853","potions_obtained":[{"floor":1.0,"key":"AttackPotion"},{"floor":5.0,"key":"Poison Potion"},{"floor":6.0,"key":"Dexterity Potion"},{"floor":11.0,"key":"Strength Potion"},{"floor":20.0,"key":"Swift Potion"},{"floor":23.0,"key":"Fire Potion"},{"floor":25.0,"key":"EssenceOfSteel"},{"floor":31,"key":"SteroidPotion"},{"floor":45,"key":"Weak Potion"},{"floor":47,"key":"PowerPotion"}],"is_trial":false,"path_per_floor":["M","?","?","?","M","E","R","E","T","E","M","$","R","$","R","B",null,"M","?","M","M","T","E","R","E","T","$","?","?","R","E","R","B",null,"M","$","M","?","M","R","$","?","T","?","E","?","M","?","R","B",null],"character_chosen":"THE_SILENT","items_purchased":["Caltrops","Cloak And Dagger","Oddly Smooth Stone","Medical Kit","Bag of Marbles"],"campfire_rested":2,"item_purchase_floors":[12,12,14,27,36],"current_hp_per_floor":[63,49,49,49,49,63,63,48,48,47,45,45,45,45,45,19,68,50,50,47,27,27,12,37,37,37,37,37,37,37,36,36,16,67,67,67,67,57,15,40,40,40,40,40,11,73,68,68,68,73],"gold":146,"neow_bonus":"THREE_ENEMY_KILL","is_prod":false,"is_daily":false,"chose_seed":false,"campfire_upgraded":6,"win_rate":0,"timestamp":1553491015,"path_taken":["M","?","?","?","?","E","R","E","T","E","M","$","R","$","R","BOSS","M","?","?","M","?","E","R","E","T","$","?","?","R","E","R","BOSS","M","$","M","?","M","R","$","?","T","?","E","?","M","?","R","BOSS"],"build_version":"2019-01-23","purchased_purges":2,"victory":true,"max_hp_per_floor":[70,70,70,70,70,84,84,84,84,84,84,84,84,84,84,84,84,84,84,84,84,84,84,84,84,84,84,84,84,84,84,84,84,84,84,84,84,84,84,84,84,84,84,84,84,73,73,73,73,73],"card_choices":[{"not_picked":["Expertise","Outmaneuver"],"picked":"Riddle With Holes","floor":1.0},{"not_picked":["Flechettes","Acrobatics"],"picked":"Dagger Spray","floor":5.0},{"not_picked":["Flechettes","Deflect"],"picked":"Footwork","floor":6.0},{"not_picked":["Deflect","Blade Dance"],"picked":"Deadly Poison","floor":8.0},{"not_picked":["Deadly Poison","Infinite Blades"],"picked":"Outmaneuver","floor":10.0},{"not_picked":["Outmaneuver","Sucker Punch"],"picked":"Acrobatics","floor":11.0},{"not_picked":["Burst","Glass Knife"],"picked":"Corpse Explosion","floor":16.0},{"not_picked":["Eviscerate","Dagger Spray+1"],"picked":"Backflip","floor":18.0},{"not_picked":["Endless Agony","Outmaneuver"],"picked":"Noxious Fumes+1","floor":20.0},{"not_picked":["Predator","Flechettes"],"picked":"Deflect+1","floor":21.0},{"not_picked":["Predator","Blade Dance+1","Die Die Die"],"picked":"SKIP","floor":23.0},{"not_picked":["Flying Knee","Predator+1","Deflect"],"picked":"SKIP","floor":25.0},{"not_picked":["Bullet Time","Blade Dance","Eviscerate"],"picked":"SKIP","floor":31},{"not_picked":["Endless Agony+1","Outmaneuver","Dagger Spray"],"picked":"SKIP","floor":35},{"not_picked":["Sucker Punch","Heel Hook","Blade Dance+1"],"picked":"SKIP","floor":37},{"not_picked":["Prepared+1","Dagger Spray+1"],"picked":"Well Laid Plans","floor":38},{"not_picked":["Dagger Spray","Flying Knee+1"],"picked":"Calculated Gamble","floor":39},{"not_picked":["Glass Knife+1","Poisoned Stab+1"],"picked":"Noxious Fumes+1","floor":45},{"not_picked":["Prepared","Slice+1"],"picked":"Well Laid Plans","floor":47},{"not_picked":["Distraction","Dagger Throw+1"],"picked":"Outmaneuver+1","floor":48}],"player_experience":581051,"relics_obtained":[{"floor":6.0,"key":"Mango"},{"floor":8.0,"key":"Omamori"},{"floor":9.0,"key":"StoneCalendar"},{"floor":10.0,"key":"Centennial Puzzle"},{"floor":22.0,"key":"The Specimen"},{"floor":23.0,"key":"Mummified Hand"},{"floor":25.0,"key":"Juzu Bracelet"},{"floor":26.0,"key":"Snake Skull"},{"floor":31,"key":"Pen Nib"},{"floor":38,"key":"Dead Branch"},{"floor":43,"key":"Molten Egg 2"},{"floor":45,"key":"Gremlin Horn"},{"floor":48,"key":"FossilizedHelix"}],"event_choices":[{"damage_healed":0.0,"max_hp_gain":0.0,"max_hp_loss":0.0,"gold_gain":0.0,"event_name":"Shining Light","player_choice":"Entered Light","floor":2.0,"gold_loss":0.0,"damage_taken":14.0,"cards_upgraded":["Neutralize","Defend_G"]},{"damage_healed":0.0,"max_hp_gain":0.0,"max_hp_loss":0.0,"gold_gain":175.0,"event_name":"Liars Game","player_choice":"AGREE","floor":3.0,"gold_loss":0.0,"damage_taken":0.0,"cards_obtained":["Doubt"]},{"cards_removed":["Doubt"],"damage_healed":0.0,"max_hp_gain":0.0,"max_hp_loss":0.0,"gold_gain":0.0,"event_name":"Bonfire Elementals","player_choice":"Offered Curse","floor":4.0,"gold_loss":0.0,"damage_taken":0.0,"relics_obtained":["Spirit Poop"]},{"damage_healed":0.0,"max_hp_gain":0.0,"max_hp_loss":0.0,"gold_gain":0.0,"event_name":"Match and Keep!","player_choice":"1 cards matched","floor":19.0,"gold_loss":0.0,"damage_taken":0.0,"cards_obtained":["Glass Knife"]},{"damage_healed":0.0,"max_hp_gain":0.0,"max_hp_loss":0.0,"gold_gain":0.0,"event_name":"N\u0027loth","player_choice":"Traded Relic","floor":28.0,"relics_lost":["Omamori"],"gold_loss":0.0,"damage_taken":0.0,"relics_obtained":["Nloth\u0027s Gift"]},{"damage_healed":0.0,"max_hp_gain":0.0,"max_hp_loss":0.0,"gold_gain":0.0,"event_name":"The Mausoleum","player_choice":"Ignored","floor":29.0,"gold_loss":0.0,"damage_taken":0.0},{"damage_healed":0,"gold_gain":0,"player_choice":"Fight","damage_taken":0,"max_hp_gain":0,"max_hp_loss":0,"event_name":"Mysterious Sphere","floor":38,"gold_loss":0},{"damage_healed":0,"gold_gain":0,"player_choice":"Copied","damage_taken":0,"max_hp_gain":0,"max_hp_loss":0,"event_name":"Duplicator","floor":42,"gold_loss":0,"cards_obtained":["Cloak And Dagger"]},{"damage_healed":0,"gold_gain":0,"player_choice":"Paid","damage_taken":0,"relics_obtained":["Red Mask"],"max_hp_gain":0,"max_hp_loss":0,"event_name":"Tomb of Lord Red Mask","floor":44,"gold_loss":82},{"damage_healed":73,"gold_gain":0,"player_choice":"Heal","damage_taken":0,"max_hp_gain":0,"max_hp_loss":11,"event_name":"The Moai Head","floor":46,"gold_loss":0},{"damage_healed":0,"gold_gain":0,"player_choice":"Fight","damage_taken":0,"max_hp_gain":0,"max_hp_loss":0,"event_name":"MindBloom","floor":48,"gold_loss":0}],"is_beta":false,"boss_relics":[{"not_picked":["Runic Dome","Lizard Tail"],"picked":"Astrolabe"},{"not_picked":["Philosopher\u0027s Stone","White Beast Statue"],"picked":"Empty Cage"}],"items_purged_floors":[12,27],"is_endless":false,"potions_floor_spawned":[1,5,6,11,20,23,25,31,38,45,47],"ascension_level":8}