{"gold_per_floor":[362,287,237,237,248,248,248,324,324,350,362,394,175,190,190,310,310,324,344,65,65,15,15,31,31,77,77,77,120,135,135,135,263,263,279,129,153,153,176,219,219,232],"floor_reached":42,"playtime":4022,"items_purged":["Strike_R","Defend_R","Strike_R","Defend_R"],"score":486,"play_id":"ea507b1d-7736-4a0f-a17a-9bedb91d9d27","local_time":"20190106161456","is_ascension_mode":false,"campfire_choices":[{"data":"Bash","floor":7.0,"key":"SMITH"},{"floor":15.0,"key":"REST"},{"data":"Clash","floor":23.0,"key":"SMITH"},{"data":"Shrug It Off","floor":25.0,"key":"SMITH"},{"data":"Flash of Steel","floor":27.0,"key":"SMITH"},{"floor":32.0,"key":"REST"},{"floor":41.0,"key":"REST"}],"neow_cost":"PERCENT_DAMAGE","seed_source_timestamp":18992135174753,"circlet_count":0,"master_deck":["Strike_R+1","Strike_R+1","Defend_R","Bash+1","Flash of Steel+1","Clash+1","Shrug It Off+1","Flash of Steel"],"special_seed":0,"relics":["Burning Blood","Golden Idol","Whetstone","MawBank","Runic Dome","Juzu Bracelet","Bag of Preparation","Blue Candle","Fusion Hammer","Potion Belt"],"potions_floor_usage":[],"damage_taken":[{"damage":5.0,"enemies":"Cultist","floor":1.0,"turns":4.0},{"damage":0.0,"enemies":"2 Louse","floor":5.0,"turns":3.0},{"damage":20.0,"enemies":"Gremlin Nob","floor":8.0,"turns":4.0},{"damage":12.0,"enemies":"Small Slimes","floor":10.0,"turns":2.0},{"damage":15.0,"enemies":"3 Louse","floor":12.0,"turns":4.0},{"damage":7.0,"enemies":"Blue Slaver","floor":14.0,"turns":2.0},{"damage":46.0,"enemies":"Hexaghost","floor":16.0,"turns":5.0},{"damage":17.0,"enemies":"Shell Parasite","floor":18.0,"turns":3.0},{"damage":10.0,"enemies":"Spheric Guardian","floor":19.0,"turns":3.0},{"damage":10.0,"enemies":"Cultist and Chosen","floor":24.0,"turns":3.0},{"damage":8.0,"enemies":"Book of Stabbing","floor":29.0,"turns":5.0},{"damage":5.0,"enemies":"Chosen and Byrds","floor":30.0,"turns":5.0},{"damage":78.0,"enemies":"Automaton","floor":33.0,"turns":11.0},{"damage":6.0,"enemies":"3 Shapes","floor":35.0,"turns":4.0},{"damage":0.0,"enemies":"3 Darklings","floor":37.0,"turns":5.0},{"damage":0.0,"enemies":"Jaw Worm Horde","floor":39.0,"turns":1.0},{"damage":0.0,"enemies":"Giant Head","floor":40.0,"turns":1.0},{"damage":0,"enemies":"Transient","floor":42,"turns":1}],"seed_played":"-6965768435202869707","potions_obtained":[{"floor":5.0,"key":"Regen Potion"},{"floor":8.0,"key":"SkillPotion"},{"floor":14.0,"key":"AttackPotion"},{"floor":16.0,"key":"Dexterity Potion"},{"floor":24.0,"key":"Poison Potion"},{"floor":33.0,"key":"LiquidBronze"},{"floor":39.0,"key":"Weak Potion"}],"is_trial":false,"path_per_floor":["M","$","?","?","M","?","R","?","T","M","?","M","$","M","R","B",null,"M","M","$","?","?","R","M","R","T","R","$","E","M","$","R","B",null,"M","$","M","?","M","E","R","M"],"character_chosen":"IRONCLAD","items_purchased":["Flash of Steel","Clash","Juzu Bracelet"],"campfire_rested":3,"item_purchase_floors":[13,13,20],"current_hp_per_floor":[57,57,57,57,63,63,63,49,49,43,43,34,34,33,55,15,74,63,59,59,74,74,74,70,70,70,70,70,68,69,69,74,17,74,74,74,74,64,70,74,74,74],"gold":232,"neow_bonus":"TWO_FIFTY_GOLD","is_prod":false,"is_daily":false,"chose_seed":false,"campfire_upgraded":4,"win_rate":0,"timestamp":1546809296,"path_taken":["M","$","?","?","M","?","R","?","T","?","?","M","$","M","R","BOSS","M","M","$","?","?","R","M","R","T","R","$","E","M","?","R","BOSS","M","$","M","?","M","E","R","M"],"build_version":"2019-01-03v4","purchased_purges":4,"victory":false,"max_hp_per_floor":[80,80,80,80,80,74,74,74,74,74,74,74,74,74,74,74,74,74,74,74,74,74,74,74,74,74,74,74,74,74,74,74,74,74,74,74,74,74,74,74,74,74],"card_choices":[{"not_picked":["Sword Boomerang","Body Slam","Heavy Blade"],"picked":"SKIP","floor":1.0},{"not_picked":["Impervious","Intimidate","Heavy Blade"],"picked":"SKIP","floor":5.0},{"not_picked":["Corruption","Flex","Headbutt"],"picked":"SKIP","floor":10.0},{"not_picked":["Wild Strike","Havoc","Pommel Strike"],"picked":"SKIP","floor":12.0},{"not_picked":["Rupture","Clothesline","Searing Blow"],"picked":"SKIP","floor":14.0},{"not_picked":["Flex","Hemokinesis","Combust"],"picked":"SKIP","floor":18.0},{"not_picked":["Headbutt+1","Rampage","Warcry"],"picked":"SKIP","floor":19.0},{"not_picked":["Armaments","Body Slam"],"picked":"Shrug It Off","floor":24.0},{"not_picked":["Body Slam","Cleave","Corruption"],"picked":"SKIP","floor":29.0},{"not_picked":["Armaments","Clothesline","Flex"],"picked":"SKIP","floor":30.0},{"not_picked":["Flex","Rage","Body Slam"],"picked":"SKIP","floor":35.0},{"not_picked":["Metallicize+1","Havoc","Clash+1"],"picked":"SKIP","floor":37.0},{"not_picked":["Trip","Metamorphosis"],"picked":"Flash of Steel","floor":38.0},{"not_picked":["Uppercut+1","Twin Strike","Disarm"],"picked":"SKIP","floor":39.0},{"not_picked":["Shrug It Off","Metallicize+1","Uppercut+1"],"picked":"SKIP","floor":40.0}],"player_experience":2804353,"relics_obtained":[{"floor":8.0,"key":"Whetstone"},{"floor":9.0,"key":"MawBank"},{"floor":26.0,"key":"Bag of Preparation"},{"floor":29.0,"key":"Blue Candle"},{"floor":40.0,"key":"Potion Belt"}],"event_choices":[{"cards_removed":["Defend_R"],"damage_healed":0.0,"max_hp_gain":0.0,"max_hp_loss":0.0,"gold_gain":0.0,"event_name":"The Cleric","player_choice":"Card Removal","floor":3.0,"gold_loss":50.0,"damage_taken":0.0},{"cards_removed":["Strike_R"],"damage_healed":0.0,"max_hp_gain":0.0,"max_hp_loss":0.0,"gold_gain":0.0,"event_name":"Living Wall","player_choice":"Forget","floor":4.0,"gold_loss":0.0,"damage_taken":0.0},{"damage_healed":0.0,"max_hp_gain":0.0,"max_hp_loss":6.0,"gold_gain":0.0,"event_name":"Golden Idol","player_choice":"Lose Max HP","floor":6.0,"gold_loss":0.0,"damage_taken":0.0,"relics_obtained":["Golden Idol"]},{"damage_healed":0.0,"max_hp_gain":0.0,"max_hp_loss":0.0,"gold_gain":0.0,"event_name":"Dead Adventurer","player_choice":"Searched \u00271\u0027 times","floor":8.0,"gold_loss":0.0,"damage_taken":0.0},{"cards_removed":["Iron Wave"],"damage_healed":0.0,"max_hp_gain":0.0,"max_hp_loss":0.0,"gold_gain":0.0,"event_name":"NoteForYourself","player_choice":"Took Card","floor":11.0,"gold_loss":0.0,"damage_taken":0.0,"cards_obtained":["Iron Wave"]},{"damage_healed":15.0,"max_hp_gain":0.0,"max_hp_loss":0.0,"gold_gain":0.0,"event_name":"Wheel of Change","player_choice":"Full Heal","floor":21.0,"gold_loss":0.0,"damage_taken":0.0},{"damage_healed":0.0,"max_hp_gain":0.0,"max_hp_loss":0.0,"gold_gain":0.0,"event_name":"The Joust","player_choice":"Bet on Murderer","floor":22.0,"gold_loss":50.0,"damage_taken":0.0},{"damage_healed":0.0,"max_hp_gain":0.0,"max_hp_loss":0.0,"gold_gain":0.0,"event_name":"SensoryStone","player_choice":"Memory 3","floor":38.0,"gold_loss":0.0,"damage_taken":10.0}],"is_beta":false,"boss_relics":[{"not_picked":["Ectoplasm","Pandora\u0027s Box"],"picked":"Runic Dome"},{"not_picked":["Mark of Pain","Calling Bell"],"picked":"Fusion Hammer"}],"items_purged_floors":[2,13,20,36],"is_endless":false,"potions_floor_spawned":[5,8,14,16,24,29,33,39],"killed_by":"Transient","ascension_level":0}