{"gold_per_floor":[111,129,79,79,79,112,136,136,163,313,388,130,130,145,145,234,234,249,23,23,42,62,98,98,116,116,116,140,171,171,184,184,278,278,298,317,338,160,160,195,195,260,260,260,260,260,260,284,284,284,284],"floor_reached":51,"playtime":8272,"items_purged":["Doubt"],"score":1526,"play_id":"8992330c-d725-403d-9a0a-d8e977f87cd8","local_time":"20190120121217","is_ascension_mode":true,"campfire_choices":[{"data":"Spot Weakness","floor":8.0,"key":"SMITH"},{"data":"Discovery","floor":13.0,"key":"SMITH"},{"floor":15.0,"key":"REST"},{"floor":24.0,"key":"REST"},{"floor":27.0,"key":"REST"},{"data":"Whirlwind","floor":32.0,"key":"SMITH"},{"floor":41.0,"key":"REST"},{"floor":44.0,"key":"REST"},{"data":"Madness","floor":47.0,"key":"SMITH"},{"data":"Madness","floor":49.0,"key":"SMITH"}],"neow_cost":"NONE","seed_source_timestamp":527682650576259,"circlet_count":0,"master_deck":["AscendersBane","Strike_R","Strike_R","Strike_R","Defend_R","Defend_R","Defend_R","Defend_R","Bash","Headbutt","Shrug It Off","Armaments+1","Discovery+1","Flame Barrier","Pommel Strike","Flame Barrier","Offering","Whirlwind+1","Offering","Reckless Charge","Clothesline+1","Shrug It Off","Shrug It Off","Inflame+1","Reaper","Madness+1","Madness+1"],"special_seed":0,"relics":["Burning Blood","NeowsBlessing","Golden Idol","Dream Catcher","Centennial Puzzle","Busted Crown","Brimstone","Shuriken","Pocketwatch","Vajra","Orrery","Peace Pipe","Unceasing Top","Question Card"],"potions_floor_usage":[51,51],"damage_taken":[{"damage":0.0,"enemies":"Small Slimes","floor":1.0,"turns":1.0},{"damage":0.0,"enemies":"2 Louse","floor":2.0,"turns":2.0},{"damage":0.0,"enemies":"Lagavulin","floor":6.0,"turns":1.0},{"damage":12.0,"enemies":"Cultist","floor":7.0,"turns":4.0},{"damage":18.0,"enemies":"Large Slime","floor":14.0,"turns":5.0},{"damage":29.0,"enemies":"Hexaghost","floor":16.0,"turns":9.0},{"damage":15.0,"enemies":"Chosen","floor":18.0,"turns":5.0},{"damage":6.0,"enemies":"Spheric Guardian","floor":21.0,"turns":2.0},{"damage":6.0,"enemies":"Snecko","floor":22.0,"turns":4.0},{"damage":25.0,"enemies":"Gremlin Leader","floor":23.0,"turns":4.0},{"damage":12.0,"enemies":"Sentry and Sphere","floor":25.0,"turns":2.0},{"damage":6.0,"enemies":"Chosen and Byrds","floor":28.0,"turns":3.0},{"damage":6.0,"enemies":"Book of Stabbing","floor":29.0,"turns":4.0},{"damage":18.0,"enemies":"Shelled Parasite and Fungi","floor":31.0,"turns":3.0},{"damage":12.0,"enemies":"Collector","floor":33.0,"turns":4.0},{"damage":4.0,"enemies":"Orb Walker","floor":35.0,"turns":2.0},{"damage":0.0,"enemies":"3 Shapes","floor":36.0,"turns":5.0},{"damage":6.0,"enemies":"3 Darklings","floor":37.0,"turns":1.0},{"damage":91.0,"enemies":"Giant Head","floor":40.0,"turns":7.0},{"damage":10.0,"enemies":"2 Orb Walkers","floor":42.0,"turns":2.0},{"damage":39.0,"enemies":"4 Shapes","floor":48.0,"turns":5.0},{"damage":88.0,"enemies":"Awakened One","floor":50.0,"turns":8.0},{"damage":30,"enemies":"Time Eater","floor":51,"turns":4}],"seed_played":"1871369575669106268","potions_obtained":[{"floor":1.0,"key":"SteroidPotion"},{"floor":16.0,"key":"Dexterity Potion"},{"floor":40.0,"key":"SteroidPotion"},{"floor":42.0,"key":"EssenceOfSteel"},{"floor":48.0,"key":"PowerPotion"}],"is_trial":false,"path_per_floor":["M","M","$","?","?","E","M","R","T","?","?","$","R","M","R","B",null,"M","$","?","M","M","E","R","M","T","R","M","E","?","M","R","B",null,"M","M","M","$","?","E","R","?","T","R","?","?","R","M","R","B","B"],"character_chosen":"IRONCLAD","items_purchased":["Armaments","Discovery","Flame Barrier","Brimstone","Reaper"],"campfire_rested":5,"item_purchase_floors":[3,12,12,19,38],"current_hp_per_floor":[74,75,75,68,68,68,62,62,62,62,51,51,51,39,59,36,60,51,51,51,51,51,32,52,46,46,66,66,66,66,54,54,48,63,65,68,68,68,68,16,36,56,56,68,56,56,56,68,68,20,15],"gold":284,"neow_bonus":"THREE_ENEMY_KILL","is_prod":false,"is_daily":false,"chose_seed":false,"campfire_upgraded":5,"win_rate":0,"timestamp":1548004337,"path_taken":["M","M","$","?","?","E","?","R","T","?","?","$","R","M","R","BOSS","M","$","?","M","M","E","R","M","T","R","M","E","?","M","R","BOSS","M","M","M","?","?","E","R","?","T","R","?","?","R","M","R","BOSS","BOSS"],"build_version":"2019-01-17v2","purchased_purges":1,"victory":false,"max_hp_per_floor":[75,75,75,68,68,68,68,68,68,68,68,68,68,68,68,68,68,68,68,68,68,68,68,68,68,68,68,68,68,68,68,68,68,68,68,68,68,68,68,68,68,68,68,68,68,68,68,68,68,68,68],"card_choices":[{"not_picked":["Second Wind","Seeing Red"],"picked":"Headbutt","floor":1.0},{"not_picked":["Sword Boomerang","Perfected Strike"],"picked":"Shrug It Off","floor":2.0},{"not_picked":["Warcry","Anger","Rampage"],"picked":"SKIP","floor":6.0},{"not_picked":["Perfected Strike","Warcry"],"picked":"Spot Weakness","floor":7.0},{"not_picked":["Wild Strike","Warcry"],"picked":"Pommel Strike","floor":14.0},{"not_picked":["Twin Strike","Havoc"],"picked":"Flame Barrier","floor":15.0},{"not_picked":["Dark Embrace","Brutality"],"picked":"Offering","floor":16.0},{"not_picked":[],"picked":"Whirlwind","floor":18.0},{"not_picked":["Clash"],"picked":"SKIP","floor":21.0},{"not_picked":["Armaments"],"picked":"SKIP","floor":22.0},{"not_picked":[],"picked":"Clothesline+1","floor":23.0},{"not_picked":["Iron Wave"],"picked":"SKIP","floor":25.0},{"not_picked":["Flex"],"picked":"SKIP","floor":28.0},{"not_picked":["Dark Embrace"],"picked":"SKIP","floor":29.0},{"not_picked":["Dark Embrace"],"picked":"SKIP","floor":29.0},{"not_picked":["Dropkick"],"picked":"SKIP","floor":31.0},{"not_picked":[],"picked":"Shrug It Off","floor":34.0},{"not_picked":[],"picked":"Shrug It Off","floor":34.0},{"not_picked":[],"picked":"Inflame+1","floor":35.0},{"not_picked":["Sentinel"],"picked":"SKIP","floor":36.0},{"not_picked":["Flex"],"picked":"SKIP","floor":37.0},{"not_picked":["Flex"],"picked":"SKIP","floor":40.0},{"not_picked":["Sever Soul","Havoc"],"picked":"SKIP","floor":48.0}],"player_experience":2987081,"relics_obtained":[{"floor":6.0,"key":"Dream Catcher"},{"floor":9.0,"key":"Centennial Puzzle"},{"floor":23.0,"key":"Shuriken"},{"floor":26.0,"key":"Pocketwatch"},{"floor":29.0,"key":"Vajra"},{"floor":40.0,"key":"Peace Pipe"},{"floor":42.0,"key":"Unceasing Top"},{"floor":43.0,"key":"Question Card"}],"event_choices":[{"damage_healed":0.0,"max_hp_gain":0.0,"max_hp_loss":7.0,"gold_gain":0.0,"event_name":"Golden Idol","player_choice":"Lose Max HP","floor":4.0,"gold_loss":0.0,"damage_taken":0.0,"relics_obtained":["Golden Idol"]},{"damage_healed":0.0,"max_hp_gain":0.0,"max_hp_loss":0.0,"gold_gain":0.0,"event_name":"Accursed Blacksmith","player_choice":"Forge","floor":5.0,"gold_loss":0.0,"damage_taken":0.0,"cards_upgraded":["Armaments"]},{"damage_healed":0.0,"max_hp_gain":0.0,"max_hp_loss":0.0,"gold_gain":150.0,"event_name":"Liars Game","player_choice":"AGREE","floor":10.0,"gold_loss":0.0,"damage_taken":0.0,"cards_obtained":["Doubt"]},{"damage_healed":0.0,"max_hp_gain":0.0,"max_hp_loss":0.0,"gold_gain":75.0,"event_name":"World of Goop","player_choice":"Gather Gold","floor":11.0,"gold_loss":0.0,"damage_taken":11.0},{"damage_healed":0.0,"max_hp_gain":0.0,"max_hp_loss":0.0,"gold_gain":0.0,"cards_transformed":["Spot Weakness","Strike_R"],"event_name":"Drug Dealer","player_choice":"Became Test Subject","floor":20.0,"gold_loss":0.0,"damage_taken":0.0,"cards_obtained":["Offering","Reckless Charge"]},{"damage_healed":0.0,"max_hp_gain":0.0,"max_hp_loss":0.0,"gold_gain":0.0,"event_name":"N\u0027loth","player_choice":"Ignored","floor":30.0,"gold_loss":0.0,"damage_taken":0.0},{"damage_healed":0.0,"max_hp_gain":0.0,"max_hp_loss":0.0,"gold_gain":0.0,"event_name":"Tomb of Lord Red Mask","player_choice":"Ignored","floor":39.0,"gold_loss":0.0,"damage_taken":0.0},{"damage_healed":0.0,"max_hp_gain":0.0,"max_hp_loss":0.0,"gold_gain":0.0,"event_name":"Mysterious Sphere","player_choice":"Fight","floor":42.0,"gold_loss":0.0,"damage_taken":0.0},{"damage_healed":0.0,"max_hp_gain":0.0,"max_hp_loss":0.0,"gold_gain":0.0,"event_name":"Winding Halls","player_choice":"Embrace Madness","floor":45.0,"gold_loss":0.0,"damage_taken":12.0,"cards_obtained":["Madness","Madness"]},{"cards_removed":["Strike_R"],"damage_healed":0.0,"max_hp_gain":0.0,"max_hp_loss":0.0,"gold_gain":0.0,"event_name":"Purifier","player_choice":"Purged","floor":46.0,"gold_loss":0.0,"damage_taken":0.0}],"is_beta":false,"boss_relics":[{"not_picked":["Black Blood","Coffee Dripper"],"picked":"Busted Crown"},{"not_picked":["Runic Dome","Pandora\u0027s Box"],"picked":"Orrery"}],"items_purged_floors":[12],"is_endless":false,"potions_floor_spawned":[1,16,21,23,25,29,31,40,42,48],"killed_by":"Time Eater","ascension_level":20}