{"gold_per_floor":[110,110,35,52,0,34,34,34,34,34,44,44,44,58,58,153,153,165,65,65,65,80,114,114,114,114,114,134,154,171,185,185,284,284,296,171,0,100,114,141,141,141,168,188,223,223,236,248,248,248],"floor_reached":50,"playtime":3525,"items_purged":["Defend_G","Strike_G","Strike_G"],"score":545,"play_id":"d7e06073-55ed-4d05-9760-0ba1ab8710bd","local_time":"20190205132836","is_ascension_mode":false,"campfire_choices":[{"data":"Outmaneuver","floor":7,"key":"SMITH"},{"data":"Noxious Fumes","floor":10,"key":"SMITH"},{"data":"Poisoned Stab","floor":12,"key":"SMITH"},{"floor":15,"key":"REST"},{"data":"Corpse Explosion","floor":24,"key":"SMITH"},{"data":"Catalyst","floor":27,"key":"SMITH"},{"floor":32,"key":"REST"},{"data":"Deadly Poison","floor":42,"key":"SMITH"},{"floor":49,"key":"REST"}],"neow_cost":"NONE","seed_source_timestamp":58037046031529,"circlet_count":0,"master_deck":["Defend_G","Defend_G","Defend_G","Strike_G","Strike_G","Survivor+1","Neutralize+1","Footwork","Catalyst+1","Noxious Fumes+1","Outmaneuver+1","Poisoned Stab+1","Deadly Poison+1","Corpse Explosion+1","Bane+1","Backflip+1","Writhe","Expertise"],"relics":["Ring of the Snake","Tough Bandages","Mercury Hourglass","Runic Pyramid","Art of War","Gremlin Horn","HoveringKite","Red Mask","Sundial","Orichalcum","Happy Flower"],"potions_floor_usage":[6,6,16,30,31,33,40,44,45,45,50],"damage_taken":[{"damage":3,"enemies":"Small Slimes","floor":1,"turns":4},{"damage":0,"enemies":"Jaw Worm","floor":4,"turns":5},{"damage":12,"enemies":"3 Sentries","floor":6,"turns":7},{"damage":0,"enemies":"2 Louse","floor":11,"turns":2},{"damage":8,"enemies":"Gremlin Gang","floor":14,"turns":4},{"damage":37,"enemies":"The Guardian","floor":16,"turns":8},{"damage":0,"enemies":"Spheric Guardian","floor":18,"turns":3},{"damage":6,"enemies":"2 Thieves","floor":22,"turns":2},{"damage":13,"enemies":"Gremlin Leader","floor":23,"turns":4},{"damage":0,"enemies":"3 Cultists","floor":28,"turns":2},{"damage":11,"enemies":"Snecko","floor":29,"turns":3},{"damage":7,"enemies":"Centurion and Healer","floor":30,"turns":3},{"damage":10,"enemies":"Snake Plant","floor":31,"turns":3},{"damage":15,"enemies":"Automaton","floor":33,"turns":7},{"damage":10,"enemies":"Orb Walker","floor":35,"turns":4},{"damage":7,"enemies":"3 Shapes","floor":39,"turns":3},{"damage":2,"enemies":"Reptomancer","floor":40,"turns":6},{"damage":10,"enemies":"Transient","floor":44,"turns":5},{"damage":31,"enemies":"Giant Head","floor":45,"turns":8},{"damage":21,"enemies":"Sphere and 2 Shapes","floor":47,"turns":4},{"damage":14,"enemies":"Spire Growth","floor":48,"turns":4},{"damage":31,"enemies":"Donu and Deca","floor":50,"turns":5}],"seed_played":"-3035104965759722960","potions_obtained":[{"floor":1,"key":"Fire Potion"},{"floor":4,"key":"Strength Potion"},{"floor":14,"key":"Weak Potion"},{"floor":22,"key":"Swift Potion"},{"floor":29,"key":"SkillPotion"},{"floor":31,"key":"SpeedPotion"},{"floor":33,"key":"FearPotion"},{"floor":39,"key":"PowerPotion"},{"floor":40,"key":"AttackPotion"},{"floor":44,"key":"Regen Potion"},{"floor":45,"key":"GamblersBrew"},{"floor":47,"key":"SpeedPotion"}],"is_trial":false,"path_per_floor":["M","?","$","M","$","E","R","?","T","R","M","R","$","M","R","B",null,"M","$","?","$","M","E","R","?","T","R","M","M","M","M","R","B",null,"M","$","?","?","M","E","$","R","T","M","E","?","M","M","R","B"],"character_chosen":"THE_SILENT","items_purchased":["Block Potion"],"campfire_rested":3,"item_purchase_floors":[5],"current_hp_per_floor":[67,53,53,53,53,41,41,41,41,41,41,41,41,33,54,17,70,70,70,70,70,64,51,51,51,51,51,51,40,33,23,44,29,70,60,60,60,60,53,51,51,51,51,41,25,43,22,8,29,0],"gold":248,"neow_bonus":"TRANSFORM_CARD","is_prod":false,"is_daily":false,"chose_seed":false,"campfire_upgraded":6,"win_rate":0.0,"timestamp":1549391316,"path_taken":["M","?","?","M","?","E","R","?","T","R","M","R","$","?","R","BOSS","M","$","?","$","M","E","R","?","T","R","?","M","M","M","R","BOSS","M","$","?","?","M","E","$","R","T","?","E","?","M","M","R","BOSS"],"build_version":"2019-01-23","purchased_purges":3,"victory":false,"max_hp_per_floor":[70,70,70,70,70,70,70,70,70,70,70,70,70,70,70,70,70,70,70,70,70,70,70,70,70,70,70,70,70,70,70,70,70,70,70,70,70,70,70,70,70,70,70,70,70,70,70,70,70,70],"card_choices":[{"not_picked":["Choke","Backflip"],"picked":"Catalyst","floor":1},{"not_picked":["Poisoned Stab","Underhanded Strike"],"picked":"Noxious Fumes","floor":4},{"not_picked":["Endless Agony","Bane"],"picked":"Outmaneuver","floor":6},{"not_picked":["All Out Attack","Storm of Steel"],"picked":"Poisoned Stab","floor":11},{"not_picked":["Riddle With Holes","Masterful Stab"],"picked":"Deadly Poison","floor":14},{"not_picked":["Bullet Time","After Image"],"picked":"Corpse Explosion","floor":16},{"not_picked":["Deflect","Underhanded Strike","Prepared+1"],"picked":"SKIP","floor":18},{"not_picked":["PiercingWail","Dagger Spray"],"picked":"Bane+1","floor":22},{"not_picked":["Cloak And Dagger+1","Distraction","Skewer+1"],"picked":"SKIP","floor":23},{"not_picked":["Leg Sweep","Slice+1","Blade Dance"],"picked":"SKIP","floor":28},{"not_picked":["Dash","Poisoned Stab","All Out Attack"],"picked":"SKIP","floor":29},{"not_picked":["Deadly Poison","Slice","Burst"],"picked":"SKIP","floor":30},{"not_picked":["Dash+1","Eviscerate","Footwork"],"picked":"SKIP","floor":31},{"not_picked":["Cloak And Dagger","Accuracy+1","Acrobatics+1"],"picked":"SKIP","floor":35},{"not_picked":["Expertise","Heel Hook","Slice"],"picked":"SKIP","floor":39},{"not_picked":["Deflect+1","Blade Dance","Outmaneuver"],"picked":"SKIP","floor":40},{"not_picked":["Sucker Punch+1","Accuracy"],"picked":"Backflip+1","floor":44},{"not_picked":["Doppelganger","Underhanded Strike+1","Deflect"],"picked":"SKIP","floor":45},{"not_picked":["Well Laid Plans","Blade Dance+1"],"picked":"Expertise","floor":47},{"not_picked":["Prepared+1","Acrobatics","Underhanded Strike"],"picked":"SKIP","floor":48}],"player_experience":47577,"relics_obtained":[{"floor":6,"key":"Tough Bandages"},{"floor":9,"key":"Mercury Hourglass"},{"floor":23,"key":"Art of War"},{"floor":26,"key":"Gremlin Horn"},{"floor":40,"key":"Sundial"},{"floor":43,"key":"Orichalcum"},{"floor":45,"key":"Happy Flower"}],"event_choices":[{"damage_healed":0,"gold_gain":0,"player_choice":"Entered Light","damage_taken":14,"max_hp_gain":0,"max_hp_loss":0,"event_name":"Shining Light","floor":2,"gold_loss":0,"cards_upgraded":["Neutralize","Survivor"]},{"damage_healed":0,"gold_gain":0,"player_choice":"Ignored","damage_taken":0,"max_hp_gain":0,"max_hp_loss":0,"event_name":"NoteForYourself","floor":8,"gold_loss":0},{"damage_healed":0,"gold_gain":0,"player_choice":"Ignored","damage_taken":0,"max_hp_gain":0,"max_hp_loss":0,"event_name":"Beggar","floor":20,"gold_loss":0},{"cards_removed":["Strike_G"],"damage_healed":0,"gold_gain":0,"player_choice":"Purged","damage_taken":0,"max_hp_gain":0,"max_hp_loss":0,"event_name":"Purifier","floor":25,"gold_loss":0},{"damage_healed":0,"gold_gain":0,"player_choice":"Paid","damage_taken":0,"relics_obtained":["Red Mask"],"max_hp_gain":0,"max_hp_loss":0,"event_name":"Tomb of Lord Red Mask","floor":37,"gold_loss":171},{"damage_healed":0,"gold_gain":100,"player_choice":"Pray","damage_taken":0,"max_hp_gain":0,"max_hp_loss":0,"event_name":"Golden Shrine","floor":38,"gold_loss":0},{"damage_healed":18,"gold_gain":0,"player_choice":"Writhe","damage_taken":0,"max_hp_gain":0,"max_hp_loss":0,"event_name":"Winding Halls","floor":46,"gold_loss":0,"cards_obtained":["Writhe"]}],"is_beta":false,"boss_relics":[{"not_picked":["White Beast Statue","Eternal Feather"],"picked":"Runic Pyramid"},{"not_picked":["WristBlade","Lizard Tail"],"picked":"HoveringKite"}],"items_purged_floors":[3,19,36],"is_endless":false,"potions_floor_spawned":[1,4,14,22,29,31,33,39,40,44,45,47],"killed_by":"Donu and Deca","ascension_level":0}