{"gold_per_floor":[116,116,116,132,149,149,179,194,218,218,244,244,52,52,52,175,175,196,196,19,19,34,34,53,77,128,128],"floor_reached":27,"playtime":1508,"items_purged":["Strike_R"],"score":287,"play_id":"866ed789-eff2-4a79-86cc-4080fbdc5321","local_time":"20190313111913","is_ascension_mode":true,"campfire_choices":[{"data":"Shrug It Off","floor":6,"key":"SMITH"},{"data":"Clothesline","floor":10,"key":"SMITH"},{"floor":15,"key":"REST"},{"floor":23,"key":"REST"}],"neow_cost":"NONE","seed_source_timestamp":813298942840596,"circlet_count":0,"master_deck":["Strike_R","Strike_R","Defend_R+1","Defend_R","Defend_R","Bash+1","Rampage+1","Clothesline+1","Shrug It Off+1","Uppercut","Shrug It Off","Immolate","Demon Form+1","Flex+1","Spot Weakness","Metallicize"],"relics":["Burning Blood","Smiling Mask","Strawberry","Blood Vial","Regal Pillow","Golden Idol","Empty Cage","PreservedInsect","Happy Flower"],"potions_floor_usage":[7,16,22,24],"damage_taken":[{"damage":7,"enemies":"Jaw Worm","floor":1,"turns":3},{"damage":0,"enemies":"Small Slimes","floor":4,"turns":3},{"damage":0,"enemies":"2 Louse","floor":5,"turns":3},{"damage":27,"enemies":"3 Sentries","floor":7,"turns":6},{"damage":10,"enemies":"Large Slime","floor":8,"turns":4},{"damage":30,"enemies":"Lagavulin","floor":11,"turns":4},{"damage":54,"enemies":"The Guardian","floor":16,"turns":9},{"damage":23,"enemies":"Spheric Guardian","floor":18,"turns":7},{"damage":21,"enemies":"3 Byrds","floor":22,"turns":4},{"damage":28,"enemies":"Snake Plant","floor":24,"turns":4},{"damage":28,"enemies":"Centurion and Healer","floor":25,"turns":6},{"damage":51,"enemies":"Gremlin Leader","floor":27,"turns":6}],"seed_played":"8496087348527767078","potions_obtained":[{"floor":4,"key":"FairyPotion"},{"floor":5,"key":"Explosive Potion"},{"floor":11,"key":"Strength Potion"},{"floor":18,"key":"Explosive Potion"},{"floor":22,"key":"FearPotion"}],"is_trial":false,"path_per_floor":["M","?","?","M","M","R","E","M","T","R","E","?","$","?","R","B",null,"M","?","$","?","M","R","M","M","T","E"],"character_chosen":"IRONCLAD","items_purchased":["Immolate","Spot Weakness","PreservedInsect"],"campfire_rested":2,"item_purchase_floors":[13,20,20],"current_hp_per_floor":[71,55,55,61,67,67,46,42,49,49,25,25,25,25,64,18,65,50,50,50,50,37,76,56,36,36,0],"gold":128,"neow_bonus":"UPGRADE_CARD","is_prod":false,"is_daily":false,"chose_seed":false,"campfire_upgraded":2,"win_rate":0,"timestamp":1552490353,"path_taken":["M","?","?","M","M","R","E","M","T","R","E","?","$","?","R","BOSS","M","?","$","?","M","R","?","M","T","E"],"build_version":"2019-01-23","purchased_purges":1,"victory":false,"max_hp_per_floor":[80,80,80,80,80,80,80,80,87,87,87,87,87,81,81,81,81,81,81,81,81,81,81,81,81,81,81],"card_choices":[{"not_picked":["Clash","Body Slam"],"picked":"Rampage","floor":1},{"not_picked":["Rampage","Sword Boomerang"],"picked":"Clothesline","floor":4},{"not_picked":["Cleave","Pummel"],"picked":"Shrug It Off","floor":5},{"not_picked":["Dropkick","Searing Blow"],"picked":"Uppercut","floor":7},{"not_picked":["Warcry","Sword Boomerang","Second Wind"],"picked":"SKIP","floor":8},{"not_picked":["Barricade","Limit Break"],"picked":"Shrug It Off","floor":11},{"not_picked":["Bludgeon","Brutality"],"picked":"Demon Form","floor":16},{"not_picked":["Rage","Headbutt"],"picked":"Flex+1","floor":18},{"not_picked":["Clash","Wild Strike+1","Flex"],"picked":"SKIP","floor":22},{"not_picked":["Infernal Blade","Clothesline"],"picked":"Metallicize","floor":24},{"not_picked":["Fire Breathing","Headbutt","Havoc"],"picked":"SKIP","floor":25}],"player_experience":159303,"relics_obtained":[{"floor":7,"key":"Smiling Mask"},{"floor":9,"key":"Strawberry"},{"floor":11,"key":"Blood Vial"},{"floor":26,"key":"Happy Flower"}],"event_choices":[{"damage_healed":0,"gold_gain":0,"player_choice":"Entered Light","damage_taken":16,"max_hp_gain":0,"max_hp_loss":0,"event_name":"Shining Light","floor":2,"gold_loss":0,"cards_upgraded":["Rampage","Defend_R"]},{"damage_healed":0,"gold_gain":0,"player_choice":"Ignored","damage_taken":0,"max_hp_gain":0,"max_hp_loss":0,"event_name":"Liars Game","floor":3,"gold_loss":0},{"damage_healed":0,"gold_gain":0,"player_choice":"Searched \u00271\u0027 times","damage_taken":0,"relics_obtained":["Regal Pillow"],"max_hp_gain":0,"max_hp_loss":0,"event_name":"Dead Adventurer","floor":12,"gold_loss":0},{"damage_healed":0,"gold_gain":0,"player_choice":"Lose Max HP","damage_taken":0,"relics_obtained":["Golden Idol"],"max_hp_gain":0,"max_hp_loss":6,"event_name":"Golden Idol","floor":14,"gold_loss":0},{"cards_removed":["Strike_R"],"damage_healed":0,"gold_gain":0,"player_choice":"Elegance","damage_taken":0,"max_hp_gain":0,"max_hp_loss":0,"event_name":"Back to Basics","floor":19,"gold_loss":0},{"damage_healed":0,"gold_gain":0,"player_choice":"Forge","damage_taken":0,"max_hp_gain":0,"max_hp_loss":0,"event_name":"Accursed Blacksmith","floor":21,"gold_loss":0,"cards_upgraded":["Demon Form"]}],"is_beta":false,"boss_relics":[{"not_picked":["Runic Cube","Snecko Eye"],"picked":"Empty Cage"}],"items_purged_floors":[13],"is_endless":false,"potions_floor_spawned":[4,5,11,18,22],"killed_by":"Gremlin Leader","ascension_level":6}