{"gold_per_floor":[111,111,36,56,56,56,56,56,79,0,15,32,32,44,44,44],"floor_reached":16,"playtime":621,"items_purged":["Defend_G"],"score":90,"play_id":"6b12f517-a6b1-4da7-88e0-c7e4931440b1","local_time":"20190221120354","is_ascension_mode":false,"campfire_choices":[{"data":"Endless Agony","floor":6,"key":"SMITH"},{"data":"Backflip","floor":8,"key":"SMITH"},{"data":"Infinite Blades","floor":13,"key":"SMITH"},{"floor":15,"key":"REST"}],"neow_cost":"NONE","seed_source_timestamp":383302844038280,"circlet_count":0,"master_deck":["Defend_G","Defend_G","Defend_G","Defend_G","Strike_G","Strike_G","Strike_G","Strike_G","Survivor","Neutralize","Endless Agony+1","Backflip+1","Regret","Infinite Blades+1","Crippling Poison","Flying Knee"],"relics":["Ring of the Snake","Art of War","Boot"],"potions_floor_usage":[12,16],"damage_taken":[{"damage":2,"enemies":"2 Louse","floor":1,"turns":3},{"damage":3,"enemies":"Jaw Worm","floor":4,"turns":3},{"damage":4,"enemies":"Small Slimes","floor":11,"turns":3},{"damage":11,"enemies":"Looter","floor":12,"turns":3},{"damage":8,"enemies":"2 Fungi Beasts","floor":14,"turns":3},{"damage":65,"enemies":"The Guardian","floor":16,"turns":8}],"seed_played":"-430540630894702185","potions_obtained":[{"floor":11,"key":"Ancient Potion"},{"floor":12,"key":"FairyPotion"},{"floor":14,"key":"GamblersBrew"}],"is_trial":false,"path_per_floor":["M","?","$","M","?","R","?","R","T","$","M","M","R","M","R","B"],"character_chosen":"THE_SILENT","items_purchased":["Infinite Blades"],"campfire_rested":1,"item_purchase_floors":[10],"current_hp_per_floor":[68,61,61,58,58,58,58,58,58,58,54,43,43,35,56,0],"gold":44,"neow_bonus":"THREE_CARDS","is_prod":false,"is_daily":false,"chose_seed":false,"campfire_upgraded":3,"win_rate":0.0,"timestamp":1550768634,"path_taken":["M","?","$","M","?","R","?","R","T","$","M","M","R","M","R","BOSS"],"build_version":"2019-01-23","purchased_purges":1,"victory":false,"max_hp_per_floor":[70,70,70,70,70,70,70,70,70,70,70,70,70,70,70,70],"card_choices":[{"not_picked":["Underhanded Strike","Dagger Throw"],"picked":"Endless Agony","floor":0},{"not_picked":["Dagger Throw","Prepared","Dodge and Roll"],"picked":"SKIP","floor":1},{"not_picked":["PiercingWail","Catalyst"],"picked":"Backflip","floor":4},{"not_picked":["PiercingWail","Tactician"],"picked":"Crippling Poison","floor":11},{"not_picked":["Acrobatics","Backstab"],"picked":"Flying Knee","floor":12},{"not_picked":["Expertise","Setup","Crippling Poison"],"picked":"SKIP","floor":14}],"player_experience":60847,"relics_obtained":[{"floor":9,"key":"Boot"}],"event_choices":[{"cards_removed":["Strike_G"],"damage_healed":0,"gold_gain":0,"player_choice":"Card Removal","damage_taken":7,"max_hp_gain":0,"max_hp_loss":0,"event_name":"Golden Wing","floor":2,"gold_loss":0},{"damage_healed":0,"gold_gain":0,"player_choice":"Box","damage_taken":0,"relics_obtained":["Art of War"],"max_hp_gain":0,"max_hp_loss":0,"event_name":"Big Fish","floor":5,"gold_loss":0,"cards_obtained":["Regret"]},{"damage_healed":0,"gold_gain":0,"player_choice":"Bought 0 Potions","damage_taken":0,"max_hp_gain":0,"max_hp_loss":0,"event_name":"The Woman in Blue","floor":7,"gold_loss":0}],"is_beta":false,"boss_relics":[],"items_purged_floors":[3],"is_endless":false,"potions_floor_spawned":[11,12,14],"killed_by":"The Guardian","ascension_level":0}