{"gold_per_floor":[119,132,38,49,49,49,69,69,69,99,99,99,14,14,14,109,109,129,179,194,213,213,213,47,47,47,47,82,101,101,101],"floor_reached":31,"playtime":4829,"items_purged":[],"score":602,"play_id":"a85a7082-448b-47c2-99ba-f0a5fc9fc3b5","local_time":"20190202183359","is_ascension_mode":true,"campfire_choices":[{"data":"Footwork","floor":6.0,"key":"SMITH"},{"floor":8.0,"key":"REST"},{"floor":12.0,"key":"REST"},{"data":"Venomology","floor":15.0,"key":"SMITH"},{"floor":23.0,"key":"REST"},{"floor":27,"key":"REST"}],"neow_cost":"TEN_PERCENT_HP_LOSS","seed_source_timestamp":453537861371551,"circlet_count":0,"master_deck":["AscendersBane","Defend_G","Defend_G","Defend_G","Defend_G","Defend_G","Strike_G","Strike_G","Strike_G","Strike_G","Strike_G","Survivor","Neutralize","PiercingWail","Footwork+1","Bouncing Flask","Deadly Poison","Poisoned Stab","Venomology+1","Footwork","Malaise","Dodge and Roll","Backflip","Noxious Fumes","Discovery","Bane","Leg Sweep"],"special_seed":0,"relics":["Ring of the Snake","Ginger","Pocketwatch","Pantograph","Happy Flower","Golden Idol","Cursed Key","FossilizedHelix"],"potions_floor_usage":[28,29,31],"damage_taken":[{"damage":7.0,"enemies":"Cultist","floor":1.0,"turns":5.0},{"damage":4.0,"enemies":"2 Louse","floor":2.0,"turns":3.0},{"damage":0.0,"enemies":"Jaw Worm","floor":4.0,"turns":5.0},{"damage":2.0,"enemies":"Exordium Wildlife","floor":7.0,"turns":6.0},{"damage":41.0,"enemies":"Gremlin Nob","floor":10.0,"turns":6.0},{"damage":0.0,"enemies":"The Guardian","floor":16.0,"turns":9.0},{"damage":0.0,"enemies":"Chosen","floor":18.0,"turns":5.0},{"damage":28.0,"enemies":"2 Thieves","floor":20.0,"turns":4.0},{"damage":13.0,"enemies":"Cultist and Chosen","floor":21.0,"turns":9.0},{"damage":29,"enemies":"Book of Stabbing","floor":28,"turns":7},{"damage":4,"enemies":"Snake Plant","floor":29,"turns":4},{"damage":12,"enemies":"3 Cultists","floor":31,"turns":3}],"seed_played":"-1063201567415403296","potions_obtained":[{"floor":2.0,"key":"SkillPotion"},{"floor":10.0,"key":"FearPotion"},{"floor":16.0,"key":"Explosive Potion"},{"floor":21.0,"key":"Energy Potion"},{"floor":28,"key":"Fire Potion"}],"is_trial":false,"path_per_floor":["M","M","$","M","?","R","M","R","T","E","?","R","$","$","R","B",null,"M","?","M","M","?","R","$","?","T","R","E","M","$","M"],"character_chosen":"THE_SILENT","items_purchased":["Bouncing Flask","Deadly Poison","Footwork","Noxious Fumes","Discovery"],"campfire_rested":4,"item_purchase_floors":[3,3,13,24,24],"current_hp_per_floor":[52,48,48,48,30,30,28,46,46,5,5,21,21,21,21,46,52,52,52,24,11,11,27,27,27,27,43,14,10,10,0],"gold":101,"neow_bonus":"ONE_RARE_RELIC","is_prod":false,"is_daily":false,"chose_seed":false,"campfire_upgraded":2,"win_rate":0,"timestamp":1549150439,"path_taken":["M","?","$","M","?","R","M","R","T","E","?","R","?","$","R","BOSS","M","?","M","M","?","R","$","?","T","R","E","M","$","M"],"build_version":"2019-01-23","purchased_purges":0,"victory":false,"max_hp_per_floor":[60,60,60,60,60,60,60,60,60,60,54,54,54,54,54,54,54,54,54,54,54,54,54,54,54,54,54,54,54,54,54],"card_choices":[{"not_picked":["Riddle With Holes","Accuracy"],"picked":"PiercingWail","floor":1.0},{"not_picked":["Tactician","Blade Dance"],"picked":"Footwork","floor":2.0},{"not_picked":["Choke","Prepared","Underhanded Strike"],"picked":"SKIP","floor":4.0},{"not_picked":["Setup","Bane"],"picked":"Poisoned Stab","floor":7.0},{"not_picked":["Flechettes","Predator"],"picked":"Venomology","floor":10.0},{"not_picked":["Die Die Die","After Image"],"picked":"Malaise","floor":16.0},{"not_picked":["Outmaneuver","PiercingWail","Eviscerate"],"picked":"SKIP","floor":18.0},{"not_picked":["Dagger Throw","Predator"],"picked":"Dodge and Roll","floor":20.0},{"not_picked":["Blur","Deflect"],"picked":"Backflip","floor":21.0},{"not_picked":["Dagger Throw","Heel Hook+1"],"picked":"Bane","floor":28},{"not_picked":["Outmaneuver","Slice"],"picked":"Leg Sweep","floor":29}],"player_experience":3172517,"relics_obtained":[{"floor":9.0,"key":"Pantograph"},{"floor":10.0,"key":"Happy Flower"},{"floor":28,"key":"FossilizedHelix"}],"event_choices":[{"damage_healed":0.0,"max_hp_gain":0.0,"max_hp_loss":0.0,"gold_gain":0.0,"event_name":"Scrap Ooze","player_choice":"Success","floor":5.0,"gold_loss":0.0,"damage_taken":18.0,"relics_obtained":["Pocketwatch"]},{"damage_healed":0.0,"max_hp_gain":0.0,"max_hp_loss":6.0,"gold_gain":0.0,"event_name":"Golden Idol","player_choice":"Lose Max HP","floor":11.0,"gold_loss":0.0,"damage_taken":0.0,"relics_obtained":["Golden Idol"]},{"damage_healed":0.0,"max_hp_gain":0.0,"max_hp_loss":0.0,"gold_gain":50.0,"event_name":"Nest","player_choice":"Stole From Cult","floor":19.0,"gold_loss":0.0,"damage_taken":0.0},{"damage_healed":0.0,"max_hp_gain":0.0,"max_hp_loss":0.0,"gold_gain":0.0,"event_name":"Cursed Tome","player_choice":"Ignored","floor":22.0,"gold_loss":0.0,"damage_taken":0.0},{"damage_healed":0.0,"max_hp_gain":0.0,"max_hp_loss":0.0,"gold_gain":0.0,"event_name":"Beggar","player_choice":"Ignored","floor":25.0,"gold_loss":0.0,"damage_taken":0.0}],"is_beta":false,"boss_relics":[{"not_picked":["Orrery","Lizard Tail"],"picked":"Cursed Key"}],"items_purged_floors":[],"is_endless":false,"potions_floor_spawned":[2,10,16,21,28],"killed_by":"3 Cultists","ascension_level":20}