{"gold_per_floor":[366,441,83,137,150,150,150,181,206,206,232,232,232,246,246,349,349,364,364,380,380,392,392,425,425,425,425,425,458,458,63,63,168,168,185,85,102,102,102,102,135,145,170,170,170,170,170,185,185,185],"floor_reached":51,"playtime":1259,"items_purged":["Strike_R","Strike_R"],"score":865,"play_id":"86df0442-e5f3-4666-9740-f2ad40ac494a","local_time":"20190321013517","is_ascension_mode":false,"campfire_choices":[{"data":"Whirlwind","floor":6.0,"key":"SMITH"},{"data":"Flex","floor":10.0,"key":"SMITH"},{"data":"Feed","floor":13.0,"key":"SMITH"},{"data":"Bash","floor":15.0,"key":"SMITH"},{"data":"Bloodletting","floor":23.0,"key":"SMITH"},{"data":"Metallicize","floor":25.0,"key":"SMITH"},{"data":"Corruption","floor":27.0,"key":"SMITH"},{"data":"Battle Trance","floor":30.0,"key":"SMITH"},{"data":"Whirlwind","floor":32.0,"key":"SMITH"},{"data":"Strike_R","floor":40.0,"key":"PURGE"},{"data":"Strike_R","floor":45,"key":"PURGE"},{"data":"Strike_R","floor":49,"key":"PURGE"}],"neow_cost":"TEN_PERCENT_HP_LOSS","seed_source_timestamp":58303689565381,"circlet_count":0,"master_deck":["Defend_R+1","Defend_R+1","Defend_R","Bash+1","Whirlwind+1","Bloodletting+1","Metallicize+1","Flex+1","Corruption+1","Feed+1","Offering+1","Battle Trance+1","Clothesline+1","Whirlwind+1","Offering","Spot Weakness+1","Parasite","Infernal Blade","Parasite","Doubt"],"special_seed":0,"relics":["Burning Blood","Tiny Chest","War Paint","Mango","Mummified Hand","PreservedInsect","Torii","Pantograph","Sozu","Oddly Smooth Stone","Art of War","Dead Branch","Frozen Egg 2","Brimstone","Juzu Bracelet","Cursed Key","Peace Pipe","Kunai","Ancient Tea Set"],"potions_floor_usage":[],"damage_taken":[{"damage":2.0,"enemies":"2 Louse","floor":1.0,"turns":4.0},{"damage":4.0,"enemies":"Cultist","floor":5.0,"turns":4.0},{"damage":16.0,"enemies":"3 Sentries","floor":8.0,"turns":4.0},{"damage":3.0,"enemies":"Gremlin Nob","floor":11.0,"turns":3.0},{"damage":1.0,"enemies":"Jaw Worm","floor":14.0,"turns":4.0},{"damage":30.0,"enemies":"Slime Boss","floor":16.0,"turns":10.0},{"damage":27.0,"enemies":"2 Thieves","floor":18.0,"turns":4.0},{"damage":3.0,"enemies":"3 Byrds","floor":20.0,"turns":2.0},{"damage":26.0,"enemies":"Sentry and Sphere","floor":22.0,"turns":5.0},{"damage":3.0,"enemies":"Gremlin Leader","floor":24.0,"turns":5.0},{"damage":0.0,"enemies":"Slavers","floor":29.0,"turns":1.0},{"damage":21.0,"enemies":"Collector","floor":33.0,"turns":3.0},{"damage":9.0,"enemies":"Orb Walker","floor":35.0,"turns":1.0},{"damage":9.0,"enemies":"3 Shapes","floor":37.0,"turns":1.0},{"damage":8.0,"enemies":"Nemesis","floor":41.0,"turns":3.0},{"damage":15.0,"enemies":"Writhing Mass","floor":42.0,"turns":2.0},{"damage":3,"enemies":"Sphere and 2 Shapes","floor":48,"turns":1},{"damage":43,"enemies":"Time Eater","floor":50,"turns":3}],"seed_played":"-7298785823751781349","potions_obtained":[{"floor":1.0,"key":"Poison Potion"},{"floor":5.0,"key":"GamblersBrew"},{"floor":14.0,"key":"SteroidPotion"}],"is_trial":false,"path_per_floor":["M","?","$","T","M","R","T","E","T","R","E","?","R","M","R","B",null,"M","?","M","?","M","R","E","R","T","R","?","E","R","$","R","B",null,"M","$","M","T","$","R","E","M","T","?","R","?","?","M","R","B",null],"character_chosen":"IRONCLAD","items_purchased":["Tiny Chest","Bloodletting","Metallicize","Brimstone","Juzu Bracelet","Whirlwind"],"campfire_rested":0,"item_purchase_floors":[3,3,3,31,31,31],"current_hp_per_floor":[72,65,65,65,67,67,81,71,71,71,74,71,71,76,76,62,86,69,69,72,72,52,52,55,55,55,55,55,61,61,61,61,71,90,87,87,84,84,84,84,82,73,73,90,90,90,90,94,94,57],"gold":185,"neow_bonus":"TWO_FIFTY_GOLD","is_prod":false,"is_daily":false,"chose_seed":false,"campfire_upgraded":9,"win_rate":0,"timestamp":1553153717,"path_taken":["M","?","$","?","M","R","?","E","T","R","E","?","R","M","R","BOSS","M","?","M","?","?","R","E","R","T","R","?","E","R","$","R","BOSS","M","$","M","?","$","R","E","M","T","?","R","?","?","M","R","BOSS"],"build_version":"2019-01-23","purchased_purges":2,"victory":true,"max_hp_per_floor":[72,72,72,72,72,72,86,86,86,86,86,86,86,86,86,86,86,90,90,90,90,90,90,90,90,90,90,90,90,90,90,90,90,90,90,90,90,90,90,90,90,90,90,90,90,90,90,94,94,94],"card_choices":[{"not_picked":["Rage","Warcry"],"picked":"Whirlwind","floor":1.0},{"not_picked":["Body Slam","True Grit"],"picked":"Flex","floor":5.0},{"not_picked":["Body Slam","Havoc"],"picked":"Corruption","floor":8.0},{"not_picked":["Heavy Blade","Body Slam"],"picked":"Feed","floor":11.0},{"not_picked":["True Grit","Corruption","Headbutt"],"picked":"SKIP","floor":14.0},{"not_picked":["Limit Break","Juggernaut"],"picked":"Offering","floor":16.0},{"not_picked":["Headbutt","Armaments"],"picked":"Battle Trance","floor":18.0},{"not_picked":["Anger","True Grit","Rampage"],"picked":"SKIP","floor":20.0},{"not_picked":["Clothesline+1","Blood for Blood+1","Perfected Strike"],"picked":"SKIP","floor":22.0},{"not_picked":["Blood for Blood+1","Perfected Strike"],"picked":"Clothesline+1","floor":22.0},{"not_picked":["Evolve","Pommel Strike","Wild Strike"],"picked":"SKIP","floor":24.0},{"not_picked":["Twin Strike","Iron Wave","Clash"],"picked":"SKIP","floor":29.0},{"not_picked":["Reaper","Impervious"],"picked":"Offering","floor":33.0},{"not_picked":["True Grit+1","Armaments+1"],"picked":"Spot Weakness+1","floor":35.0},{"not_picked":["Cleave+1","Iron Wave","Sentinel"],"picked":"SKIP","floor":37.0},{"not_picked":["Cleave","Infernal Blade","Reckless Charge"],"picked":"SKIP","floor":41.0},{"not_picked":["Cleave","Reckless Charge"],"picked":"Infernal Blade","floor":41.0},{"not_picked":["Iron Wave+1","Pummel+1","Wild Strike"],"picked":"SKIP","floor":42.0},{"not_picked":["Wild Strike+1","Armaments","Anger"],"picked":"SKIP","floor":48}],"player_experience":1096569,"relics_obtained":[{"floor":4.0,"key":"War Paint"},{"floor":7.0,"key":"Mango"},{"floor":8.0,"key":"Mummified Hand"},{"floor":9.0,"key":"PreservedInsect"},{"floor":11.0,"key":"Torii"},{"floor":24.0,"key":"Art of War"},{"floor":26.0,"key":"Dead Branch"},{"floor":29.0,"key":"Frozen Egg 2"},{"floor":38.0,"key":"Peace Pipe"},{"floor":41.0,"key":"Kunai"},{"floor":43.0,"key":"Ancient Tea Set"}],"event_choices":[{"damage_healed":0.0,"max_hp_gain":0.0,"max_hp_loss":0.0,"gold_gain":75.0,"event_name":"FaceTrader","player_choice":"Touch","floor":2.0,"gold_loss":0.0,"damage_taken":7.0},{"damage_healed":0.0,"max_hp_gain":0.0,"max_hp_loss":0.0,"gold_gain":0.0,"event_name":"Scrap Ooze","player_choice":"Success","floor":12.0,"gold_loss":0.0,"damage_taken":3.0,"relics_obtained":["Pantograph"]},{"damage_healed":0.0,"max_hp_gain":0.0,"max_hp_loss":0.0,"gold_gain":0.0,"event_name":"Ghosts","player_choice":"Ignored","floor":19.0,"gold_loss":0.0,"damage_taken":0.0},{"damage_healed":0.0,"max_hp_gain":0.0,"max_hp_loss":0.0,"gold_gain":0.0,"event_name":"WeMeetAgain","player_choice":"Gave Potion","floor":21.0,"gold_loss":0.0,"damage_taken":0.0,"relics_obtained":["Oddly Smooth Stone"]},{"damage_healed":0.0,"max_hp_gain":0.0,"max_hp_loss":0.0,"gold_gain":0.0,"event_name":"Upgrade Shrine","player_choice":"Upgraded","floor":28.0,"gold_loss":0.0,"damage_taken":0.0,"cards_upgraded":["Offering"]},{"damage_healed":17,"gold_gain":0,"player_choice":"Heal","damage_taken":0,"max_hp_gain":0,"max_hp_loss":0,"event_name":"MindBloom","floor":44,"gold_loss":0,"cards_obtained":["Doubt"]},{"damage_healed":0,"gold_gain":0,"player_choice":"Bought 0 Potions","damage_taken":0,"max_hp_gain":0,"max_hp_loss":0,"event_name":"The Woman in Blue","floor":46,"gold_loss":0},{"cards_removed":["Defend_R"],"damage_healed":0,"gold_gain":0,"player_choice":"Removed Skill","damage_taken":0,"max_hp_gain":0,"max_hp_loss":0,"event_name":"Falling","floor":47,"gold_loss":0}],"is_beta":false,"boss_relics":[{"not_picked":["Runic Pyramid","Pandora\u0027s Box"],"picked":"Sozu"},{"not_picked":["Velvet Choker","Black Blood"],"picked":"Cursed Key"}],"items_purged_floors":[3,36],"is_endless":false,"potions_floor_spawned":[1,5,14,18,33,37],"ascension_level":0}