{"gold_per_floor":[113,113,126,47,67,101,101,66,66,83,83,3,3,17,17,93,93,103,113,131,131],"floor_reached":21,"playtime":2080,"items_purged":[],"score":362,"play_id":"bd19b251-ce07-4b79-8cd6-a435cd39eddf","local_time":"20190130161751","is_ascension_mode":true,"campfire_choices":[{"floor":7.0,"key":"REST"},{"floor":11.0,"key":"REST"},{"data":"Caltrops","floor":15.0,"key":"SMITH"}],"neow_cost":"NONE","seed_source_timestamp":189154052504964,"circlet_count":0,"master_deck":["AscendersBane","Defend_G","Defend_G","Defend_G","Defend_G","Defend_G","Strike_G","Strike_G","Strike_G","Strike_G","Survivor","Neutralize","Finisher","Cloak And Dagger","Cloak And Dagger","Sucker Punch","Caltrops+1","Blur","Dagger Spray","Poisoned Stab","Deflect","Bouncing Flask","Corpse Explosion","Dodge and Roll","Setup+1"],"special_seed":0,"relics":["Ring of the Snake","NeowsBlessing","Gremlin Horn","Happy Flower","Sozu"],"potions_floor_usage":[],"damage_taken":[{"damage":0.0,"enemies":"Jaw Worm","floor":1.0,"turns":1.0},{"damage":0.0,"enemies":"Cultist","floor":3.0,"turns":1.0},{"damage":0.0,"enemies":"2 Louse","floor":5.0,"turns":1.0},{"damage":56.0,"enemies":"Lagavulin","floor":6.0,"turns":7.0},{"damage":1.0,"enemies":"Blue Slaver","floor":10.0,"turns":5.0},{"damage":0.0,"enemies":"Red Slaver","floor":14.0,"turns":3.0},{"damage":27.0,"enemies":"Hexaghost","floor":16.0,"turns":7.0},{"damage":16,"enemies":"Spheric Guardian","floor":18,"turns":5},{"damage":5,"enemies":"3 Byrds","floor":19,"turns":3},{"damage":21,"enemies":"Centurion and Healer","floor":20,"turns":5},{"damage":18,"enemies":"Shelled Parasite and Fungi","floor":21,"turns":2}],"seed_played":"-8871231524434566709","potions_obtained":[{"floor":3.0,"key":"Fire Potion"},{"floor":6.0,"key":"Strength Potion"},{"floor":10.0,"key":"PowerPotion"}],"is_trial":false,"path_per_floor":["M","?","M","$","M","E","R","?","T","M","R","$","?","M","R","B",null,"M","M","M","M"],"character_chosen":"THE_SILENT","items_purchased":["Cloak And Dagger","Sucker Punch","Poisoned Stab","Deflect"],"campfire_rested":2,"item_purchase_floors":[4,4,12,12],"current_hp_per_floor":[59,59,59,59,59,3,22,38,38,37,56,56,56,56,56,29,57,41,36,15,0],"gold":131,"neow_bonus":"THREE_ENEMY_KILL","is_prod":false,"is_daily":false,"chose_seed":false,"campfire_upgraded":1,"win_rate":0,"timestamp":1548883071,"path_taken":["M","?","?","$","M","E","R","?","T","M","R","$","?","M","R","BOSS","M","M","M","M"],"build_version":"2019-01-23","purchased_purges":0,"victory":false,"max_hp_per_floor":[66,66,66,66,66,66,66,66,66,66,66,66,66,66,66,66,66,66,66,66,66],"card_choices":[{"not_picked":["Quick Slash","Reflex"],"picked":"Finisher","floor":1.0},{"not_picked":["Dagger Spray","Dodge and Roll"],"picked":"Cloak And Dagger","floor":3.0},{"not_picked":["Dagger Throw","Prepared"],"picked":"Caltrops","floor":5.0},{"not_picked":["Dagger Throw","Sucker Punch"],"picked":"Blur","floor":6.0},{"not_picked":["Skewer","Outmaneuver"],"picked":"Dagger Spray","floor":10.0},{"not_picked":["Dagger Spray","Outmaneuver"],"picked":"Bouncing Flask","floor":14.0},{"not_picked":["Tools of the Trade","Grand Finale"],"picked":"Corpse Explosion","floor":16.0},{"not_picked":["Outmaneuver","Underhanded Strike","Dagger Spray+1"],"picked":"SKIP","floor":18},{"not_picked":["All Out Attack","Bouncing Flask"],"picked":"Dodge and Roll","floor":19},{"not_picked":["Expertise","Heel Hook"],"picked":"Setup+1","floor":20}],"player_experience":3133415,"relics_obtained":[{"floor":6.0,"key":"Gremlin Horn"},{"floor":9.0,"key":"Happy Flower"}],"event_choices":[{"cards_removed":["Strike_G"],"damage_healed":0.0,"max_hp_gain":0.0,"max_hp_loss":0.0,"gold_gain":0.0,"event_name":"Purifier","player_choice":"Purged","floor":2.0,"gold_loss":0.0,"damage_taken":0.0},{"damage_healed":16.0,"max_hp_gain":0.0,"max_hp_loss":0.0,"gold_gain":0.0,"event_name":"The Cleric","player_choice":"Healed","floor":8.0,"gold_loss":35.0,"damage_taken":0.0},{"damage_healed":0.0,"max_hp_gain":0.0,"max_hp_loss":0.0,"gold_gain":0.0,"event_name":"Liars Game","player_choice":"Ignored","floor":13.0,"gold_loss":0.0,"damage_taken":0.0}],"is_beta":false,"boss_relics":[{"not_picked":["Philosopher\u0027s Stone","Pandora\u0027s Box"],"picked":"Sozu"}],"items_purged_floors":[],"is_endless":false,"potions_floor_spawned":[3,6,10,19],"killed_by":"Shelled Parasite and Fungi","ascension_level":20}