{"gold_per_floor":[111,111,5,19,37,37,12,22,47,47,82,82,94,94,94,94],"floor_reached":16,"playtime":1484,"items_purged":[],"score":195,"play_id":"9bc8df33-eb3d-4352-9440-cd77332942cc","local_time":"20190113164432","is_ascension_mode":true,"campfire_choices":[{"data":"Footwork","floor":6.0,"key":"SMITH"},{"floor":12.0,"key":"REST"},{"floor":15.0,"key":"REST"}],"neow_cost":"NONE","seed_source_timestamp":0,"circlet_count":0,"master_deck":["AscendersBane","Defend_G","Defend_G","Defend_G","Defend_G","Defend_G","Strike_G","Strike_G","Strike_G","Strike_G","Strike_G","Survivor","Neutralize","Injury","Injury","Dodge and Roll","Footwork+1","Cloak And Dagger","Deadly Poison","Endless Agony","PiercingWail","Flying Knee","Die Die Die","Sucker Punch"],"special_seed":0,"relics":["Calling Bell","Bronze Scales","Dodecahedron","Peace Pipe","Strawberry","Happy Flower","Lantern"],"potions_floor_usage":[],"damage_taken":[{"damage":1.0,"enemies":"Small Slimes","floor":1.0,"turns":4.0},{"damage":3.0,"enemies":"Cultist","floor":4.0,"turns":5.0},{"damage":6.0,"enemies":"2 Louse","floor":5.0,"turns":4.0},{"damage":6.0,"enemies":"Blue Slaver","floor":8.0,"turns":4.0},{"damage":41.0,"enemies":"Gremlin Nob","floor":11.0,"turns":6.0},{"damage":2.0,"enemies":"Exordium Wildlife","floor":13.0,"turns":5.0},{"damage":52,"enemies":"Hexaghost","floor":16,"turns":12}],"seed_played":"3089794029331447366","potions_obtained":[{"floor":4.0,"key":"Weak Potion"},{"floor":5.0,"key":"Dexterity Potion"}],"is_trial":false,"path_per_floor":["M","?","$","M","M","R","$","M","T","?","E","R","M","?","R","B"],"character_chosen":"THE_SILENT","items_purchased":["Footwork","Cloak And Dagger","PiercingWail"],"campfire_rested":2,"item_purchase_floors":[3,3,7],"current_hp_per_floor":[58,58,58,55,49,49,49,43,50,50,9,30,28,28,49,0],"gold":94,"neow_bonus":"BOSS_RELIC","is_prod":false,"is_daily":false,"chose_seed":false,"campfire_upgraded":1,"win_rate":0,"timestamp":1547415872,"path_taken":["M","?","$","?","M","R","?","M","T","?","E","R","?","?","R","BOSS"],"build_version":"2019-01-10","purchased_purges":0,"victory":false,"max_hp_per_floor":[66,66,66,66,66,66,66,66,73,73,73,73,73,73,73,73],"card_choices":[{"not_picked":["Terror","Masterful Stab"],"picked":"Dodge and Roll","floor":1.0},{"not_picked":["Dodge and Roll","Masterful Stab"],"picked":"Deadly Poison","floor":4.0},{"not_picked":["Acrobatics","Flying Knee"],"picked":"Endless Agony","floor":5.0},{"not_picked":["Catalyst","PiercingWail"],"picked":"Flying Knee","floor":8.0},{"not_picked":["Backstab","Reflex"],"picked":"Die Die Die","floor":11.0},{"not_picked":["Poisoned Stab","Dagger Throw"],"picked":"Sucker Punch","floor":13.0}],"player_experience":2895869,"relics_obtained":[{"floor":0.0,"key":"Bronze Scales"},{"floor":0.0,"key":"Dodecahedron"},{"floor":0.0,"key":"Peace Pipe"},{"floor":9.0,"key":"Strawberry"},{"floor":11.0,"key":"Lantern"}],"event_choices":[{"cards_removed":["Shame"],"damage_healed":0.0,"max_hp_gain":0.0,"max_hp_loss":0.0,"gold_gain":0.0,"event_name":"Purifier","player_choice":"Purged","floor":2.0,"gold_loss":0.0,"damage_taken":0.0},{"damage_healed":0.0,"max_hp_gain":0.0,"max_hp_loss":0.0,"gold_gain":0.0,"event_name":"WeMeetAgain","player_choice":"Gave Potion","floor":10.0,"gold_loss":0.0,"damage_taken":0.0,"relics_obtained":["Happy Flower"]},{"damage_healed":0.0,"max_hp_gain":0.0,"max_hp_loss":0.0,"gold_gain":0.0,"event_name":"Shining Light","player_choice":"Ignored","floor":14.0,"gold_loss":0.0,"damage_taken":0.0}],"is_beta":false,"boss_relics":[],"items_purged_floors":[],"is_endless":false,"potions_floor_spawned":[4,5],"killed_by":"Hexaghost","ascension_level":19}