{"gold_per_floor":[119,130,143,123,140,140,160,160,160,174,207,207,124,135,135,209,209,221,221,221,221,132,132,142,153,153,153,78,91,104,122,122,201,201,212,225,225,235,247,247,19,19,44,64,79,79,37,37,37,37],"floor_reached":51,"playtime":3169,"items_purged":[],"score":1201,"play_id":"9d458932-15d7-4af4-b120-2289739ba699","local_time":"20190326030929","is_ascension_mode":true,"campfire_choices":[{"data":"Defend_B","floor":6,"key":"SMITH"},{"data":"Hologram","floor":8,"key":"SMITH"},{"floor":15,"key":"REST"},{"data":"Defragment","floor":23,"key":"SMITH"},{"data":"Dualcast","floor":27,"key":"SMITH"},{"floor":32,"key":"REST"},{"data":"Buffer","floor":40,"key":"SMITH"},{"data":"Coolheaded","floor":42,"key":"SMITH"},{"floor":49,"key":"RECALL"}],"neow_cost":"NONE","seed_source_timestamp":267780605331860,"circlet_count":0,"master_deck":["AscendersBane","Strike_B+1","Strike_B+1","Strike_B+1","Defend_B+1","Defend_B+1","Defend_B+1","Defend_B+1","Zap","Dualcast+1","Self Repair","Barrage","Self Repair","Blizzard","Hologram+1","Ball Lightning","Leap","Capacitor","Creative AI","Hologram","Defragment+1","Chill","Fusion+1","Buffer+1","Finesse","Finesse","Parasite","Conserve Battery","Coolheaded+1","Defragment","Writhe"],"relics":["FrozenCore","Orichalcum","FossilizedHelix","Pear","Coffee Dripper","Runic Capacitor","Oddly Smooth Stone"],"potions_floor_usage":[7,11,11,31,39,50,50],"damage_taken":[{"damage":2,"enemies":"2 Louse","floor":1,"turns":3},{"damage":1,"enemies":"Cultist","floor":2,"turns":3},{"damage":2,"enemies":"Jaw Worm","floor":3,"turns":4},{"damage":14,"enemies":"2 Fungi Beasts","floor":5,"turns":4},{"damage":7,"enemies":"Gremlin Gang","floor":7,"turns":3},{"damage":37,"enemies":"Large Slime","floor":10,"turns":7},{"damage":32,"enemies":"Gremlin Nob","floor":11,"turns":4},{"damage":8,"enemies":"3 Louse","floor":14,"turns":5},{"damage":63,"enemies":"The Guardian","floor":16,"turns":12},{"damage":23,"enemies":"Shell Parasite","floor":18,"turns":10},{"damage":37,"enemies":"3 Byrds","floor":24,"turns":7},{"damage":8,"enemies":"Snecko","floor":25,"turns":7},{"damage":31,"enemies":"Centurion and Healer","floor":29,"turns":11},{"damage":11,"enemies":"Sentry and Sphere","floor":30,"turns":11},{"damage":13,"enemies":"Snecko","floor":31,"turns":10},{"damage":16,"enemies":"Champ","floor":33,"turns":17},{"damage":12,"enemies":"3 Shapes","floor":35,"turns":7},{"damage":12,"enemies":"Orb Walker","floor":36,"turns":7},{"damage":19,"enemies":"Writhing Mass","floor":38,"turns":12},{"damage":18,"enemies":"Jaw Worm Horde","floor":39,"turns":7},{"damage":22,"enemies":"Transient","floor":44,"turns":6},{"damage":32,"enemies":"4 Shapes","floor":45,"turns":7},{"damage":8,"enemies":"Donu and Deca","floor":50,"turns":15}],"seed_played":"8894502602318967260","potions_obtained":[{"floor":3,"key":"Explosive Potion"},{"floor":4,"key":"SteroidPotion"},{"floor":10,"key":"Fire Potion"},{"floor":16,"key":"FocusPotion"},{"floor":30,"key":"Swift Potion"},{"floor":31,"key":"Strength Potion"},{"floor":33,"key":"Swift Potion"},{"floor":36,"key":"Energy Potion"},{"floor":39,"key":"Dexterity Potion"}],"is_trial":false,"path_per_floor":["M","M","M","?","M","R","M","R","T","M","E","$","$","M","R","B",null,"M","?","?","?","$","R","M","M","T","R","?","M","M","M","R","B",null,"M","M","?","M","M","R","$","R","T","M","M","?","$","?","R","B",null],"character_chosen":"DEFECT","items_purchased":["Capacitor","Defragment","Runic Capacitor","Defragment"],"campfire_rested":2,"item_purchase_floors":[13,22,41,47],"current_hp_per_floor":[69,75,78,78,78,78,78,78,78,55,37,37,37,43,66,17,63,54,54,54,54,54,54,24,30,40,40,40,23,26,34,60,58,81,83,85,80,75,71,71,71,71,71,63,45,45,45,63,63,69],"gold":37,"neow_bonus":"TEN_PERCENT_HP_BONUS","is_prod":false,"is_daily":false,"chose_seed":false,"campfire_upgraded":6,"win_rate":0,"timestamp":1553562569,"path_taken":["M","M","M","?","M","R","?","R","T","M","E","?","$","M","R","BOSS","M","?","?","?","$","R","M","?","T","R","?","M","M","M","R","BOSS","M","M","?","M","M","R","$","R","T","M","M","?","?","?","R","BOSS"],"build_version":"2019-01-23","purchased_purges":0,"victory":true,"max_hp_per_floor":[78,78,78,78,78,78,78,78,78,78,78,78,78,78,78,78,78,78,78,78,78,78,78,78,78,88,88,88,88,88,88,88,88,88,88,88,88,88,88,88,88,88,88,88,88,88,88,88,88,88],"card_choices":[{"not_picked":["Leap","Sweeping Beam"],"picked":"Self Repair","floor":1},{"not_picked":["Redo","Streamline"],"picked":"Barrage","floor":2},{"not_picked":["Rip and Tear","Steam"],"picked":"Self Repair","floor":3},{"not_picked":["Chaos","Stack"],"picked":"Blizzard","floor":5},{"not_picked":["Leap","Chaos"],"picked":"Hologram","floor":7},{"not_picked":["Beam Cell","Skim"],"picked":"Ball Lightning","floor":10},{"not_picked":["Sweeping Beam","Multi-Cast"],"picked":"Leap","floor":11},{"not_picked":["Stack","Sweeping Beam","Turbo"],"picked":"SKIP","floor":14},{"not_picked":["All For One","Machine Learning"],"picked":"Creative AI","floor":16},{"not_picked":["Lockon","Turbo"],"picked":"Hologram","floor":18},{"not_picked":["Compile Driver","Barrage"],"picked":"Chill","floor":24},{"not_picked":["Darkness","Recycle"],"picked":"Fusion+1","floor":25},{"not_picked":["Fusion","Barrage","Leap"],"picked":"SKIP","floor":29},{"not_picked":["Redo","Sunder","Doom and Gloom"],"picked":"SKIP","floor":30},{"not_picked":["Auto Shields+1","Turbo","Sweeping Beam"],"picked":"SKIP","floor":31},{"not_picked":["Rainbow","Machine Learning"],"picked":"Buffer","floor":33},{"not_picked":["Turbo","Leap","Redo"],"picked":"SKIP","floor":35},{"not_picked":["Rip and Tear","Gash","Static Discharge"],"picked":"SKIP","floor":36},{"not_picked":["Madness","Swift Strike"],"picked":"Finesse","floor":37},{"not_picked":["Metamorphosis","Bandage Up"],"picked":"Finesse","floor":37},{"not_picked":["Stack","Force Field"],"picked":"Conserve Battery","floor":38},{"not_picked":["Recycle+1","Streamline"],"picked":"Coolheaded","floor":39},{"not_picked":["Heatsinks","Stack","Ball Lightning"],"picked":"SKIP","floor":44},{"not_picked":["FTL","Go for the Eyes","Streamline"],"picked":"SKIP","floor":45}],"player_experience":825320,"relics_obtained":[{"floor":11,"key":"Orichalcum"},{"floor":26,"key":"Pear"},{"floor":43,"key":"Oddly Smooth Stone"}],"event_choices":[{"damage_healed":0,"gold_gain":0,"player_choice":"Bought 1 Potion","damage_taken":0,"max_hp_gain":0,"max_hp_loss":0,"event_name":"The Woman in Blue","floor":4,"gold_loss":0},{"damage_healed":0,"gold_gain":0,"player_choice":"Simplicity","damage_taken":0,"max_hp_gain":0,"max_hp_loss":0,"event_name":"Back to Basics","floor":19,"gold_loss":0,"cards_upgraded":["Strike_B","Strike_B","Strike_B","Strike_B","Defend_B","Defend_B","Defend_B"]},{"damage_healed":0,"gold_gain":0,"player_choice":"Ignored","damage_taken":0,"max_hp_gain":0,"max_hp_loss":0,"event_name":"Ghosts","floor":20,"gold_loss":0},{"damage_healed":0,"gold_gain":0,"player_choice":"Gave Potion","damage_taken":0,"relics_obtained":["FossilizedHelix"],"max_hp_gain":0,"max_hp_loss":0,"event_name":"WeMeetAgain","floor":21,"gold_loss":0},{"cards_removed":["Strike_B"],"damage_healed":0,"gold_gain":0,"player_choice":"Gave Gold","damage_taken":0,"max_hp_gain":0,"max_hp_loss":0,"event_name":"Beggar","floor":28,"gold_loss":75},{"damage_healed":0,"gold_gain":0,"player_choice":"Memory 2","damage_taken":5,"max_hp_gain":0,"max_hp_loss":0,"event_name":"SensoryStone","floor":37,"gold_loss":0},{"damage_healed":0,"gold_gain":0,"player_choice":"Ignored","damage_taken":0,"max_hp_gain":0,"max_hp_loss":0,"event_name":"Mysterious Sphere","floor":46,"gold_loss":0},{"damage_healed":18,"gold_gain":0,"player_choice":"Writhe","damage_taken":0,"max_hp_gain":0,"max_hp_loss":0,"event_name":"Winding Halls","floor":48,"gold_loss":0,"cards_obtained":["Writhe"]}],"is_beta":false,"boss_relics":[{"not_picked":["Nuclear Battery","Runic Pyramid"],"picked":"FrozenCore"},{"not_picked":["Pandora\u0027s Box","Empty Cage"],"picked":"Coffee Dripper"}],"items_purged_floors":[],"is_endless":false,"potions_floor_spawned":[3,10,16,30,31,33,36,38,39],"ascension_level":19}