{"gold_per_floor":[109,109,109,0,16,16,56,56,83,83,98,113,136,161,161,290,290,308,26,42,42,65,65,65,106,106,106,141,41,59,94,94,224,224,248,306,319,319,339,339,359,375,375,199,212,545,545,565,565,565,565,565,44,44],"floor_reached":54,"playtime":5599,"items_purged":["Spot Weakness","Injury","Strike_R"],"score":729,"play_id":"ee2e5395-349a-4c3f-93c1-8339a85e1ef7","local_time":"20190224131303","is_ascension_mode":false,"campfire_choices":[{"floor":6.0,"key":"REST"},{"data":"Inflame","floor":8.0,"key":"SMITH"},{"data":"Heavy Blade","floor":15.0,"key":"SMITH"},{"floor":23.0,"key":"RECALL"},{"data":"Whirlwind","floor":27,"key":"SMITH"},{"data":"Double Tap","floor":32,"key":"SMITH"},{"data":"Bludgeon","floor":40,"key":"SMITH"},{"data":"Apotheosis","floor":47,"key":"SMITH"},{"floor":49,"key":"REST"},{"data":"Shrug It Off","floor":52,"key":"SMITH"}],"neow_cost":"NONE","seed_source_timestamp":247825163442084,"circlet_count":0,"master_deck":["Strike_R","Strike_R","Strike_R","Strike_R","Defend_R","Defend_R","Defend_R","Defend_R","Bash","Inflame+1","Cleave","Bludgeon+1","Headbutt","Shrug It Off+1","Heavy Blade+1","Reaper","Thunderclap","Whirlwind+1","Double Tap+1","Impervious","Disarm+1","Warcry+1","Apotheosis+1","Heavy Blade+1","Heavy Blade+1","Impervious"],"special_seed":0,"relics":["Black Blood","NeowsBlessing","Orichalcum","Oddly Smooth Stone","Lantern","Cursed Key","Brimstone","MutagenicStrength","Mummified Hand","Red Mask","Champion Belt","Nunchaku","Bag of Preparation"],"potions_floor_usage":[33,37,41,50,50,54,54],"damage_taken":[{"damage":0.0,"enemies":"Small Slimes","floor":1.0,"turns":1.0},{"damage":0.0,"enemies":"Jaw Worm","floor":5.0,"turns":1.0},{"damage":0.0,"enemies":"3 Sentries","floor":7.0,"turns":2.0},{"damage":0.0,"enemies":"2 Louse","floor":11.0,"turns":2.0},{"damage":10.0,"enemies":"Lots of Slimes","floor":12.0,"turns":4.0},{"damage":3.0,"enemies":"2 Fungi Beasts","floor":13.0,"turns":3.0},{"damage":4.0,"enemies":"Looter","floor":14.0,"turns":3.0},{"damage":46.0,"enemies":"The Guardian","floor":16.0,"turns":9.0},{"damage":4.0,"enemies":"Chosen","floor":18.0,"turns":3.0},{"damage":0.0,"enemies":"Spheric Guardian","floor":20.0,"turns":3.0},{"damage":3.0,"enemies":"Centurion and Healer","floor":22.0,"turns":2.0},{"damage":22.0,"enemies":"Slavers","floor":25.0,"turns":4.0},{"damage":0,"enemies":"Masked Bandits","floor":28,"turns":1},{"damage":0,"enemies":"3 Cultists","floor":30,"turns":1},{"damage":27,"enemies":"Book of Stabbing","floor":31,"turns":4},{"damage":4,"enemies":"Collector","floor":33,"turns":3},{"damage":0,"enemies":"Orb Walker","floor":35,"turns":2},{"damage":39,"enemies":"2 Orb Walkers","floor":36,"turns":4},{"damage":1,"enemies":"3 Shapes","floor":37,"turns":1},{"damage":0,"enemies":"Sphere and 2 Shapes","floor":39,"turns":1},{"damage":0,"enemies":"Jaw Worm Horde","floor":41,"turns":1},{"damage":17,"enemies":"4 Shapes","floor":42,"turns":3},{"damage":11,"enemies":"Sphere and 2 Shapes","floor":45,"turns":2},{"damage":14,"enemies":"Maw","floor":48,"turns":4},{"damage":88,"enemies":"Awakened One","floor":50,"turns":9},{"damage":82,"enemies":"Shield and Spear","floor":54,"turns":3}],"seed_played":"9176869101881173854","potions_obtained":[{"floor":1.0,"key":"Strength Potion"},{"floor":10.0,"key":"Dexterity Potion"},{"floor":10.0,"key":"FearPotion"},{"floor":20.0,"key":"SkillPotion"},{"floor":25.0,"key":"SpeedPotion"},{"floor":31,"key":"AttackPotion"},{"floor":35,"key":"Regen Potion"},{"floor":37,"key":"AttackPotion"},{"floor":45,"key":"LiquidBronze"}],"is_trial":false,"path_per_floor":["M","?","?","$","M","R","E","R","T","?","M","M","M","M","R","B",null,"M","$","M","$","M","R","?","E","T","R","?","$","M","E","R","B",null,"M","?","M","T","M","R","M","M","T","$","M","?","R","M","R","B",null,"R","$","E"],"character_chosen":"IRONCLAD","items_purchased":["Inflame","Whirlwind","Brimstone","Apotheosis","Bag of Preparation","Impervious","Energy Potion","Poison Potion","LiquidBronze"],"campfire_rested":2,"item_purchase_floors":[4,19,19,44,53,53,53,53,53],"current_hp_per_floor":[80,60,27,27,33,57,63,63,63,63,69,65,68,70,70,30,80,80,80,80,80,80,80,80,80,80,80,80,80,80,61,61,63,80,80,72,80,80,80,80,80,79,79,79,80,80,80,76,80,48,80,80,80,0],"gold":44,"neow_bonus":"THREE_ENEMY_KILL","is_prod":false,"is_daily":false,"chose_seed":false,"campfire_upgraded":7,"win_rate":1,"timestamp":1551031983,"path_taken":["M","?","?","$","M","R","E","R","T","?","?","M","M","M","R","BOSS","M","$","?","$","M","R","?","E","T","R","?","?","M","E","R","BOSS","M","?","M","?","M","R","?","M","T","$","M","?","R","M","R","BOSS","R","$","E"],"build_version":"2019-01-23","purchased_purges":3,"victory":false,"max_hp_per_floor":[80,80,80,80,80,80,80,80,80,80,80,80,80,80,80,80,80,80,80,80,80,80,80,80,80,80,80,80,80,80,80,80,80,80,80,80,80,80,80,80,80,80,80,80,80,80,80,80,80,80,80,80,80,80],"card_choices":[{"not_picked":["Battle Trance","Flame Barrier"],"picked":"Spot Weakness","floor":1.0},{"not_picked":["Clash","Twin Strike"],"picked":"Cleave","floor":5.0},{"not_picked":["Anger","Inflame"],"picked":"Bludgeon","floor":7.0},{"not_picked":["Flex","Thunderclap"],"picked":"Headbutt","floor":11.0},{"not_picked":["Thunderclap","Body Slam"],"picked":"Shrug It Off","floor":12.0},{"not_picked":["Anger","Flex","Carnage"],"picked":"SKIP","floor":13.0},{"not_picked":["Reckless Charge","Intimidate"],"picked":"Heavy Blade","floor":14.0},{"not_picked":["Feed","Dark Embrace"],"picked":"Reaper","floor":16.0},{"not_picked":["True Grit","Perfected Strike"],"picked":"Thunderclap","floor":18.0},{"not_picked":["Anger","Body Slam","Perfected Strike"],"picked":"SKIP","floor":20.0},{"not_picked":["Burning Pact","Clash","True Grit"],"picked":"SKIP","floor":22.0},{"not_picked":["Bloodletting","Pummel"],"picked":"Double Tap","floor":25.0},{"not_picked":["Clash","Twin Strike+1","Iron Wave"],"picked":"SKIP","floor":30},{"not_picked":["Ghostly Armor","Warcry","Twin Strike"],"picked":"SKIP","floor":31},{"not_picked":["Bludgeon","Feed"],"picked":"Impervious","floor":33},{"not_picked":["Twin Strike","Dual Wield+1","Fire Breathing"],"picked":"SKIP","floor":35},{"not_picked":["Anger","Corruption+1","Inflame"],"picked":"SKIP","floor":37},{"not_picked":["Warcry","Perfected Strike","Sword Boomerang"],"picked":"SKIP","floor":39},{"not_picked":["Armaments","Pommel Strike+1"],"picked":"Disarm+1","floor":41},{"not_picked":["Disarm+1","Cleave+1"],"picked":"Warcry+1","floor":42},{"not_picked":["Clash","Flame Barrier+1"],"picked":"Heavy Blade+1","floor":45},{"not_picked":["Armaments","Headbutt+1"],"picked":"Heavy Blade+1","floor":48}],"player_experience":36312,"relics_obtained":[{"floor":7.0,"key":"Oddly Smooth Stone"},{"floor":9.0,"key":"Lantern"},{"floor":25.0,"key":"Mummified Hand"},{"floor":28,"key":"Red Mask"},{"floor":31,"key":"Champion Belt"},{"floor":36,"key":"Nunchaku"}],"event_choices":[{"damage_healed":0.0,"max_hp_gain":0.0,"max_hp_loss":0.0,"gold_gain":0.0,"event_name":"Golden Idol","player_choice":"Take Damage","floor":2.0,"gold_loss":0.0,"damage_taken":20.0,"relics_obtained":["Golden Idol"]},{"damage_healed":0.0,"max_hp_gain":0.0,"max_hp_loss":0.0,"gold_gain":0.0,"event_name":"Scrap Ooze","player_choice":"Success","floor":3.0,"gold_loss":0.0,"damage_taken":33.0,"relics_obtained":["Orichalcum"]},{"damage_healed":0.0,"max_hp_gain":0.0,"max_hp_loss":0.0,"gold_gain":0.0,"event_name":"Lab","player_choice":"Got Potions","floor":10.0,"gold_loss":0.0,"damage_taken":0.0},{"damage_healed":0.0,"max_hp_gain":0.0,"max_hp_loss":0.0,"gold_gain":0.0,"event_name":"Drug Dealer","player_choice":"Inject Mutagens","floor":24.0,"gold_loss":0.0,"damage_taken":0.0,"relics_obtained":["MutagenicStrength"]},{"damage_healed":0,"gold_gain":0,"player_choice":"Fought Bandits","damage_taken":0,"max_hp_gain":0,"max_hp_loss":0,"event_name":"Masked Bandits","floor":28,"gold_loss":0},{"damage_healed":0,"gold_gain":0,"player_choice":"Fight","damage_taken":0,"max_hp_gain":0,"max_hp_loss":0,"event_name":"Mysterious Sphere","floor":36,"gold_loss":0},{"damage_healed":0,"gold_gain":333,"player_choice":"Gave Idol","damage_taken":0,"max_hp_gain":0,"max_hp_loss":0,"event_name":"The Moai Head","floor":46,"relics_lost":["Golden Idol"],"gold_loss":0}],"is_beta":false,"boss_relics":[{"not_picked":["Astrolabe","Philosopher\u0027s Stone"],"picked":"Cursed Key"},{"not_picked":["Lizard Tail","Runic Pyramid"],"picked":"Black Blood"}],"items_purged_floors":[4,29,53],"is_endless":false,"potions_floor_spawned":[1,12,20,25,31,35,37,45],"killed_by":"Shield and Spear","ascension_level":0}