{"gold_per_floor":[114,114,289,63,63,63,104,125,125,125,146,146,181,28,28,153,153,173,98,117,117],"floor_reached":21,"playtime":2445,"items_purged":["Doubt"],"score":221,"play_id":"1ed29c75-8a0a-43ac-bef9-51226c7970f1","local_time":"20190304100020","is_ascension_mode":true,"campfire_choices":[{"data":"Rampage","floor":6,"key":"SMITH"},{"data":"Uppercut","floor":10,"key":"SMITH"},{"floor":12,"key":"RECALL"},{"floor":15,"key":"REST"}],"neow_cost":"NONE","seed_source_timestamp":9554110342615,"circlet_count":0,"master_deck":["Strike_R","Strike_R","Strike_R","Strike_R","Strike_R","Defend_R","Defend_R","Defend_R","Defend_R","Heavy Blade","Rampage+1","Uppercut+1","Cleave","Whirlwind","Impervious","Barricade","Disarm+1"],"relics":["Burning Blood","NeowsBlessing","Golden Idol","Mercury Hourglass","Letter Opener","Gremlin Horn","Sozu"],"potions_floor_usage":[20],"damage_taken":[{"damage":0,"enemies":"Cultist","floor":1,"turns":1},{"damage":0,"enemies":"3 Sentries","floor":7,"turns":1},{"damage":0,"enemies":"Small Slimes","floor":8,"turns":1},{"damage":11,"enemies":"Jaw Worm","floor":11,"turns":2},{"damage":24,"enemies":"Gremlin Nob","floor":13,"turns":4},{"damage":43,"enemies":"The Guardian","floor":16,"turns":8},{"damage":65,"enemies":"2 Thieves","floor":18,"turns":4},{"damage":27,"enemies":"Spheric Guardian","floor":20,"turns":4},{"damage":0,"enemies":"Shelled Parasite and Fungi","floor":21,"turns":1}],"seed_played":"3033389712646918651","potions_obtained":[{"floor":8,"key":"Regen Potion"},{"floor":16,"key":"Strength Potion"}],"is_trial":false,"path_per_floor":["M","?","?","$","T","R","E","M","T","R","M","R","E","$","R","B",null,"M","?","M","M"],"character_chosen":"IRONCLAD","items_purchased":["Rampage","Uppercut","Whirlwind","Impervious"],"campfire_rested":1,"item_purchase_floors":[4,4,14,14],"current_hp_per_floor":[80,60,60,60,60,60,66,72,72,72,67,67,49,49,73,36,80,21,21,12,12],"gold":117,"neow_bonus":"THREE_ENEMY_KILL","is_prod":false,"is_daily":false,"chose_seed":false,"campfire_upgraded":2,"win_rate":0,"timestamp":1551711620,"path_taken":["M","?","?","?","?","R","E","M","T","R","M","R","E","$","R","BOSS","M","?","M","M"],"build_version":"2019-01-23","purchased_purges":1,"victory":false,"max_hp_per_floor":[80,80,80,80,80,80,80,80,80,80,80,80,80,80,80,80,80,80,80,80,80],"card_choices":[{"not_picked":["Wild Strike","Hemokinesis"],"picked":"Heavy Blade","floor":1},{"not_picked":["Sword Boomerang","Rampage","Intimidate"],"picked":"SKIP","floor":7},{"not_picked":["Thunderclap","Headbutt","Bloodletting"],"picked":"SKIP","floor":8},{"not_picked":["Dual Wield","Thunderclap"],"picked":"Cleave","floor":11},{"not_picked":["Hemokinesis","Bloodletting","Cleave"],"picked":"SKIP","floor":13},{"not_picked":["Immolate","Exhume"],"picked":"Barricade","floor":16},{"not_picked":["Iron Wave+1","Heavy Blade"],"picked":"Disarm+1","floor":18},{"not_picked":["Heavy Blade","Rage","Havoc+1"],"picked":"SKIP","floor":20}],"player_experience":172544,"relics_obtained":[{"floor":5,"key":"Mercury Hourglass"},{"floor":7,"key":"Letter Opener"},{"floor":13,"key":"Gremlin Horn"}],"event_choices":[{"damage_healed":0,"gold_gain":0,"player_choice":"Take Damage","damage_taken":20,"relics_obtained":["Golden Idol"],"max_hp_gain":0,"max_hp_loss":0,"event_name":"Golden Idol","floor":2,"gold_loss":0},{"damage_healed":0,"gold_gain":175,"player_choice":"AGREE","damage_taken":0,"max_hp_gain":0,"max_hp_loss":0,"event_name":"Liars Game","floor":3,"gold_loss":0,"cards_obtained":["Doubt"]},{"cards_removed":["Bash"],"damage_healed":0,"gold_gain":0,"player_choice":"Gave Gold","damage_taken":0,"max_hp_gain":0,"max_hp_loss":0,"event_name":"Beggar","floor":19,"gold_loss":75}],"is_beta":false,"boss_relics":[{"not_picked":["Runic Pyramid","Pandora\u0027s Box"],"picked":"Sozu"}],"items_purged_floors":[4],"is_endless":false,"potions_floor_spawned":[8,16,18],"killed_by":"Shelled Parasite and Fungi","ascension_level":1}