{"gold_per_floor":[115,125,88,105,105,105,136,79,103,130,130],"floor_reached":11,"playtime":359,"items_purged":[],"score":162,"play_id":"842b0b41-35f8-48ca-8ae7-2d80f9ba9470","local_time":"20190207144838","is_ascension_mode":true,"campfire_choices":[{"data":"Zap","floor":6,"key":"SMITH"}],"neow_cost":"NONE","seed_source_timestamp":17080368555342,"circlet_count":0,"master_deck":["AscendersBane","Strike_B+1","Strike_B","Strike_B","Strike_B","Defend_B","Defend_B","Defend_B","Defend_B","Zap+1","Dualcast","Ball Lightning+1","Rip and Tear","Capacitor","Turbo","Coolheaded","Leap"],"special_seed":0,"relics":["Cracked Core","NeowsBlessing","Vajra","Juzu Bracelet","Whetstone"],"potions_floor_usage":[7],"damage_taken":[{"damage":0.0,"enemies":"Cultist","floor":1.0,"turns":1.0},{"damage":0.0,"enemies":"2 Louse","floor":2.0,"turns":1.0},{"damage":0.0,"enemies":"Small Slimes","floor":4.0,"turns":1.0},{"damage":45,"enemies":"3 Sentries","floor":7,"turns":6},{"damage":32,"enemies":"Gremlin Nob","floor":10,"turns":4},{"damage":8,"enemies":"Blue Slaver","floor":11,"turns":1}],"seed_played":"327721472331595193","potions_obtained":[{"floor":4.0,"key":"Regen Potion"}],"is_trial":false,"path_per_floor":["M","M","$","M","?","R","E","$","T","E","M"],"character_chosen":"DEFECT","items_purchased":["Rip and Tear","Coolheaded"],"campfire_rested":0,"item_purchase_floors":[3,8],"current_hp_per_floor":[64,64,64,64,69,69,39,39,39,7,0],"gold":130,"neow_bonus":"THREE_ENEMY_KILL","is_prod":false,"is_daily":false,"chose_seed":false,"campfire_upgraded":1,"win_rate":0,"timestamp":1549568918,"path_taken":["M","?","$","M","?","R","E","$","T","E","M"],"build_version":"2019-01-23","purchased_purges":0,"victory":false,"max_hp_per_floor":[71,71,71,71,76,76,76,76,76,76,76],"card_choices":[{"not_picked":["Beam Cell","Reprogram","Rebound"],"picked":"SKIP","floor":1.0},{"not_picked":["Recycle","White Noise"],"picked":"Ball Lightning","floor":2.0},{"not_picked":["Beam Cell","Rebound"],"picked":"Capacitor","floor":4.0},{"not_picked":["Reprogram","Streamline"],"picked":"Turbo","floor":7},{"not_picked":["Steam","Barrage"],"picked":"Leap","floor":10}],"player_experience":3229561,"relics_obtained":[{"floor":7,"key":"Vajra"},{"floor":9,"key":"Juzu Bracelet"},{"floor":10,"key":"Whetstone"}],"event_choices":[{"damage_healed":0,"gold_gain":0,"player_choice":"Donut","damage_taken":0,"max_hp_gain":5,"max_hp_loss":0,"event_name":"Big Fish","floor":5,"gold_loss":0}],"is_beta":false,"boss_relics":[],"items_purged_floors":[],"is_endless":false,"potions_floor_spawned":[4],"killed_by":"Blue Slaver","ascension_level":20}