{"gold_per_floor":[12,23,33,46,46,71,3,32,113,38,38,58,58,4,4,109,109,127,2,2,2,2,2,15,15],"floor_reached":25,"playtime":2259,"items_purged":["Strike_R","Doubt"],"score":318,"play_id":"66944192-3a5a-49c7-8c6f-e577f4fadfad","local_time":"20190318070252","is_ascension_mode":true,"campfire_choices":[{"data":"Bash","floor":13.0,"key":"SMITH"},{"data":"True Grit","floor":15.0,"key":"SMITH"},{"data":"Whirlwind","floor":23,"key":"SMITH"}],"neow_cost":"NO_GOLD","seed_source_timestamp":0,"circlet_count":0,"master_deck":["Strike_R","Strike_R","Strike_R","Strike_R","Defend_R","Defend_R","Defend_R","Defend_R","Bash+1","Armaments","Battle Trance","Evolve","Headbutt","Shrug It Off","Ghostly Armor","Bash","Madness","Whirlwind+1","True Grit+1","Feed","Shrug It Off","Uppercut"],"special_seed":0,"relics":["Burning Blood","Gremlin Horn","Champion Belt","Meat on the Bone","Cursed Key"],"potions_floor_usage":[25,25],"damage_taken":[{"damage":10.0,"enemies":"Cultist","floor":1.0,"turns":5.0},{"damage":0.0,"enemies":"Small Slimes","floor":2.0,"turns":3.0},{"damage":4.0,"enemies":"Jaw Worm","floor":3.0,"turns":4.0},{"damage":19.0,"enemies":"Blue Slaver","floor":4.0,"turns":6.0},{"damage":13.0,"enemies":"Gremlin Nob","floor":6.0,"turns":4.0},{"damage":20.0,"enemies":"3 Sentries","floor":8.0,"turns":13.0},{"damage":5.0,"enemies":"2 Fungi Beasts","floor":12.0,"turns":4.0},{"damage":50.0,"enemies":"Slime Boss","floor":16.0,"turns":20.0},{"damage":14,"enemies":"Chosen","floor":18,"turns":6},{"damage":36,"enemies":"Spheric Guardian","floor":24,"turns":9},{"damage":63,"enemies":"Book of Stabbing","floor":25,"turns":10}],"seed_played":"-3143831089064297807","potions_obtained":[{"floor":1.0,"key":"SpeedPotion"},{"floor":2.0,"key":"Swift Potion"},{"floor":6.0,"key":"BloodPotion"},{"floor":8.0,"key":"Swift Potion"},{"floor":16.0,"key":"EssenceOfSteel"}],"is_trial":false,"path_per_floor":["M","M","M","M","$","E","$","E","T","$","?","M","R","$","R","B",null,"M","$","?","?","$","R","M","E"],"character_chosen":"IRONCLAD","items_purchased":["Ghostly Armor","True Grit","Shrug It Off"],"campfire_rested":0,"item_purchase_floors":[7,14,19],"current_hp_per_floor":[84,90,92,79,79,72,72,67,67,67,67,68,68,68,68,36,81,76,76,76,76,76,76,61,0],"gold":15,"neow_bonus":"TWENTY_PERCENT_HP_BONUS","is_prod":false,"is_daily":false,"chose_seed":false,"campfire_upgraded":3,"win_rate":0,"timestamp":1552906972,"path_taken":["M","M","M","?","$","E","$","E","T","?","?","M","R","$","R","BOSS","M","?","?","?","$","R","M","E"],"build_version":"2019-01-23","purchased_purges":2,"victory":false,"max_hp_per_floor":[96,96,96,96,96,96,96,96,96,96,96,96,96,96,96,96,96,99,99,99,99,99,99,102,102],"card_choices":[{"not_picked":["Carnage","Rage"],"picked":"Armaments","floor":1.0},{"not_picked":["Inflame","Corruption"],"picked":"Battle Trance","floor":2.0},{"not_picked":["Pommel Strike","Sword Boomerang"],"picked":"Evolve","floor":3.0},{"not_picked":["Heavy Blade","Pommel Strike"],"picked":"Headbutt","floor":4.0},{"not_picked":["Reaper","Disarm"],"picked":"Shrug It Off","floor":6.0},{"not_picked":["Sever Soul","Sentinel","Armaments"],"picked":"SKIP","floor":8.0},{"not_picked":["Cleave","Intimidate"],"picked":"Whirlwind","floor":12.0},{"not_picked":["Juggernaut","Dark Embrace"],"picked":"Feed","floor":16.0},{"not_picked":["Flex","Evolve","Clash+1"],"picked":"SKIP","floor":18},{"not_picked":["Perfected Strike","Body Slam"],"picked":"Uppercut","floor":24}],"player_experience":225138,"relics_obtained":[{"floor":6.0,"key":"Gremlin Horn"},{"floor":8.0,"key":"Champion Belt"},{"floor":9.0,"key":"Meat on the Bone"}],"event_choices":[{"damage_healed":0.0,"max_hp_gain":0.0,"max_hp_loss":0.0,"gold_gain":0.0,"event_name":"Match and Keep!","player_choice":"3 cards matched","floor":11.0,"gold_loss":0.0,"damage_taken":0.0,"cards_obtained":["Bash","Doubt","Madness"]},{"damage_healed":0,"gold_gain":0,"player_choice":"Ignored","damage_taken":0,"max_hp_gain":0,"max_hp_loss":0,"event_name":"Ghosts","floor":20,"gold_loss":0}],"is_beta":false,"boss_relics":[{"not_picked":["Runic Cube","Empty Cage"],"picked":"Cursed Key"}],"items_purged_floors":[10,19],"is_endless":false,"potions_floor_spawned":[1,2,6,8,16],"killed_by":"Book of Stabbing","ascension_level":8}