{"gold_per_floor":[20,38,38,38,55,55,82,82,82,99,111,111,10,20,20,119,119,136,136,15,28,0,32,32,62,62,62,78,78,1,1,1,98,98,117,117,134,134,149,149,162,173,197,197,197,24,42,67,67,67,67,67,42,75,75],"floor_reached":55,"playtime":8775,"items_purged":["Strike_B","Defend_B"],"score":685,"play_id":"a5ba90b9-a3df-4f53-9c69-2acfb2f7278d","local_time":"20190124181359","is_ascension_mode":false,"campfire_choices":[{"data":"Zap","floor":6.0,"key":"SMITH"},{"data":"Redo","floor":8.0,"key":"SMITH"},{"floor":12.0,"key":"REST"},{"floor":15.0,"key":"REST"},{"data":"Consume","floor":24.0,"key":"SMITH"},{"data":"Static Discharge","floor":29.0,"key":"SMITH"},{"floor":32.0,"key":"REST"},{"floor":40.0,"key":"RECALL"},{"data":"Go for the Eyes","floor":45.0,"key":"SMITH"},{"floor":49.0,"key":"REST"},{"data":"Defragment","floor":52.0,"key":"SMITH"}],"neow_cost":"NO_GOLD","seed_source_timestamp":127301942071498,"circlet_count":0,"master_deck":["Strike_B+1","Defend_B","Defend_B","Defend_B+1","Zap+1","Dualcast","Electrodynamics","Defragment+1","Redo+1","Capacitor","Cold Snap","Ball Lightning","Glacier","Thunder Strike","BootSequence+1","Doom and Gloom+1","Coolheaded+1","Blizzard","Go for the Eyes+1","Blizzard","Hologram+1","Consume+1","Loop+1","Static Discharge+1","Self Repair","Amplify","Heatsinks+1","Capacitor+1","Hologram+1","Melter","Defragment+1","Go for the Eyes","Auto Shields+1"],"special_seed":0,"relics":["Cracked Core","Girya","Turnip","Astrolabe","Bird Faced Urn","Darkstone Periapt","Mummified Hand","Bottled Lightning","Velvet Choker","Potion Belt","Sundial"],"potions_floor_usage":[],"damage_taken":[{"damage":1.0,"enemies":"Cultist","floor":1.0,"turns":3.0},{"damage":6.0,"enemies":"Jaw Worm","floor":2.0,"turns":3.0},{"damage":2.0,"enemies":"2 Louse","floor":5.0,"turns":2.0},{"damage":18.0,"enemies":"Gremlin Nob","floor":7.0,"turns":3.0},{"damage":3.0,"enemies":"Red Slaver","floor":10.0,"turns":3.0},{"damage":18.0,"enemies":"Exordium Thugs","floor":11.0,"turns":2.0},{"damage":8.0,"enemies":"Lots of Slimes","floor":14.0,"turns":2.0},{"damage":5.0,"enemies":"Hexaghost","floor":16.0,"turns":12.0},{"damage":3.0,"enemies":"Shell Parasite","floor":18.0,"turns":5.0},{"damage":0.0,"enemies":"2 Thieves","floor":21.0,"turns":3.0},{"damage":8.0,"enemies":"Gremlin Leader","floor":23.0,"turns":5.0},{"damage":20.0,"enemies":"Slavers","floor":25.0,"turns":4.0},{"damage":10.0,"enemies":"Centurion and Healer","floor":28.0,"turns":5.0},{"damage":3.0,"enemies":"Champ","floor":33.0,"turns":11.0},{"damage":3.0,"enemies":"3 Shapes","floor":35.0,"turns":3.0},{"damage":28.0,"enemies":"3 Darklings","floor":37.0,"turns":4.0},{"damage":7.0,"enemies":"Sphere and 2 Shapes","floor":39.0,"turns":3.0},{"damage":15.0,"enemies":"Transient","floor":41.0,"turns":5.0},{"damage":14.0,"enemies":"Maw","floor":42.0,"turns":6.0},{"damage":5.0,"enemies":"4 Shapes","floor":47.0,"turns":4.0},{"damage":33.0,"enemies":"Reptomancer","floor":48.0,"turns":4.0},{"damage":18.0,"enemies":"Time Eater","floor":50.0,"turns":7.0},{"damage":52.0,"enemies":"Shield and Spear","floor":54.0,"turns":7.0},{"damage":59,"enemies":"The Heart","floor":55,"turns":6}],"seed_played":"5669714440970040219","potions_obtained":[{"floor":1.0,"key":"AttackPotion"},{"floor":11.0,"key":"Regen Potion"},{"floor":16.0,"key":"EssenceOfSteel"},{"floor":18.0,"key":"SkillPotion"},{"floor":23.0,"key":"GamblersBrew"},{"floor":37.0,"key":"AttackPotion"},{"floor":42.0,"key":"AttackPotion"},{"floor":47.0,"key":"Fire Potion"}],"is_trial":false,"path_per_floor":["M","M","?","?","M","R","E","R","T","M","M","R","$","M","R","B",null,"M","?","$","M","?","E","R","E","T","?","M","R","$","T","R","B",null,"M","?","M","$","M","R","M","M","T","?","R","$","M","E","R","B",null,"R","$","E","B"],"character_chosen":"DEFECT","items_purchased":["Stack","Go for the Eyes","Blizzard","Self Repair","Melter","Go for the Eyes"],"campfire_rested":4,"item_purchase_floors":[13,20,20,30,46,53],"current_hp_per_floor":[74,68,53,53,51,51,33,33,33,30,12,34,34,31,53,48,75,72,72,72,72,72,64,64,48,48,48,46,46,46,46,68,75,75,75,75,63,63,73,73,75,75,75,71,71,71,71,56,71,70,71,71,71,38,0],"gold":75,"neow_bonus":"THREE_RARE_CARDS","is_prod":false,"is_daily":false,"chose_seed":false,"campfire_upgraded":6,"win_rate":0,"timestamp":1548371639,"path_taken":["M","?","?","?","?","R","E","R","T","M","M","R","$","M","R","BOSS","M","?","$","?","?","E","R","E","T","?","?","R","$","?","R","BOSS","M","?","M","$","M","R","M","M","T","?","R","$","M","E","R","BOSS","R","$","E","BOSS"],"build_version":"2019-01-23","purchased_purges":2,"victory":false,"max_hp_per_floor":[75,75,75,75,75,75,75,75,75,75,75,75,75,75,75,75,75,75,75,75,75,75,75,75,75,75,75,75,75,75,75,75,75,75,75,75,75,75,75,75,75,75,75,71,71,71,71,71,71,71,71,71,71,71,71],"card_choices":[{"not_picked":["All For One","Hyperbeam"],"picked":"Electrodynamics","floor":0.0},{"not_picked":["Gash","Turbo"],"picked":"Defragment","floor":1.0},{"not_picked":["Gash","Rebound"],"picked":"Redo","floor":2.0},{"not_picked":["Go for the Eyes","Conserve Battery"],"picked":"Capacitor","floor":5.0},{"not_picked":["Rainbow","Hologram"],"picked":"White Noise","floor":7.0},{"not_picked":["Skim","Chaos"],"picked":"Cold Snap","floor":10.0},{"not_picked":["Redo","Go for the Eyes"],"picked":"Ball Lightning","floor":11.0},{"not_picked":["Genetic Algorithm","Go for the Eyes"],"picked":"Glacier","floor":14.0},{"not_picked":["Creative AI","Rainbow"],"picked":"Thunder Strike","floor":16.0},{"not_picked":["Conserve Battery","Reinforced Body"],"picked":"Blizzard","floor":18.0},{"not_picked":["Reinforced Body","Gash+1"],"picked":"Hologram+1","floor":21.0},{"not_picked":["Chaos","Streamline"],"picked":"Consume","floor":23.0},{"not_picked":["Cold Snap","Leap+1"],"picked":"Loop","floor":25.0},{"not_picked":["Compile Driver","Barrage+1"],"picked":"Static Discharge","floor":28.0},{"not_picked":["Meteor Strike","Rainbow"],"picked":"Amplify","floor":33.0},{"not_picked":["Loop","Steam+1"],"picked":"Heatsinks+1","floor":35.0},{"not_picked":["Redo","Barrage","FTL+1"],"picked":"SKIP","floor":37.0},{"not_picked":["Conserve Battery","Hologram","Rebound"],"picked":"SKIP","floor":39.0},{"not_picked":["Fusion","Beam Cell+1"],"picked":"Capacitor+1","floor":41.0},{"not_picked":["Double Energy","Ball Lightning+1"],"picked":"Hologram+1","floor":42.0},{"not_picked":["Rebound+1","Stack+1","Leap+1"],"picked":"SKIP","floor":47.0},{"not_picked":["Electrodynamics","Conserve Battery+1"],"picked":"Defragment","floor":48.0},{"not_picked":["BootSequence+1","Coolheaded"],"picked":"Auto Shields+1","floor":54.0}],"player_experience":3086740,"relics_obtained":[{"floor":7.0,"key":"Girya"},{"floor":9.0,"key":"Turnip"},{"floor":23.0,"key":"Bird Faced Urn"},{"floor":25.0,"key":"Darkstone Periapt"},{"floor":26.0,"key":"Mummified Hand"},{"floor":31.0,"key":"Bottled Lightning"},{"floor":48.0,"key":"Potion Belt"},{"floor":54.0,"key":"Sundial"}],"event_choices":[{"damage_healed":0.0,"max_hp_gain":0.0,"max_hp_loss":0.0,"gold_gain":0.0,"event_name":"Shining Light","player_choice":"Entered Light","floor":3.0,"gold_loss":0.0,"damage_taken":15.0,"cards_upgraded":["Strike_B","Defend_B"]},{"cards_removed":["Strike_B"],"damage_healed":0.0,"max_hp_gain":0.0,"max_hp_loss":0.0,"gold_gain":0.0,"event_name":"Bonfire Elementals","player_choice":"Offered Basic","floor":4.0,"gold_loss":0.0,"damage_taken":0.0},{"damage_healed":0.0,"max_hp_gain":0.0,"max_hp_loss":0.0,"gold_gain":0.0,"event_name":"Upgrade Shrine","player_choice":"Upgraded","floor":19.0,"gold_loss":0.0,"damage_taken":0.0,"cards_upgraded":["Defragment"]},{"damage_healed":0.0,"max_hp_gain":0.0,"max_hp_loss":0.0,"gold_gain":0.0,"event_name":"Masked Bandits","player_choice":"Paid Fearfully","floor":22.0,"gold_loss":28.0,"damage_taken":0.0},{"damage_healed":0.0,"max_hp_gain":0.0,"max_hp_loss":0.0,"gold_gain":0.0,"event_name":"Upgrade Shrine","player_choice":"Upgraded","floor":27.0,"gold_loss":0.0,"damage_taken":0.0,"cards_upgraded":["Loop"]},{"damage_healed":0.0,"max_hp_gain":0.0,"max_hp_loss":0.0,"gold_gain":0.0,"event_name":"Tomb of Lord Red Mask","player_choice":"Ignored","floor":36.0,"gold_loss":0.0,"damage_taken":0.0},{"damage_healed":0.0,"max_hp_gain":0.0,"max_hp_loss":4.0,"gold_gain":0.0,"event_name":"Winding Halls","player_choice":"Max HP","floor":44.0,"gold_loss":0.0,"damage_taken":0.0}],"is_beta":false,"boss_relics":[{"not_picked":["Sozu","Runic Pyramid"],"picked":"Astrolabe"},{"not_picked":["Empty Cage","Philosopher\u0027s Stone"],"picked":"Velvet Choker"}],"items_purged_floors":[13,46],"is_endless":false,"potions_floor_spawned":[1,11,16,18,23,37,42,47],"killed_by":"The Heart","ascension_level":0}