{"gold_per_floor":[111,0,18,78,78,109,109,141,141,171,185,185,203,218,218,218],"floor_reached":16,"playtime":1521,"items_purged":[],"score":263,"play_id":"babc5004-f990-4f9d-a4dc-0369faca684a","local_time":"20190109214305","is_ascension_mode":true,"campfire_choices":[{"data":"Body Slam","floor":7.0,"key":"SMITH"},{"data":"True Grit","floor":12.0,"key":"SMITH"},{"floor":15,"key":"REST"}],"neow_cost":"NONE","seed_source_timestamp":5053249213239,"circlet_count":0,"master_deck":["AscendersBane","Strike_R+1","Strike_R","Strike_R","Strike_R","Strike_R","Defend_R","Defend_R","Defend_R","Defend_R","Bash","Shrug It Off","Shrug It Off+1","Uppercut","Pommel Strike","Body Slam+1","True Grit+1","Shrug It Off","Power Through"],"special_seed":0,"relics":["Burning Blood","NeowsBlessing","Centennial Puzzle","Regal Pillow","Question Card"],"potions_floor_usage":[14,16],"damage_taken":[{"damage":0.0,"enemies":"Small Slimes","floor":1.0,"turns":1.0},{"damage":0.0,"enemies":"2 Louse","floor":3.0,"turns":1.0},{"damage":0.0,"enemies":"Gremlin Nob","floor":6.0,"turns":1.0},{"damage":29.0,"enemies":"3 Sentries","floor":8.0,"turns":10.0},{"damage":1.0,"enemies":"Jaw Worm","floor":11.0,"turns":3.0},{"damage":11.0,"enemies":"Looter","floor":13.0,"turns":2.0},{"damage":25,"enemies":"Large Slime","floor":14,"turns":5},{"damage":63,"enemies":"Hexaghost","floor":16,"turns":15}],"seed_played":"-4210413304544271972","potions_obtained":[{"floor":3.0,"key":"BloodPotion"},{"floor":14,"key":"Swift Potion"}],"is_trial":false,"path_per_floor":["M","$","M","?","?","E","R","E","T","?","M","R","M","M","R","B"],"character_chosen":"IRONCLAD","items_purchased":["Shrug It Off","Uppercut"],"campfire_rested":1,"item_purchase_floors":[2,2],"current_hp_per_floor":[74,74,75,75,52,58,58,35,35,35,40,40,35,23,60,0],"gold":218,"neow_bonus":"THREE_ENEMY_KILL","is_prod":false,"is_daily":false,"chose_seed":false,"campfire_upgraded":2,"win_rate":0,"timestamp":1547088185,"path_taken":["M","$","M","?","?","E","R","E","T","?","M","R","M","?","R","BOSS"],"build_version":"2019-01-03v4","purchased_purges":0,"victory":false,"max_hp_per_floor":[75,75,75,75,75,75,75,75,75,75,75,75,75,75,75,75],"card_choices":[{"not_picked":["Anger","Thunderclap"],"picked":"Shrug It Off","floor":1.0},{"not_picked":["Iron Wave","Carnage"],"picked":"Pommel Strike","floor":3.0},{"not_picked":["Power Through","Clothesline"],"picked":"Body Slam","floor":6.0},{"not_picked":["Blood for Blood","Anger","Power Through"],"picked":"SKIP","floor":8.0},{"not_picked":["Twin Strike","Cleave","Fire Breathing"],"picked":"True Grit","floor":11.0},{"not_picked":["Intimidate","Pommel Strike","Clothesline"],"picked":"Shrug It Off","floor":13.0},{"not_picked":["Whirlwind","True Grit","Feed"],"picked":"Power Through","floor":14}],"player_experience":2853306,"relics_obtained":[{"floor":6.0,"key":"Centennial Puzzle"},{"floor":8.0,"key":"Regal Pillow"},{"floor":9.0,"key":"Question Card"}],"event_choices":[{"damage_healed":0.0,"max_hp_gain":0.0,"max_hp_loss":0.0,"gold_gain":60.0,"event_name":"Golden Wing","player_choice":"Gained Gold","floor":4.0,"gold_loss":0.0,"damage_taken":0.0},{"damage_healed":0.0,"max_hp_gain":0.0,"max_hp_loss":0.0,"gold_gain":0.0,"event_name":"Shining Light","player_choice":"Entered Light","floor":5.0,"gold_loss":0.0,"damage_taken":23.0,"cards_upgraded":["Strike_R","Shrug It Off"]},{"damage_healed":0.0,"max_hp_gain":0.0,"max_hp_loss":0.0,"gold_gain":30.0,"event_name":"Dead Adventurer","player_choice":"Searched \u00271\u0027 times","floor":10.0,"gold_loss":0.0,"damage_taken":0.0}],"is_beta":false,"boss_relics":[],"items_purged_floors":[],"is_endless":false,"potions_floor_spawned":[3,14],"killed_by":"Hexaghost","ascension_level":19}