{"gold_per_floor":[141,141,161,13,0,0,0,0,0,0,0,0,13,38,38,142,142,161,61,61,61,13,13,13,30,80,104,117,117,132,166,166,166],"floor_reached":33,"playtime":1550,"items_purged":["Strike_G","Defend_G"],"score":259,"play_id":"67abc99d-2f52-450e-ab4c-e889f9dd9b1e","local_time":"20190219131823","is_ascension_mode":false,"campfire_choices":[{"data":"Backstab","floor":6,"key":"SMITH"},{"data":"Neutralize","floor":8,"key":"SMITH"},{"data":"Survivor","floor":15,"key":"SMITH"},{"data":"Flying Knee","floor":23,"key":"SMITH"},{"floor":29,"key":"REST"},{"floor":32,"key":"REST"}],"neow_cost":"NONE","seed_source_timestamp":333613675303401,"circlet_count":0,"master_deck":["Defend_G+1","Defend_G","Defend_G+1","Defend_G","Strike_G","Strike_G","Strike_G","Strike_G","Survivor+1","Neutralize+1","Backstab+1","Phantasmal Killer+1","Flying Knee+1","All Out Attack","Backflip+1","Backstab+1"],"relics":["Ring of the Snake","Tiny Chest","Dream Catcher","Pantograph","Toxic Egg 2","Bronze Scales","Sozu","PreservedInsect","Enchiridion","War Paint","Pen Nib","Letter Opener"],"potions_floor_usage":[3,14,16,16,16,16,16,33],"damage_taken":[{"damage":3,"enemies":"Jaw Worm","floor":1,"turns":4},{"damage":3,"enemies":"2 Louse","floor":3,"turns":3},{"damage":0,"enemies":"Small Slimes","floor":13,"turns":3},{"damage":6,"enemies":"Gremlin Nob","floor":14,"turns":4},{"damage":22,"enemies":"Hexaghost","floor":16,"turns":9},{"damage":21,"enemies":"Spheric Guardian","floor":18,"turns":6},{"damage":0,"enemies":"Chosen","floor":25,"turns":4},{"damage":1,"enemies":"Snecko","floor":28,"turns":4},{"damage":3,"enemies":"Snake Plant","floor":30,"turns":3},{"damage":6,"enemies":"Gremlin Leader","floor":31,"turns":5},{"damage":86,"enemies":"Collector","floor":33,"turns":12}],"seed_played":"3780168067208052940","potions_obtained":[{"floor":1,"key":"EntropicBrew"},{"floor":14,"key":"LiquidBronze"}],"is_trial":false,"path_per_floor":["M","?","M","$","?","R","$","R","T","$","T","?","M","E","R","B",null,"M","$","?","?","$","R","?","M","T","T","M","R","M","E","R","B"],"character_chosen":"THE_SILENT","items_purchased":["Backstab","Flying Knee"],"campfire_rested":2,"item_purchase_floors":[4,22],"current_hp_per_floor":[67,64,61,61,61,61,61,61,61,61,61,61,61,55,55,48,70,49,49,36,36,36,36,20,20,20,20,19,41,38,32,54,0],"gold":166,"neow_bonus":"RANDOM_COMMON_RELIC","is_prod":false,"is_daily":false,"chose_seed":false,"campfire_upgraded":4,"win_rate":0.0,"timestamp":1550600303,"path_taken":["M","?","M","$","?","R","$","R","T","?","?","?","?","E","R","BOSS","M","$","?","?","$","R","?","M","T","?","?","R","M","E","R","BOSS"],"build_version":"2019-01-23","purchased_purges":2,"victory":false,"max_hp_per_floor":[70,70,70,70,70,70,70,70,70,70,70,70,70,70,70,70,70,70,70,75,75,75,75,75,75,75,75,75,75,75,75,75,75],"card_choices":[{"not_picked":["Riddle With Holes","Calculated Gamble","Dodge and Roll"],"picked":"SKIP","floor":1},{"not_picked":["Quick Slash","Calculated Gamble","Predator"],"picked":"SKIP","floor":3},{"not_picked":["Prepared+1","Slice","Distraction+1"],"picked":"SKIP","floor":13},{"not_picked":["Dodge and Roll+1","Acrobatics+1","Tactician+1"],"picked":"SKIP","floor":14},{"not_picked":["Corpse Explosion+1","Storm of Steel+1"],"picked":"Phantasmal Killer+1","floor":16},{"not_picked":["Dodge and Roll+1","Expertise+1","Acrobatics+1"],"picked":"SKIP","floor":18},{"not_picked":["Slice","Terror+1"],"picked":"All Out Attack","floor":25},{"not_picked":["Poisoned Stab","Outmaneuver+1"],"picked":"Backflip+1","floor":28},{"not_picked":["Catalyst+1","Predator+1","Underhanded Strike"],"picked":"SKIP","floor":30},{"not_picked":["Venomology+1","Deflect+1"],"picked":"Backstab+1","floor":31}],"player_experience":57869,"relics_obtained":[{"floor":9,"key":"Pantograph"},{"floor":11,"key":"Toxic Egg 2"},{"floor":14,"key":"Bronze Scales"},{"floor":24,"key":"Enchiridion"},{"floor":26,"key":"War Paint"},{"floor":27,"key":"Pen Nib"},{"floor":31,"key":"Letter Opener"}],"event_choices":[{"damage_healed":0,"gold_gain":0,"player_choice":"Success","damage_taken":3,"relics_obtained":["Dream Catcher"],"max_hp_gain":0,"max_hp_loss":0,"event_name":"Scrap Ooze","floor":2,"gold_loss":0},{"damage_healed":0,"gold_gain":0,"player_choice":"Left Gold","damage_taken":0,"max_hp_gain":0,"max_hp_loss":0,"event_name":"World of Goop","floor":5,"gold_loss":13},{"damage_healed":0,"gold_gain":0,"player_choice":"Leave","damage_taken":0,"max_hp_gain":0,"max_hp_loss":0,"event_name":"The Cleric","floor":12,"gold_loss":0},{"damage_healed":0,"gold_gain":0,"player_choice":"Shed Blood","damage_taken":18,"max_hp_gain":5,"max_hp_loss":0,"event_name":"Forgotten Altar","floor":20,"gold_loss":0},{"damage_healed":0,"gold_gain":0,"player_choice":"Opened","damage_taken":0,"relics_obtained":["PreservedInsect"],"max_hp_gain":0,"max_hp_loss":0,"event_name":"The Mausoleum","floor":21,"gold_loss":0},{"damage_healed":0,"gold_gain":0,"player_choice":"Obtained Book","damage_taken":16,"max_hp_gain":0,"max_hp_loss":0,"event_name":"Cursed Tome","floor":24,"gold_loss":0}],"is_beta":false,"boss_relics":[{"not_picked":["Eternal Feather","Velvet Choker"],"picked":"Sozu"}],"items_purged_floors":[4,19],"is_endless":false,"potions_floor_spawned":[1,14,25,28],"killed_by":"Collector","ascension_level":0}