{"gold_per_floor":[113,124,124,143,153,153,170,187,212,212,225,225,205,220,220,220],"floor_reached":16,"playtime":826,"items_purged":[],"score":187,"play_id":"b6fe2223-3730-4b6d-b17b-7186bb4a42e3","local_time":"20190109135939","is_ascension_mode":true,"campfire_choices":[{"data":"Body Slam","floor":6.0,"key":"SMITH"},{"floor":10.0,"key":"REST"},{"floor":15.0,"key":"REST"}],"neow_cost":"NONE","seed_source_timestamp":223610258035316,"circlet_count":0,"master_deck":["AscendersBane","Strike_R","Strike_R","Strike_R","Strike_R","Strike_R","Defend_R","Defend_R","Defend_R","Defend_R","Bash","Body Slam+1","Iron Wave","Feel No Pain","Fiend Fire","Inflame","Limit Break","Headbutt"],"special_seed":0,"relics":["Burning Blood","NeowsBlessing","Red Skull"],"potions_floor_usage":[16],"damage_taken":[{"damage":0.0,"enemies":"2 Louse","floor":1.0,"turns":1.0},{"damage":0.0,"enemies":"Small Slimes","floor":2.0,"turns":1.0},{"damage":0.0,"enemies":"Cultist","floor":4.0,"turns":1.0},{"damage":32.0,"enemies":"Gremlin Gang","floor":5.0,"turns":8.0},{"damage":19.0,"enemies":"Blue Slaver","floor":7.0,"turns":4.0},{"damage":23.0,"enemies":"Large Slime","floor":8.0,"turns":6.0},{"damage":32.0,"enemies":"Gremlin Gang","floor":11.0,"turns":4.0},{"damage":13.0,"enemies":"Blue Slaver","floor":14.0,"turns":2.0},{"damage":30,"enemies":"Hexaghost","floor":16,"turns":8}],"seed_played":"5157034763060503403","potions_obtained":[{"floor":7.0,"key":"Explosive Potion"},{"floor":8.0,"key":"Energy Potion"},{"floor":11.0,"key":"SkillPotion"},{"floor":14.0,"key":"GamblersBrew"}],"is_trial":false,"path_per_floor":["M","M","$","M","M","R","M","M","T","R","M","?","?","M","R","B"],"character_chosen":"IRONCLAD","items_purchased":[],"campfire_rested":2,"item_purchase_floors":[],"current_hp_per_floor":[74,75,75,75,49,49,36,19,19,41,15,15,15,8,30,0],"gold":220,"neow_bonus":"THREE_ENEMY_KILL","is_prod":false,"is_daily":false,"chose_seed":false,"campfire_upgraded":1,"win_rate":0,"timestamp":1547060379,"path_taken":["M","M","$","M","M","R","M","M","T","R","M","?","?","M","R","BOSS"],"build_version":"2019-01-03v4","purchased_purges":0,"victory":false,"max_hp_per_floor":[75,75,75,75,75,75,75,75,75,75,75,75,75,75,75,75],"card_choices":[{"not_picked":["Havoc","Twin Strike"],"picked":"Body Slam","floor":1.0},{"not_picked":["Wild Strike","Cleave"],"picked":"Iron Wave","floor":2.0},{"not_picked":["Perfected Strike","Pummel"],"picked":"Feel No Pain","floor":4.0},{"not_picked":["Flex","Sentinel"],"picked":"Fiend Fire","floor":5.0},{"not_picked":["Seeing Red","Headbutt"],"picked":"Inflame","floor":7.0},{"not_picked":["Twin Strike","Headbutt"],"picked":"Limit Break","floor":8.0},{"not_picked":["Flex","Fire Breathing"],"picked":"Headbutt","floor":11.0},{"not_picked":["Pummel","Havoc","Flex"],"picked":"SKIP","floor":14.0}],"player_experience":2850781,"relics_obtained":[{"floor":9.0,"key":"Red Skull"}],"event_choices":[{"damage_healed":0.0,"max_hp_gain":0.0,"max_hp_loss":0.0,"gold_gain":0.0,"event_name":"Scrap Ooze","player_choice":"Fled","floor":12.0,"gold_loss":0.0,"damage_taken":0.0},{"damage_healed":0.0,"max_hp_gain":0.0,"max_hp_loss":0.0,"gold_gain":0.0,"event_name":"The Woman in Blue","player_choice":"Bought 1 Potion","floor":13.0,"gold_loss":0.0,"damage_taken":0.0}],"is_beta":false,"boss_relics":[],"items_purged_floors":[],"is_endless":false,"potions_floor_spawned":[7,8,11,14],"killed_by":"Hexaghost","ascension_level":19}