{"gold_per_floor":[11,11,30,49,61,61,92,110,110,110,110,122,138,151,151,251,251,269,231,248,262,262,296,309,323,377,388,399,0,12,12,12,107,107,120,120,120,120,132,132],"floor_reached":40,"playtime":13010,"items_purged":[],"score":416,"play_id":"df050c17-a723-4073-b6e1-3154f35f6ab6","local_time":"20190301204532","is_ascension_mode":false,"campfire_choices":[{"data":"Zap","floor":6,"key":"SMITH"},{"floor":10,"key":"REST"},{"data":"Dualcast","floor":15,"key":"SMITH"},{"floor":32,"key":"REST"}],"neow_cost":"NO_GOLD","seed_source_timestamp":17601080652334,"circlet_count":0,"master_deck":["Strike_B","Strike_B","Strike_B","Strike_B","Defend_B","Defend_B","Defend_B","Defend_B","Zap+1","Dualcast+1","Rainbow","Ball Lightning","Cold Snap","Rip and Tear","Turbo","Self Repair","Coolheaded","Steam","Echo Form","Go for the Eyes","Auto Shields","Go for the Eyes+1","Core Surge","BootSequence+1","Compile Driver","Loop+1","Static Discharge","Conserve Battery","Stack","Tempest","Rainbow","Doom and Gloom+1"],"relics":["Cracked Core","Centennial Puzzle","Gremlin Horn","Fusion Hammer","Emotion Chip","Tiny Chest","Peace Pipe","Philosopher\u0027s Stone"],"potions_floor_usage":[16,16,23,24,28,33,33,33],"damage_taken":[{"damage":6,"enemies":"Jaw Worm","floor":1,"turns":4},{"damage":4,"enemies":"Cultist","floor":3,"turns":3},{"damage":0,"enemies":"Small Slimes","floor":4,"turns":2},{"damage":3,"enemies":"Looter","floor":5,"turns":2},{"damage":27,"enemies":"Lagavulin","floor":7,"turns":5},{"damage":1,"enemies":"Lots of Slimes","floor":8,"turns":2},{"damage":0,"enemies":"Large Slime","floor":12,"turns":3},{"damage":0,"enemies":"3 Louse","floor":13,"turns":2},{"damage":0,"enemies":"2 Fungi Beasts","floor":14,"turns":2},{"damage":8,"enemies":"Slime Boss","floor":16,"turns":6},{"damage":13,"enemies":"3 Byrds","floor":18,"turns":4},{"damage":0,"enemies":"Chosen","floor":20,"turns":3},{"damage":10,"enemies":"Snake Plant","floor":21,"turns":4},{"damage":16,"enemies":"Book of Stabbing","floor":23,"turns":6},{"damage":7,"enemies":"Centurion and Healer","floor":24,"turns":6},{"damage":4,"enemies":"Snecko","floor":25,"turns":7},{"damage":4,"enemies":"Snake Plant","floor":27,"turns":3},{"damage":35,"enemies":"Cultist and Chosen","floor":28,"turns":5},{"damage":1,"enemies":"Sentry and Sphere","floor":30,"turns":4},{"damage":14,"enemies":"Champ","floor":33,"turns":9},{"damage":17,"enemies":"Orb Walker","floor":35,"turns":3},{"damage":19,"enemies":"3 Shapes","floor":39,"turns":4},{"damage":46,"enemies":"Reptomancer","floor":40,"turns":2}],"seed_played":"-86739879062015193","potions_obtained":[{"floor":1,"key":"GamblersBrew"},{"floor":7,"key":"Regen Potion"},{"floor":8,"key":"SteroidPotion"},{"floor":18,"key":"Poison Potion"},{"floor":21,"key":"Strength Potion"},{"floor":27,"key":"LiquidBronze"},{"floor":28,"key":"Dexterity Potion"},{"floor":30,"key":"FocusPotion"},{"floor":35,"key":"SteroidPotion"},{"floor":39,"key":"Poison Potion"}],"is_trial":false,"path_per_floor":["M","?","M","M","M","R","E","M","T","R","$","M","M","M","R","B",null,"M","$","M","M","?","E","M","M","T","M","M","$","M","$","R","B",null,"M","$","?","?","M","E"],"character_chosen":"DEFECT","items_purchased":["Auto Shields","Peace Pipe","Conserve Battery","Stack"],"campfire_rested":2,"item_purchase_floors":[19,29,29,29],"current_hp_per_floor":[69,69,65,65,62,62,35,34,34,56,56,63,70,70,70,69,75,75,75,75,72,72,70,75,75,75,75,47,47,53,53,75,68,75,58,58,58,58,46,0],"gold":132,"neow_bonus":"THREE_RARE_CARDS","is_prod":false,"is_daily":false,"chose_seed":false,"campfire_upgraded":2,"win_rate":0,"timestamp":1551491132,"path_taken":["M","?","?","M","M","R","E","M","T","R","$","M","M","M","R","BOSS","M","$","M","M","?","E","M","?","T","M","M","$","M","?","R","BOSS","M","$","?","?","M","E"],"build_version":"2019-01-23","purchased_purges":0,"victory":false,"max_hp_per_floor":[75,75,75,75,75,75,75,75,75,75,75,75,75,75,75,75,75,75,75,75,75,75,75,75,75,75,75,75,75,75,75,75,75,75,75,75,75,75,75,75],"card_choices":[{"not_picked":["Amplify","Fission"],"picked":"Rainbow","floor":0},{"not_picked":["Hello World","Gash"],"picked":"Ball Lightning","floor":1},{"not_picked":["Beam Cell","Barrage"],"picked":"Cold Snap","floor":3},{"not_picked":["Beam Cell","Undo"],"picked":"Rip and Tear","floor":4},{"not_picked":["Sweeping Beam","Steam"],"picked":"Turbo","floor":5},{"not_picked":["Cold Snap","Self Repair"],"picked":"Core Surge","floor":7},{"not_picked":["Glacier","Turbo"],"picked":"Self Repair","floor":8},{"not_picked":["Turbo","Gash"],"picked":"Coolheaded","floor":12},{"not_picked":["Barrage","Gash","Turbo"],"picked":"SKIP","floor":13},{"not_picked":["Rebound","Streamline"],"picked":"Steam","floor":14},{"not_picked":["Creative AI","Fission"],"picked":"Echo Form","floor":16},{"not_picked":["Conserve Battery","Streamline"],"picked":"Go for the Eyes","floor":18},{"not_picked":["Darkness","Fusion"],"picked":"Go for the Eyes+1","floor":20},{"not_picked":["Gash","Fission","Streamline"],"picked":"SKIP","floor":21},{"not_picked":["Creative AI","Gash+1","Chaos"],"picked":"SKIP","floor":23},{"not_picked":["Leap","Turbo"],"picked":"BootSequence+1","floor":24},{"not_picked":["Machine Learning","Streamline"],"picked":"Compile Driver","floor":25},{"not_picked":["Gash","Steam"],"picked":"Loop","floor":27},{"not_picked":["Conserve Battery","Coolheaded+1"],"picked":"Static Discharge","floor":28},{"not_picked":["Barrage","Streamline"],"picked":"Tempest","floor":30},{"not_picked":["Thunder Strike","Buffer"],"picked":"Rainbow","floor":33},{"not_picked":["Force Field+1","Ball Lightning+1"],"picked":"Doom and Gloom+1","floor":35},{"not_picked":["Gash+1","Stack+1","Genetic Algorithm"],"picked":"SKIP","floor":39}],"player_experience":111239,"relics_obtained":[{"floor":2,"key":"Centennial Puzzle"},{"floor":7,"key":"Gremlin Horn"},{"floor":23,"key":"Emotion Chip"},{"floor":26,"key":"Tiny Chest"}],"event_choices":[{"damage_healed":0,"gold_gain":0,"player_choice":"Relic","damage_taken":0,"max_hp_gain":0,"max_hp_loss":0,"event_name":"Wheel of Change","floor":2,"gold_loss":0},{"damage_healed":0,"gold_gain":0,"player_choice":"Copied","damage_taken":0,"max_hp_gain":0,"max_hp_loss":0,"event_name":"Duplicator","floor":22,"gold_loss":0,"cards_obtained":["Core Surge"]},{"cards_removed":["Core Surge"],"damage_healed":0,"gold_gain":0,"player_choice":"Removed Attack","damage_taken":0,"max_hp_gain":0,"max_hp_loss":0,"event_name":"Falling","floor":37,"gold_loss":0},{"damage_healed":0,"gold_gain":0,"player_choice":"Upgraded","damage_taken":0,"max_hp_gain":0,"max_hp_loss":0,"event_name":"Upgrade Shrine","floor":38,"gold_loss":0,"cards_upgraded":["Loop"]}],"is_beta":false,"boss_relics":[{"not_picked":["Coffee Dripper","Busted Crown"],"picked":"Fusion Hammer"},{"not_picked":["Lizard Tail","Black Star"],"picked":"Philosopher\u0027s Stone"}],"items_purged_floors":[],"is_endless":false,"potions_floor_spawned":[1,7,8,12,14,18,21,27,28,30,35,39],"killed_by":"Reptomancer","ascension_level":0}