{"gold_per_floor":[112,112,132,143,143,143,169,169,169,203,220,236,35,35,35,135,135,148,166,3,22,37,37,47,147,201,71,71,71,71,35,35,135,135,152,106,119,119,14,14,14,14,86,86,99,99,99,41,41,41,41,41,41,41],"floor_reached":54,"playtime":5448,"items_purged":[],"score":672,"play_id":"9e75b5d4-3487-4b12-8ea8-aa0fc07e6843","local_time":"20190307020748","is_ascension_mode":true,"campfire_choices":[{"data":"Zap","floor":6,"key":"SMITH"},{"data":"Dualcast","floor":8,"key":"SMITH"},{"floor":15,"key":"REST"},{"floor":23,"key":"REST"},{"floor":30,"key":"REST"},{"data":"Defragment","floor":32,"key":"SMITH"},{"data":"Consume","floor":40,"key":"SMITH"},{"floor":42,"key":"RECALL"},{"data":"Gash","floor":46,"key":"SMITH"},{"floor":49,"key":"REST"},{"floor":52,"key":"REST"}],"neow_cost":"NONE","seed_source_timestamp":48576048899599,"circlet_count":0,"master_deck":["Strike_B+1","Strike_B+1","Strike_B+1","Defend_B+1","Defend_B+1","Defend_B+1","Defend_B+1","Zap+1","Dualcast+1","Cold Snap+1","Trip+1","FTL+1","Leap+1","Steam+1","Gash+1","Compile Driver+1","Conserve Battery+1","Turbo+1","Finesse+1","Multi-Cast+1","Cold Snap+1","Compile Driver+1","Ball Lightning+1","Bandage Up+1","Stack+1","Glacier+1","Core Surge+1","Go for the Eyes+1","Double Energy+1","Melter+1","Hologram+1","Shame","Defragment+1","Seek+1","Barrage+1","Ball Lightning+1","Ball Lightning+1","Consume+1","Stack+1","Gash+1"],"relics":["Cracked Core","Anchor","Matryoshka","Regal Pillow","Bag of Marbles","Meat on the Bone","Inserter","Mango","Kunai","Pantograph","Ornamental Fan","MutagenicStrength","Nuclear Battery","Dodecahedron","Mark of the Bloom","Ginger"],"potions_floor_usage":[16,16,22,33,33],"damage_taken":[{"damage":0,"enemies":"2 Louse","floor":1,"turns":2},{"damage":1,"enemies":"Cultist","floor":3,"turns":3},{"damage":0,"enemies":"Small Slimes","floor":4,"turns":2},{"damage":18,"enemies":"Lagavulin","floor":7,"turns":5},{"damage":26,"enemies":"Gremlin Nob","floor":10,"turns":4},{"damage":0,"enemies":"3 Louse","floor":11,"turns":2},{"damage":6,"enemies":"Exordium Thugs","floor":12,"turns":5},{"damage":3,"enemies":"Slime Boss","floor":16,"turns":7},{"damage":4,"enemies":"2 Thieves","floor":18,"turns":4},{"damage":9,"enemies":"3 Byrds","floor":19,"turns":6},{"damage":16,"enemies":"Snake Plant","floor":21,"turns":3},{"damage":3,"enemies":"Shelled Parasite and Fungi","floor":22,"turns":5},{"damage":0,"enemies":"Cultist and Chosen","floor":24,"turns":7},{"damage":23,"enemies":"Colosseum Slavers","floor":25,"turns":5},{"damage":17,"enemies":"Colosseum Nobs","floor":25,"turns":6},{"damage":40,"enemies":"Collector","floor":33,"turns":12},{"damage":2,"enemies":"3 Shapes","floor":35,"turns":4},{"damage":0,"enemies":"Orb Walker","floor":37,"turns":2},{"damage":0,"enemies":"4 Shapes","floor":45,"turns":4},{"damage":81,"enemies":"Time Eater","floor":50,"turns":13},{"damage":6,"enemies":"Shield and Spear","floor":54,"turns":2}],"seed_played":"-8726317410862196838","potions_obtained":[{"floor":7,"key":"SkillPotion"},{"floor":11,"key":"FocusPotion"},{"floor":12,"key":"Explosive Potion"},{"floor":19,"key":"FearPotion"},{"floor":24,"key":"LiquidBronze"},{"floor":33,"key":"FairyPotion"}],"is_trial":false,"path_per_floor":["M","?","M","M","?","R","E","R","T","E","M","M","$","?","R","B",null,"M","M","$","M","M","R","M","?","T","$","?","?","R","$","R","B",null,"M","$","M","?","$","R","$","R","T","?","M","R","?","?","R","B",null,"R","$","E"],"character_chosen":"DEFECT","items_purchased":["Compile Driver","Conserve Battery","Turbo","Finesse","Ball Lightning","Bandage Up","Stack","Melter","Hologram","Defragment","Ball Lightning","Consume","Stack"],"campfire_rested":5,"item_purchase_floors":[13,13,13,13,20,20,20,27,27,31,36,39,39],"current_hp_per_floor":[75,75,74,74,74,74,56,56,56,30,42,48,48,48,75,72,75,71,62,62,46,47,75,75,53,53,53,53,53,89,89,89,53,89,87,87,89,85,85,85,85,85,85,85,85,85,85,85,85,4,4,4,4,0],"gold":41,"neow_bonus":"RANDOM_COMMON_RELIC","is_prod":false,"is_daily":false,"chose_seed":false,"campfire_upgraded":5,"win_rate":0,"timestamp":1551942468,"path_taken":["M","?","M","?","?","R","E","R","T","E","M","?","$","?","R","BOSS","M","M","$","M","M","R","M","?","T","$","?","?","R","$","R","BOSS","M","$","M","?","$","R","?","R","T","?","M","R","?","?","R","BOSS","R","$","E"],"build_version":"2019-01-23","purchased_purges":0,"victory":false,"max_hp_per_floor":[75,75,75,75,75,75,75,75,75,75,75,75,75,75,75,75,75,75,75,75,75,75,75,75,89,89,89,89,89,89,89,89,89,89,89,89,89,85,85,85,85,85,85,85,85,85,85,85,85,85,85,85,85,85],"card_choices":[{"not_picked":["Stack","BootSequence"],"picked":"Cold Snap","floor":1},{"not_picked":["Heatsinks","Force Field"],"picked":"Rebound","floor":3},{"not_picked":["Go for the Eyes","Conserve Battery"],"picked":"FTL","floor":4},{"not_picked":["Hello World","Force Field","Heatsinks"],"picked":"SKIP","floor":7},{"not_picked":["Stack","Lockon"],"picked":"Leap","floor":10},{"not_picked":["Rip and Tear","Barrage"],"picked":"Steam","floor":11},{"not_picked":["Leap","Chaos"],"picked":"Gash","floor":12},{"not_picked":["Core Surge","Meteor Strike"],"picked":"Multi-Cast","floor":16},{"not_picked":["Gash","Sunder"],"picked":"Cold Snap","floor":18},{"not_picked":["Streamline","Turbo"],"picked":"Compile Driver","floor":19},{"not_picked":["Aggregate+1","Compile Driver"],"picked":"Glacier","floor":21},{"not_picked":["Barrage+1","Compile Driver"],"picked":"Core Surge","floor":22},{"not_picked":["Turbo","Barrage"],"picked":"Go for the Eyes","floor":24},{"not_picked":["Glacier","Cold Snap"],"picked":"Double Energy","floor":25},{"not_picked":["Multi-Cast","Meteor Strike"],"picked":"Seek","floor":33},{"not_picked":["Steam","Aggregate"],"picked":"Barrage+1","floor":35},{"not_picked":["Aggregate","Leap"],"picked":"Ball Lightning+1","floor":37},{"not_picked":["Capacitor","Skim+1"],"picked":"Gash","floor":45}],"player_experience":226037,"relics_obtained":[{"floor":7,"key":"Matryoshka"},{"floor":9,"key":"Regal Pillow"},{"floor":9,"key":"Bag of Marbles"},{"floor":10,"key":"Meat on the Bone"},{"floor":25,"key":"Mango"},{"floor":25,"key":"Kunai"},{"floor":26,"key":"Pantograph"},{"floor":43,"key":"Dodecahedron"}],"event_choices":[{"damage_healed":0,"gold_gain":0,"player_choice":"1 cards matched","damage_taken":0,"max_hp_gain":0,"max_hp_loss":0,"event_name":"Match and Keep!","floor":2,"gold_loss":0,"cards_obtained":["Trip"]},{"cards_removed":["Strike_B"],"damage_healed":0,"gold_gain":0,"player_choice":"Offered Basic","damage_taken":0,"max_hp_gain":0,"max_hp_loss":0,"event_name":"Bonfire Elementals","floor":5,"gold_loss":0},{"damage_healed":0,"gold_gain":0,"player_choice":"Upgraded","damage_taken":0,"max_hp_gain":0,"max_hp_loss":0,"event_name":"Upgrade Shrine","floor":14,"gold_loss":0,"cards_upgraded":["Turbo"]},{"damage_healed":0,"gold_gain":0,"player_choice":"Fight","damage_taken":0,"max_hp_gain":0,"max_hp_loss":0,"event_name":"Colosseum","floor":25,"gold_loss":0},{"damage_healed":0,"gold_gain":0,"player_choice":"Fought Nobs","damage_taken":0,"max_hp_gain":0,"max_hp_loss":0,"event_name":"Colosseum","floor":25,"gold_loss":0},{"damage_healed":0,"gold_gain":0,"player_choice":"Stole Relic","damage_taken":0,"relics_obtained":["Ornamental Fan"],"max_hp_gain":0,"max_hp_loss":0,"event_name":"Addict","floor":28,"gold_loss":0,"cards_obtained":["Shame"]},{"damage_healed":0,"gold_gain":0,"player_choice":"Inject Mutagens","damage_taken":0,"relics_obtained":["MutagenicStrength"],"max_hp_gain":0,"max_hp_loss":0,"event_name":"Drug Dealer","floor":29,"gold_loss":0},{"damage_healed":0,"gold_gain":0,"player_choice":"Max HP","damage_taken":0,"max_hp_gain":0,"max_hp_loss":4,"event_name":"Winding Halls","floor":38,"gold_loss":0},{"damage_healed":0,"gold_gain":0,"player_choice":"Upgrade","damage_taken":0,"relics_obtained":["Mark of the Bloom"],"max_hp_gain":0,"max_hp_loss":0,"event_name":"MindBloom","floor":44,"gold_loss":0,"cards_upgraded":["Strike_B","Strike_B","Strike_B","Defend_B","Defend_B","Defend_B","Defend_B","Cold Snap","Trip","Rebound","FTL","Leap","Steam","Gash","Compile Driver","Conserve Battery","Finesse","Multi-Cast","Cold Snap","Compile Driver","Ball Lightning","Bandage Up","Stack","Glacier","Core Surge","Go for the Eyes","Double Energy","Melter","Hologram","Seek","Ball Lightning","Stack"]},{"cards_removed":["Rebound"],"damage_healed":0,"gold_gain":0,"player_choice":"Removed Attack","damage_taken":0,"max_hp_gain":0,"max_hp_loss":0,"event_name":"Falling","floor":47,"gold_loss":0},{"damage_healed":0,"gold_gain":0,"player_choice":"Paid Gold","damage_taken":0,"relics_obtained":["Ginger"],"max_hp_gain":0,"max_hp_loss":0,"event_name":"WeMeetAgain","floor":48,"gold_loss":58}],"is_beta":false,"boss_relics":[{"not_picked":["Philosopher\u0027s Stone","Astrolabe"],"picked":"Inserter"},{"not_picked":["Black Star","Runic Dome"],"picked":"Nuclear Battery"}],"items_purged_floors":[],"is_endless":false,"potions_floor_spawned":[7,11,12,19,24,25,33],"killed_by":"Shield and Spear","ascension_level":1}