{"gold_per_floor":[117,167,183,198,198,198,227,227,250,281,281],"floor_reached":11,"playtime":809,"items_purged":[],"score":158,"play_id":"59cfa9c2-225c-4250-9586-0e53bf496da5","local_time":"20190103194216","is_ascension_mode":true,"campfire_choices":[{"data":"Body Slam","floor":6.0,"key":"SMITH"},{"floor":8.0,"key":"REST"}],"neow_cost":"NONE","seed_source_timestamp":179947473466550,"circlet_count":0,"master_deck":["AscendersBane","Strike_R","Strike_R","Strike_R","Strike_R","Defend_R","Defend_R","Defend_R","Defend_R","Bash","Shrug It Off","Heavy Blade","Body Slam+1","Cleave","Double Tap"],"special_seed":0,"relics":["Burning Blood","NeowsBlessing","Ancient Tea Set","Art of War","Paper Frog"],"potions_floor_usage":[],"damage_taken":[{"damage":0.0,"enemies":"Small Slimes","floor":1.0,"turns":1.0},{"damage":0.0,"enemies":"Cultist","floor":3.0,"turns":1.0},{"damage":0.0,"enemies":"Jaw Worm","floor":4.0,"turns":1.0},{"damage":65.0,"enemies":"3 Sentries","floor":7.0,"turns":15.0},{"damage":34,"enemies":"Gremlin Nob","floor":10,"turns":4},{"damage":8,"enemies":"Red Slaver","floor":11,"turns":4}],"seed_played":"8294458853703833650","potions_obtained":[{"floor":3.0,"key":"EssenceOfSteel"},{"floor":4.0,"key":"Ancient Potion"}],"is_trial":false,"path_per_floor":["M","?","M","M","?","R","E","R","T","E","M"],"character_chosen":"IRONCLAD","items_purchased":[],"campfire_rested":1,"item_purchase_floors":[],"current_hp_per_floor":[74,74,75,75,75,75,16,38,38,10,2],"gold":281,"neow_bonus":"THREE_ENEMY_KILL","is_prod":false,"is_daily":false,"chose_seed":false,"campfire_upgraded":1,"win_rate":0,"timestamp":1546562536,"path_taken":["M","?","M","?","?","R","E","R","T","E","?"],"build_version":"2018-12-20","purchased_purges":0,"victory":false,"max_hp_per_floor":[75,75,75,75,75,75,75,75,75,75,75],"card_choices":[{"not_picked":["True Grit","Entrench"],"picked":"Shrug It Off","floor":1.0},{"not_picked":["Headbutt","Clash"],"picked":"Heavy Blade","floor":3.0},{"not_picked":["Dropkick","Wild Strike"],"picked":"Body Slam","floor":4.0},{"not_picked":["Sentinel","Clothesline"],"picked":"Cleave","floor":7.0},{"not_picked":["Anger","Dark Embrace"],"picked":"Double Tap","floor":10}],"player_experience":2782411,"relics_obtained":[{"floor":7.0,"key":"Ancient Tea Set"},{"floor":9.0,"key":"Art of War"},{"floor":10,"key":"Paper Frog"}],"event_choices":[{"damage_healed":0.0,"max_hp_gain":0.0,"max_hp_loss":0.0,"gold_gain":50.0,"event_name":"Golden Shrine","player_choice":"Pray","floor":2.0,"gold_loss":0.0,"damage_taken":0.0},{"cards_removed":["Strike_R"],"damage_healed":0.0,"max_hp_gain":0.0,"max_hp_loss":0.0,"gold_gain":0.0,"event_name":"Bonfire Elementals","player_choice":"Offered Basic","floor":5.0,"gold_loss":0.0,"damage_taken":0.0}],"is_beta":false,"boss_relics":[],"items_purged_floors":[],"is_endless":false,"potions_floor_spawned":[3,4],"killed_by":"Red Slaver","ascension_level":19}