{"gold_per_floor":[117,59,75,75,88,88,88,88,88,122,132,132],"floor_reached":12,"playtime":1641,"items_purged":[],"score":152,"play_id":"77fa28ed-54ef-4e4d-abca-ad3c99102bcf","local_time":"20190115093359","is_ascension_mode":true,"campfire_choices":[{"data":"Neutralize","floor":6.0,"key":"SMITH"}],"neow_cost":"NONE","seed_source_timestamp":96020613344011,"circlet_count":0,"master_deck":["AscendersBane","Defend_G","Defend_G","Defend_G","Defend_G","Defend_G","Strike_G","Strike_G","Strike_G","Strike_G","Survivor","Neutralize+1","Bane","Cloak And Dagger","PiercingWail","Burst+1","Sucker Punch"],"special_seed":0,"relics":["Ring of the Snake","NeowsBlessing","The Courier","Pantograph"],"potions_floor_usage":[11],"damage_taken":[{"damage":0.0,"enemies":"Cultist","floor":1.0,"turns":1.0},{"damage":0.0,"enemies":"Jaw Worm","floor":3.0,"turns":1.0},{"damage":0.0,"enemies":"Small Slimes","floor":5.0,"turns":1.0},{"damage":50,"enemies":"3 Sentries","floor":10,"turns":20},{"damage":0,"enemies":"Red Slaver","floor":11,"turns":6},{"damage":0,"enemies":"Lagavulin","floor":12,"turns":3}],"seed_played":"2447514452122308925","potions_obtained":[{"floor":3.0,"key":"SteroidPotion"},{"floor":10,"key":"Block Potion"}],"is_trial":false,"path_per_floor":["M","$","M","$","M","R","?","?","T","E","M","E"],"character_chosen":"THE_SILENT","items_purchased":["Cloak And Dagger"],"campfire_rested":0,"item_purchase_floors":[2],"current_hp_per_floor":[59,59,59,59,59,59,59,59,59,9,9,9],"gold":132,"neow_bonus":"THREE_ENEMY_KILL","is_prod":false,"is_daily":false,"chose_seed":false,"campfire_upgraded":1,"win_rate":0,"timestamp":1547562839,"path_taken":["M","$","M","$","?","R","?","?","T","E","?","E"],"build_version":"2019-01-10","purchased_purges":0,"victory":false,"max_hp_per_floor":[66,66,66,66,66,66,66,66,66,66,66,66],"card_choices":[{"not_picked":["Underhanded Strike","Outmaneuver"],"picked":"Bane","floor":1.0},{"not_picked":["Deadly Poison","Concentrate"],"picked":"PiercingWail","floor":3.0},{"not_picked":["Blade Dance","Acrobatics"],"picked":"Burst","floor":5.0},{"not_picked":["Underhanded Strike","Flechettes","Heel Hook"],"picked":"SKIP","floor":10},{"not_picked":["Outmaneuver","Deflect"],"picked":"Sucker Punch","floor":11}],"player_experience":2929099,"relics_obtained":[{"floor":9,"key":"The Courier"},{"floor":10,"key":"Pantograph"}],"event_choices":[{"damage_healed":0,"gold_gain":0,"player_choice":"Grow","damage_taken":0,"max_hp_gain":0,"max_hp_loss":0,"event_name":"Living Wall","floor":7,"gold_loss":0,"cards_upgraded":["Burst"]},{"cards_removed":["Strike_G"],"damage_healed":0,"gold_gain":0,"player_choice":"Offered Basic","damage_taken":0,"max_hp_gain":0,"max_hp_loss":0,"event_name":"Bonfire Elementals","floor":8,"gold_loss":0}],"is_beta":false,"boss_relics":[],"items_purged_floors":[],"is_endless":false,"potions_floor_spawned":[3,10],"killed_by":"Lagavulin","ascension_level":19}