{"gold_per_floor":[111,121,121,46,58,58,89,89,89,104,131,131,146,4,4,105,105,128,151,10,23,41,41,0,0,26,46,56,56,71,91,91,195,195,207,218,40,40],"floor_reached":38,"playtime":5100,"items_purged":["Pain"],"score":440,"play_id":"dccfa1ee-679f-4140-b9b9-53efc0ef8149","local_time":"20190225232001","is_ascension_mode":false,"campfire_choices":[{"data":"Neutralize","floor":6,"key":"SMITH"},{"floor":8,"key":"RECALL"},{"data":"Noxious Fumes","floor":15,"key":"SMITH"},{"floor":23,"key":"REST"},{"floor":25,"key":"REST"},{"floor":29,"key":"REST"},{"floor":32,"key":"REST"}],"neow_cost":"NONE","seed_source_timestamp":81633005804256,"circlet_count":0,"master_deck":["Defend_G","Defend_G","Defend_G","Defend_G","Defend_G","Strike_G","Strike_G","Strike_G","Strike_G","Survivor","Neutralize+1","Slice","PiercingWail","Bane","Riddle With Holes","All Out Attack","Flying Knee","Cloak And Dagger","Noxious Fumes+1","Parasite","Backflip","Catalyst","Dagger Spray","Dagger Throw","Night Terror","Clumsy","Writhe","Noxious Fumes","Well Laid Plans","Catalyst","Deflect","Cloak And Dagger","Footwork","Poisoned Stab","Deadly Poison+1","Wraith Form v2","Corpse Explosion","Backstab+1","Dodge and Roll+1","Leg Sweep"],"relics":["Ring of the Snake","PreservedInsect","Mango","Bronze Scales","Calling Bell","MawBank","Ninja Scroll","Torii","Juzu Bracelet","Eternal Feather","Boot"],"potions_floor_usage":[11,16,16,22,31,33,33],"damage_taken":[{"damage":0,"enemies":"2 Louse","floor":1,"turns":2},{"damage":0,"enemies":"Small Slimes","floor":2,"turns":4},{"damage":1,"enemies":"Cultist","floor":5,"turns":4},{"damage":23,"enemies":"Lagavulin","floor":7,"turns":6},{"damage":0,"enemies":"2 Fungi Beasts","floor":10,"turns":3},{"damage":11,"enemies":"3 Sentries","floor":11,"turns":2},{"damage":2,"enemies":"Lots of Slimes","floor":13,"turns":2},{"damage":43,"enemies":"The Guardian","floor":16,"turns":10},{"damage":21,"enemies":"Spheric Guardian","floor":18,"turns":4},{"damage":5,"enemies":"3 Byrds","floor":19,"turns":4},{"damage":16,"enemies":"Snake Plant","floor":21,"turns":4},{"damage":39,"enemies":"Cultist and Chosen","floor":22,"turns":7},{"damage":12,"enemies":"Snecko","floor":27,"turns":5},{"damage":9,"enemies":"3 Cultists","floor":28,"turns":5},{"damage":14,"enemies":"Centurion and Healer","floor":30,"turns":6},{"damage":22,"enemies":"Sentry and Sphere","floor":31,"turns":4},{"damage":35,"enemies":"Champ","floor":33,"turns":7},{"damage":42,"enemies":"3 Darklings","floor":35,"turns":5},{"damage":1,"enemies":"3 Shapes","floor":36,"turns":5},{"damage":50,"enemies":"Transient","floor":38,"turns":4}],"seed_played":"-1557159626902476553","potions_obtained":[{"floor":5,"key":"Explosive Potion"},{"floor":7,"key":"Ancient Potion"},{"floor":10,"key":"Weak Potion"},{"floor":13,"key":"Fire Potion"},{"floor":22,"key":"SpeedPotion"},{"floor":27,"key":"SteroidPotion"},{"floor":28,"key":"Strength Potion"},{"floor":31,"key":"FearPotion"},{"floor":36,"key":"PowerPotion"}],"is_trial":false,"path_per_floor":["M","M","?","$","M","R","E","R","T","M","E","?","M","$","R","B",null,"M","M","$","M","M","R","?","R","T","M","M","R","M","M","R","B",null,"M","M","$","M"],"character_chosen":"THE_SILENT","items_purchased":["Riddle With Holes","Catalyst","Dagger Spray","Dagger Throw","Catalyst","Leg Sweep","Boot"],"campfire_rested":4,"item_purchase_floors":[4,14,14,14,20,37,37],"current_hp_per_floor":[70,70,70,70,69,69,60,60,60,60,49,70,68,68,68,25,84,63,58,58,42,3,28,28,53,53,41,32,57,43,21,46,11,84,42,41,41,0],"gold":40,"neow_bonus":"RANDOM_COMMON_RELIC","is_prod":false,"is_daily":false,"chose_seed":false,"campfire_upgraded":2,"win_rate":0,"timestamp":1551154801,"path_taken":["M","M","?","$","M","R","E","R","T","M","E","?","M","$","R","BOSS","M","M","$","M","M","R","?","R","T","M","M","R","M","M","R","BOSS","M","M","$","M"],"build_version":"2019-01-23","purchased_purges":1,"victory":false,"max_hp_per_floor":[70,70,70,70,70,70,84,84,84,84,84,84,84,84,84,84,84,84,84,84,84,84,84,84,84,84,84,84,84,84,84,84,84,84,84,84,84,84],"card_choices":[{"not_picked":["Underhanded Strike","Accuracy"],"picked":"Slice","floor":1},{"not_picked":["Infinite Blades","Reflex"],"picked":"PiercingWail","floor":2},{"not_picked":["Eviscerate","Flying Knee"],"picked":"All Out Attack","floor":5},{"not_picked":["Underhanded Strike","Endless Agony"],"picked":"Flying Knee","floor":7},{"not_picked":["Underhanded Strike","Expertise"],"picked":"Cloak And Dagger","floor":10},{"not_picked":["Cloak And Dagger","Infinite Blades"],"picked":"Noxious Fumes","floor":11},{"not_picked":["Blade Dance","Flying Knee"],"picked":"Backflip","floor":13},{"not_picked":["Bullet Time","Malaise"],"picked":"Night Terror","floor":16},{"not_picked":["Outmaneuver","Accuracy"],"picked":"Noxious Fumes","floor":18},{"not_picked":["Blur+1","Deadly Poison"],"picked":"Well Laid Plans","floor":19},{"not_picked":["Skewer","Accuracy+1"],"picked":"Deflect","floor":21},{"not_picked":["Sucker Punch","Dagger Spray+1"],"picked":"Cloak And Dagger","floor":22},{"not_picked":["Bouncing Flask","Cloak And Dagger"],"picked":"Footwork","floor":27},{"not_picked":["Masterful Stab","PiercingWail"],"picked":"Poisoned Stab","floor":28},{"not_picked":["Distraction","Choke"],"picked":"Deadly Poison+1","floor":30},{"not_picked":["Dagger Throw","Underhanded Strike+1"],"picked":"Wraith Form v2","floor":31},{"not_picked":["Envenom","Glass Knife"],"picked":"Corpse Explosion","floor":33},{"not_picked":["Tactician","Skewer+1"],"picked":"Backstab+1","floor":35},{"not_picked":["Heel Hook+1","PiercingWail"],"picked":"Dodge and Roll+1","floor":36}],"player_experience":48400,"relics_obtained":[{"floor":7,"key":"Mango"},{"floor":11,"key":"Bronze Scales"},{"floor":17,"key":"MawBank"},{"floor":17,"key":"Ninja Scroll"},{"floor":17,"key":"Torii"},{"floor":26,"key":"Juzu Bracelet"}],"event_choices":[{"damage_healed":0,"gold_gain":0,"cards_transformed":["Strike_G"],"player_choice":"Change","damage_taken":0,"max_hp_gain":0,"max_hp_loss":0,"event_name":"Living Wall","floor":3,"gold_loss":0,"cards_obtained":["Bane"]},{"damage_healed":21,"gold_gain":0,"player_choice":"Healed and dodged fight","damage_taken":0,"max_hp_gain":0,"max_hp_loss":0,"event_name":"Mushrooms","floor":12,"gold_loss":0,"cards_obtained":["Parasite"]},{"damage_healed":0,"gold_gain":0,"player_choice":"Paid Fearfully","damage_taken":0,"max_hp_gain":0,"max_hp_loss":0,"event_name":"Masked Bandits","floor":24,"gold_loss":41}],"is_beta":false,"boss_relics":[{"not_picked":["WristBlade","Tiny House"],"picked":"Calling Bell"},{"not_picked":["Runic Dome","Runic Pyramid"],"picked":"Eternal Feather"}],"items_purged_floors":[20],"is_endless":false,"potions_floor_spawned":[5,7,10,13,22,27,28,31,36],"killed_by":"Transient","ascension_level":0}