{"gold_per_floor":[110,110,260,275,298,298,337,350,429,442,407,33,33,49,49,49],"floor_reached":16,"playtime":796,"items_purged":[],"score":199,"play_id":"d718d0d5-d0da-4854-99bd-c473993a95f0","local_time":"20190110183943","is_ascension_mode":true,"campfire_choices":[{"data":"Whirlwind","floor":6.0,"key":"SMITH"},{"data":"Body Slam","floor":13,"key":"SMITH"},{"floor":15,"key":"REST"}],"neow_cost":"NONE","seed_source_timestamp":81185825639426,"circlet_count":0,"master_deck":["AscendersBane","Strike_R","Strike_R","Strike_R","Strike_R","Strike_R","Defend_R","Defend_R","Defend_R","Defend_R","Bash","Shrug It Off","Doubt","Whirlwind+1","Inflame","Double Tap","Sword Boomerang","Evolve","Swift Strike","Body Slam+1","Juggernaut","Heavy Blade","Thunderclap"],"special_seed":0,"relics":["Burning Blood","NeowsBlessing","Golden Idol","Unceasing Top","Kunai"],"potions_floor_usage":[10,16],"damage_taken":[{"damage":0.0,"enemies":"Cultist","floor":1.0,"turns":1.0},{"damage":0.0,"enemies":"2 Louse","floor":4.0,"turns":1.0},{"damage":0.0,"enemies":"Jaw Worm","floor":5.0,"turns":1.0},{"damage":25.0,"enemies":"3 Sentries","floor":7.0,"turns":5.0},{"damage":30,"enemies":"Large Slime","floor":8,"turns":6},{"damage":0,"enemies":"Blue Slaver","floor":10,"turns":1},{"damage":14,"enemies":"Red Slaver","floor":14,"turns":2},{"damage":33,"enemies":"The Guardian","floor":16,"turns":6}],"seed_played":"8603036082562649129","potions_obtained":[{"floor":4.0,"key":"FearPotion"},{"floor":8,"key":"Fire Potion"},{"floor":14,"key":"BloodPotion"}],"is_trial":false,"path_per_floor":["M","?","?","M","M","R","E","M","T","M","?","$","R","M","R","B"],"character_chosen":"IRONCLAD","items_purchased":["Swift Strike","Body Slam","Juggernaut","Heavy Blade"],"campfire_rested":1,"item_purchase_floors":[12,12,12,12],"current_hp_per_floor":[74,68,68,68,68,68,49,25,25,31,31,31,31,23,43,16],"gold":49,"neow_bonus":"THREE_ENEMY_KILL","is_prod":false,"is_daily":false,"chose_seed":false,"campfire_upgraded":2,"win_rate":0,"timestamp":1547163583,"path_taken":["M","?","?","M","?","R","E","M","T","M","?","$","R","M","R","BOSS"],"build_version":"2019-01-03v4","purchased_purges":0,"victory":false,"max_hp_per_floor":[75,68,68,68,68,68,68,68,68,68,68,68,68,68,68,68],"card_choices":[{"not_picked":["Pommel Strike","Wild Strike"],"picked":"Shrug It Off","floor":1.0},{"not_picked":["Heavy Blade","Uppercut"],"picked":"Whirlwind","floor":4.0},{"not_picked":["Heavy Blade","Rage"],"picked":"Inflame","floor":5.0},{"not_picked":["Clothesline","Feel No Pain"],"picked":"Double Tap","floor":7.0},{"not_picked":["Perfected Strike","Wild Strike"],"picked":"Sword Boomerang","floor":8},{"not_picked":["Entrench","Flex"],"picked":"Evolve","floor":10},{"not_picked":["Combust","Sword Boomerang"],"picked":"Thunderclap","floor":14}],"player_experience":2865339,"relics_obtained":[{"floor":7.0,"key":"Unceasing Top"},{"floor":9,"key":"Kunai"}],"event_choices":[{"damage_healed":0.0,"max_hp_gain":0.0,"max_hp_loss":7.0,"gold_gain":0.0,"event_name":"Golden Idol","player_choice":"Lose Max HP","floor":2.0,"gold_loss":0.0,"damage_taken":0.0,"relics_obtained":["Golden Idol"]},{"damage_healed":0.0,"max_hp_gain":0.0,"max_hp_loss":0.0,"gold_gain":150.0,"event_name":"Liars Game","player_choice":"AGREE","floor":3.0,"gold_loss":0.0,"damage_taken":0.0,"cards_obtained":["Doubt"]},{"damage_healed":0,"gold_gain":0,"player_choice":"Left Gold","damage_taken":0,"max_hp_gain":0,"max_hp_loss":0,"event_name":"World of Goop","floor":11,"gold_loss":35}],"is_beta":false,"boss_relics":[],"items_purged_floors":[],"is_endless":false,"potions_floor_spawned":[4,8,14],"killed_by":"The Guardian","ascension_level":19}