{"gold_per_floor":[119,119,119,119,142,209,221,253,343,374,50,77,92,92,92,187,187,205,205,282,39,51,86,100,100,100,200,33,33,33,48,48,152,152,172,272,272,19,33,65,65,65,65,75,95,95,95,126,126,126],"floor_reached":51,"playtime":8474,"items_purged":["Strike_B"],"score":781,"play_id":"65d2a03a-9ba8-4189-a1b9-754c581eaff7","local_time":"20190223201918","is_ascension_mode":false,"campfire_choices":[{"floor":7,"key":"REST"},{"floor":15,"key":"REST"},{"floor":25,"key":"REST"},{"floor":30,"key":"REST"},{"data":"Apotheosis","floor":32,"key":"SMITH"},{"data":"Self Repair","floor":42,"key":"SMITH"},{"floor":46,"key":"REST"},{"floor":49,"key":"REST"}],"neow_cost":"CURSE","seed_source_timestamp":184107648805618,"circlet_count":0,"master_deck":["Strike_B","Strike_B","Strike_B","Defend_B","Defend_B","Defend_B","Defend_B","Zap+1","Dualcast","Biased Cognition","Self Repair+1","Doom and Gloom","Compile Driver","Melter","Ball Lightning","Turbo","Cold Snap","Tempest","Rainbow","Coolheaded+1","Conserve Battery","Apotheosis+1","Cold Snap","Compile Driver","Ball Lightning","Beam Cell","Barrage","Steam+1","Good Instincts+1","Melter","White Noise+1","Hologram+1","Multi-Cast+1","Hologram+1","Double Energy+1","Metamorphosis+1","Rip and Tear","Sweeping Beam","Reinforced Body+1","White Noise+1","Parasite","Go for the Eyes+1","Go for the Eyes+1","Barrage"],"relics":["Cracked Core","MawBank","Tiny Chest","Letter Opener","PreservedInsect","Lantern","Black Star","Shuriken","Toxic Egg 2","Dream Catcher","Meat on the Bone","Thread and Needle","Pantograph","Inserter","Pocketwatch","StoneCalendar","WingedGreaves","Sundial","Bag of Preparation","Gremlin Horn"],"potions_floor_usage":[16,16,24,27,40,45,50,50],"damage_taken":[{"damage":8,"enemies":"Jaw Worm","floor":1,"turns":4},{"damage":0,"enemies":"2 Louse","floor":5,"turns":3},{"damage":31,"enemies":"3 Sentries","floor":6,"turns":5},{"damage":0,"enemies":"Small Slimes","floor":8,"turns":3},{"damage":14,"enemies":"2 Fungi Beasts","floor":10,"turns":3},{"damage":36,"enemies":"Lagavulin","floor":12,"turns":4},{"damage":15,"enemies":"Exordium Thugs","floor":13,"turns":3},{"damage":0,"enemies":"Slime Boss","floor":16,"turns":4},{"damage":17,"enemies":"3 Byrds","floor":18,"turns":4},{"damage":21,"enemies":"Shell Parasite","floor":22,"turns":4},{"damage":32,"enemies":"Slavers","floor":23,"turns":4},{"damage":14,"enemies":"3 Cultists","floor":24,"turns":5},{"damage":0,"enemies":"Colosseum Slavers","floor":27,"turns":1},{"damage":5,"enemies":"Colosseum Nobs","floor":27,"turns":3},{"damage":0,"enemies":"Sentry and Sphere","floor":31,"turns":3},{"damage":71,"enemies":"Automaton","floor":33,"turns":10},{"damage":5,"enemies":"Orb Walker","floor":35,"turns":4},{"damage":0,"enemies":"Mind Bloom Boss Battle","floor":36,"turns":6},{"damage":0,"enemies":"3 Shapes","floor":39,"turns":2},{"damage":10,"enemies":"Nemesis","floor":40,"turns":5},{"damage":36,"enemies":"Spire Growth","floor":44,"turns":6},{"damage":20,"enemies":"Writhing Mass","floor":45,"turns":6},{"damage":23,"enemies":"Giant Head","floor":48,"turns":6},{"damage":36,"enemies":"Time Eater","floor":50,"turns":7}],"seed_played":"3317236800826838218","potions_obtained":[{"floor":5,"key":"GamblersBrew"},{"floor":6,"key":"GamblersBrew"},{"floor":13,"key":"SmokeBomb"},{"floor":23,"key":"Explosive Potion"},{"floor":33,"key":"LiquidBronze"},{"floor":36,"key":"FocusPotion"},{"floor":44,"key":"Block Potion"},{"floor":48,"key":"Regen Potion"}],"is_trial":false,"path_per_floor":["M","?","?","?","M","E","R","M","T","M","$","E","M","?","R","B",null,"M","?","T","$","M","E","M","R","T","?","$","?","R","M","R","B",null,"M","?","?","$","M","E","$","R","T","M","M","R","$","E","R","B",null],"character_chosen":"DEFECT","items_purchased":["Ball Lightning","Turbo","PreservedInsect","Apotheosis","Cold Snap","Good Instincts+1","Melter","Metamorphosis+1","Rip and Tear"],"campfire_rested":6,"item_purchase_floors":[11,11,11,21,21,28,28,38,38],"current_hp_per_floor":[67,60,60,57,64,40,62,69,69,62,62,33,18,18,40,40,75,65,65,65,65,51,26,19,41,41,55,55,41,65,72,72,31,80,80,80,76,76,76,76,76,76,76,50,52,74,74,61,76,45],"gold":126,"neow_bonus":"THREE_RARE_CARDS","is_prod":false,"is_daily":false,"chose_seed":false,"campfire_upgraded":2,"win_rate":0.0,"timestamp":1550971158,"path_taken":["M","?","?","?","M","E","R","M","T","M","$","E","M","?","R","BOSS","M","?","?","$","M","E","M","R","T","?","$","?","R","M","R","BOSS","M","?","?","$","M","E","$","R","T","M","M","R","$","E","R","BOSS"],"build_version":"2019-01-23","purchased_purges":1,"victory":true,"max_hp_per_floor":[75,75,75,75,75,75,75,75,75,75,75,75,75,75,75,75,75,75,75,75,75,75,75,75,75,75,75,75,80,80,80,80,80,80,80,80,76,76,76,76,76,76,76,76,76,76,76,76,76,76],"card_choices":[{"not_picked":["Buffer","Thunder Strike"],"picked":"Biased Cognition","floor":0},{"not_picked":["Blizzard","Hologram"],"picked":"Self Repair","floor":1},{"not_picked":["Coolheaded","Undo"],"picked":"Doom and Gloom","floor":5},{"not_picked":["Stack","Redo"],"picked":"Compile Driver","floor":6},{"not_picked":["Gash","Force Field","Redo"],"picked":"SKIP","floor":8},{"not_picked":["Self Repair","Lockon"],"picked":"Melter","floor":10},{"not_picked":["Steam","Conserve Battery"],"picked":"Cold Snap","floor":12},{"not_picked":["FTL","Amplify"],"picked":"Tempest","floor":13},{"not_picked":["Machine Learning","Seek"],"picked":"Rainbow","floor":16},{"not_picked":["Cold Snap","Ball Lightning"],"picked":"Coolheaded+1","floor":18},{"not_picked":["Lockon","Steam"],"picked":"Compile Driver","floor":22},{"not_picked":["Cold Snap","Leap"],"picked":"Ball Lightning","floor":23},{"not_picked":["Compile Driver+1","Cold Snap+1"],"picked":"Beam Cell","floor":24},{"not_picked":["Meteor Strike","Rebound"],"picked":"Barrage","floor":25},{"not_picked":["Redo+1","Streamline"],"picked":"Steam+1","floor":27},{"not_picked":["Barrage","Loop"],"picked":"White Noise+1","floor":30},{"not_picked":["Coolheaded+1","Go for the Eyes"],"picked":"Hologram+1","floor":31},{"not_picked":["Amplify+1","Buffer"],"picked":"Multi-Cast+1","floor":33},{"not_picked":["Ball Lightning","Fusion+1"],"picked":"Hologram+1","floor":35},{"not_picked":["Scrape","Gash"],"picked":"Double Energy+1","floor":36},{"not_picked":["Beam Cell+1","Gash"],"picked":"Sweeping Beam","floor":39},{"not_picked":["Amplify+1","Multi-Cast+1"],"picked":"Reinforced Body+1","floor":40},{"not_picked":["Lockon","Conserve Battery+1"],"picked":"White Noise+1","floor":44},{"not_picked":["Streamline","Coolheaded+1"],"picked":"Go for the Eyes+1","floor":45},{"not_picked":["Beam Cell+1","Leap+1"],"picked":"Go for the Eyes+1","floor":46},{"not_picked":["Go for the Eyes+1","Gash+1","Undo+1"],"picked":"SKIP","floor":48},{"not_picked":["Stack+1","White Noise+1"],"picked":"Barrage","floor":49}],"player_experience":27838,"relics_obtained":[{"floor":6,"key":"Tiny Chest"},{"floor":9,"key":"Letter Opener"},{"floor":12,"key":"Lantern"},{"floor":20,"key":"Shuriken"},{"floor":23,"key":"Toxic Egg 2"},{"floor":23,"key":"Dream Catcher"},{"floor":26,"key":"Meat on the Bone"},{"floor":27,"key":"Thread and Needle"},{"floor":27,"key":"Pantograph"},{"floor":36,"key":"Pocketwatch"},{"floor":40,"key":"StoneCalendar"},{"floor":40,"key":"WingedGreaves"},{"floor":43,"key":"Sundial"},{"floor":48,"key":"Bag of Preparation"},{"floor":48,"key":"Gremlin Horn"}],"event_choices":[{"cards_removed":["Injury"],"damage_healed":0,"gold_gain":0,"player_choice":"Card Removal","damage_taken":7,"max_hp_gain":0,"max_hp_loss":0,"event_name":"Golden Wing","floor":2,"gold_loss":0},{"damage_healed":0,"gold_gain":0,"player_choice":"Grow","damage_taken":0,"max_hp_gain":0,"max_hp_loss":0,"event_name":"Living Wall","floor":3,"gold_loss":0,"cards_upgraded":["Zap"]},{"damage_healed":0,"gold_gain":0,"player_choice":"Success","damage_taken":3,"relics_obtained":["MawBank"],"max_hp_gain":0,"max_hp_loss":0,"event_name":"Scrap Ooze","floor":4,"gold_loss":0},{"damage_healed":0,"gold_gain":0,"player_choice":"Ignored","damage_taken":0,"max_hp_gain":0,"max_hp_loss":0,"event_name":"Liars Game","floor":14,"gold_loss":0},{"damage_healed":0,"gold_gain":0,"player_choice":"Read","damage_taken":0,"max_hp_gain":0,"max_hp_loss":0,"event_name":"The Library","floor":19,"gold_loss":0,"cards_obtained":["Conserve Battery"]},{"damage_healed":0,"gold_gain":0,"player_choice":"Fight","damage_taken":0,"max_hp_gain":0,"max_hp_loss":0,"event_name":"Colosseum","floor":27,"gold_loss":0},{"damage_healed":0,"gold_gain":0,"player_choice":"Fought Nobs","damage_taken":0,"max_hp_gain":0,"max_hp_loss":0,"event_name":"Colosseum","floor":27,"gold_loss":0},{"damage_healed":0,"gold_gain":0,"player_choice":"Shed Blood","damage_taken":19,"max_hp_gain":5,"max_hp_loss":0,"event_name":"Forgotten Altar","floor":29,"gold_loss":0},{"damage_healed":0,"gold_gain":0,"player_choice":"Fight","damage_taken":0,"max_hp_gain":0,"max_hp_loss":0,"event_name":"MindBloom","floor":36,"gold_loss":0},{"damage_healed":0,"gold_gain":0,"player_choice":"Max HP","damage_taken":0,"max_hp_gain":0,"max_hp_loss":4,"event_name":"Winding Halls","floor":37,"gold_loss":0}],"is_beta":false,"boss_relics":[{"not_picked":["Velvet Choker","Busted Crown"],"picked":"Black Star"},{"not_picked":["Orrery","Tiny House"],"picked":"Inserter"}],"items_purged_floors":[11],"is_endless":false,"potions_floor_spawned":[5,6,13,23,33,36,44,48],"ascension_level":0}