{"gold_per_floor":[116,191,133,151,116,116,26,26,26,51,51,51,51,51,51,127,127,104,104,104],"floor_reached":20,"playtime":2549,"items_purged":[],"score":432,"play_id":"e214f3a6-a36c-485e-bdce-f856b0837aa1","local_time":"20190129080043","is_ascension_mode":true,"campfire_choices":[{"data":"Infinite Blades","floor":6.0,"key":"SMITH"},{"data":"Cloak And Dagger","floor":8.0,"key":"SMITH"},{"floor":11.0,"key":"REST"},{"floor":13.0,"key":"REST"},{"data":"Neutralize","floor":15.0,"key":"SMITH"}],"neow_cost":"NONE","seed_source_timestamp":0,"circlet_count":0,"master_deck":["AscendersBane","Defend_G","Defend_G","Defend_G","Defend_G","Defend_G","Strike_G","Strike_G","Strike_G","Strike_G","Strike_G","Survivor","Neutralize+1","Cloak And Dagger+1","Underhanded Strike","Infinite Blades+1","Infinite Blades","PiercingWail","Parasite","Injury","Writhe","Regret","Noxious Fumes"],"special_seed":0,"relics":["HoveringKite","Singing Bowl","Blue Candle","Paper Crane","Calling Bell","Regal Pillow","Molten Egg 2","Mango","FaceOfCleric"],"potions_floor_usage":[],"damage_taken":[{"damage":12.0,"enemies":"Cultist","floor":1.0,"turns":5.0},{"damage":0.0,"enemies":"Small Slimes","floor":4.0,"turns":4.0},{"damage":47.0,"enemies":"Gremlin Nob","floor":10.0,"turns":5.0},{"damage":46.0,"enemies":"Slime Boss","floor":16.0,"turns":15.0},{"damage":30,"enemies":"2 Thieves","floor":18,"turns":4},{"damage":39,"enemies":"Spheric Guardian","floor":20,"turns":7}],"seed_played":"-474868484046169226","potions_obtained":[{"floor":4.0,"key":"EssenceOfSteel"},{"floor":10.0,"key":"Weak Potion"}],"is_trial":false,"path_per_floor":["M","?","$","M","?","R","$","R","T","E","R","?","R","T","R","B",null,"M","?","M"],"character_chosen":"THE_SILENT","items_purchased":["Underhanded Strike","Infinite Blades"],"campfire_rested":2,"item_purchase_floors":[3,7],"current_hp_per_floor":[47,36,36,36,52,52,52,52,52,5,24,40,59,59,59,15,69,39,39,0],"gold":104,"neow_bonus":"BOSS_RELIC","is_prod":false,"is_daily":false,"chose_seed":false,"campfire_upgraded":3,"win_rate":0,"timestamp":1548766843,"path_taken":["M","?","$","M","?","R","?","R","T","E","R","?","R","?","R","BOSS","M","?","M"],"build_version":"2019-01-23","purchased_purges":0,"victory":false,"max_hp_per_floor":[66,66,66,66,66,66,66,66,66,66,66,66,66,66,66,68,82,82,82,82],"card_choices":[{"not_picked":["Quick Slash","Poisoned Stab"],"picked":"Cloak And Dagger","floor":1.0},{"not_picked":["Dodge and Roll","Outmaneuver"],"picked":"Infinite Blades","floor":4.0},{"not_picked":["Bane","All Out Attack"],"picked":"PiercingWail","floor":10.0},{"not_picked":["Tools of the Trade","Doppelganger","After Image"],"picked":"Singing Bowl","floor":16.0},{"not_picked":["Blade Dance","Accuracy"],"picked":"Noxious Fumes","floor":18}],"player_experience":3125919,"relics_obtained":[{"floor":9.0,"key":"Singing Bowl"},{"floor":10.0,"key":"Blue Candle"},{"floor":14.0,"key":"Paper Crane"},{"floor":17.0,"key":"Regal Pillow"},{"floor":17.0,"key":"Molten Egg 2"},{"floor":17.0,"key":"Mango"}],"event_choices":[{"damage_healed":0.0,"max_hp_gain":0.0,"max_hp_loss":0.0,"gold_gain":75.0,"event_name":"World of Goop","player_choice":"Gather Gold","floor":2.0,"gold_loss":0.0,"damage_taken":11.0},{"damage_healed":16.0,"max_hp_gain":0.0,"max_hp_loss":0.0,"gold_gain":0.0,"event_name":"The Cleric","player_choice":"Healed","floor":5.0,"gold_loss":35.0,"damage_taken":0.0},{"damage_healed":16.0,"max_hp_gain":0.0,"max_hp_loss":0.0,"gold_gain":0.0,"event_name":"Mushrooms","player_choice":"Healed and dodged fight","floor":12.0,"gold_loss":0.0,"damage_taken":0.0,"cards_obtained":["Parasite"]},{"damage_healed":0,"gold_gain":0,"player_choice":"Trade","damage_taken":0,"relics_obtained":["FaceOfCleric"],"max_hp_gain":0,"max_hp_loss":0,"event_name":"FaceTrader","floor":19,"gold_loss":0}],"is_beta":false,"boss_relics":[{"not_picked":["Sozu","Runic Dome"],"picked":"Calling Bell"}],"items_purged_floors":[],"is_endless":false,"potions_floor_spawned":[4,10],"killed_by":"Spheric Guardian","ascension_level":20}