{"gold_per_floor":[119,10,30,30,45,45,10,28,51,51,80,80,109,34,34,133,133,152,152,152,167,187,187,187,216,239,239],"floor_reached":27,"playtime":1897,"items_purged":["Strike_R"],"score":251,"play_id":"14652948-3b02-43d7-ab69-d4c9961db87c","local_time":"20190304145437","is_ascension_mode":true,"campfire_choices":[{"data":"Body Slam","floor":6,"key":"SMITH"},{"data":"Inflame","floor":10,"key":"SMITH"},{"data":"Rampage","floor":12,"key":"SMITH"},{"data":"Double Tap","floor":15,"key":"SMITH"},{"floor":23,"key":"REST"}],"neow_cost":"NONE","seed_source_timestamp":27763718300321,"circlet_count":0,"master_deck":["Strike_R","Strike_R","Strike_R","Strike_R","Defend_R","Defend_R+1","Defend_R+1","Defend_R","Bash","Double Tap+1","Cleave","Inflame+1","Rampage+1","Body Slam+1","Whirlwind","Writhe","Metallicize+1","Thunderclap+1","Clothesline","Disarm","Normality"],"relics":["Burning Blood","Strawberry","Bronze Scales","Regal Pillow","Potion Belt","Cursed Key","Ginger","War Paint"],"potions_floor_usage":[11,13,16,22,25],"damage_taken":[{"damage":20,"enemies":"Jaw Worm","floor":1,"turns":4},{"damage":6,"enemies":"2 Louse","floor":3,"turns":2},{"damage":6,"enemies":"Cultist","floor":5,"turns":3},{"damage":9,"enemies":"Large Slime","floor":8,"turns":5},{"damage":16,"enemies":"Gremlin Nob","floor":11,"turns":3},{"damage":17,"enemies":"3 Sentries","floor":13,"turns":5},{"damage":21,"enemies":"Hexaghost","floor":16,"turns":7},{"damage":5,"enemies":"3 Byrds","floor":18,"turns":3},{"damage":22,"enemies":"Shell Parasite","floor":21,"turns":4},{"damage":14,"enemies":"3 Cultists","floor":22,"turns":4},{"damage":45,"enemies":"Book of Stabbing","floor":25,"turns":5},{"damage":55,"enemies":"Slavers","floor":27,"turns":3}],"seed_played":"-6027531609049458476","potions_obtained":[{"floor":5,"key":"Block Potion"},{"floor":8,"key":"AttackPotion"},{"floor":11,"key":"Energy Potion"},{"floor":13,"key":"Fire Potion"},{"floor":18,"key":"Poison Potion"}],"is_trial":false,"path_per_floor":["M","$","M","?","M","R","?","M","T","R","E","R","E","$","R","B",null,"M","?","?","M","M","R","?","E","T","E"],"character_chosen":"IRONCLAD","items_purchased":["Inflame","Rampage"],"campfire_rested":1,"item_purchase_floors":[2,2],"current_hp_per_floor":[66,66,66,70,70,70,87,84,84,84,74,74,63,63,63,48,87,87,87,70,54,46,88,88,49,49,0],"gold":239,"neow_bonus":"ONE_RANDOM_RARE_CARD","is_prod":false,"is_daily":false,"chose_seed":false,"campfire_upgraded":4,"win_rate":0,"timestamp":1551729277,"path_taken":["M","$","M","?","M","R","?","M","T","R","E","R","E","?","R","BOSS","M","?","?","M","M","R","?","E","T","E"],"build_version":"2019-01-23","purchased_purges":1,"victory":false,"max_hp_per_floor":[80,80,80,87,87,87,87,87,87,87,87,87,87,87,87,87,87,87,87,92,92,92,92,92,92,92,92],"card_choices":[{"not_picked":["Sword Boomerang","Dropkick"],"picked":"Cleave","floor":1},{"not_picked":["Spot Weakness","Rupture"],"picked":"Body Slam","floor":3},{"not_picked":["Dual Wield","Sentinel","Intimidate"],"picked":"SKIP","floor":5},{"not_picked":["Thunderclap","Iron Wave","Flex"],"picked":"SKIP","floor":8},{"not_picked":["Spot Weakness","Clash","Anger"],"picked":"SKIP","floor":11},{"not_picked":["Body Slam","Headbutt","Combust"],"picked":"SKIP","floor":13},{"not_picked":["Flame Barrier","Disarm"],"picked":"Whirlwind","floor":18},{"not_picked":["Inflame","Combust"],"picked":"Metallicize+1","floor":21},{"not_picked":["Perfected Strike","Armaments"],"picked":"Thunderclap+1","floor":22},{"not_picked":["Flame Barrier+1","Bloodletting"],"picked":"Disarm","floor":25}],"player_experience":174989,"relics_obtained":[{"floor":9,"key":"Bronze Scales"},{"floor":11,"key":"Regal Pillow"},{"floor":13,"key":"Potion Belt"},{"floor":25,"key":"War Paint"}],"event_choices":[{"damage_healed":0,"gold_gain":0,"player_choice":"Success","damage_taken":3,"relics_obtained":["Strawberry"],"max_hp_gain":0,"max_hp_loss":0,"event_name":"Scrap Ooze","floor":4,"gold_loss":0},{"damage_healed":21,"gold_gain":0,"player_choice":"Healed","damage_taken":0,"max_hp_gain":0,"max_hp_loss":0,"event_name":"The Cleric","floor":7,"gold_loss":35},{"damage_healed":0,"gold_gain":0,"player_choice":"Opened","damage_taken":0,"relics_obtained":["Ginger"],"max_hp_gain":0,"max_hp_loss":0,"event_name":"The Mausoleum","floor":19,"gold_loss":0,"cards_obtained":["Writhe"]},{"damage_healed":0,"gold_gain":0,"player_choice":"Shed Blood","damage_taken":22,"max_hp_gain":5,"max_hp_loss":0,"event_name":"Forgotten Altar","floor":20,"gold_loss":0},{"damage_healed":0,"gold_gain":0,"player_choice":"1 cards matched","damage_taken":0,"max_hp_gain":0,"max_hp_loss":0,"event_name":"Match and Keep!","floor":24,"gold_loss":0,"cards_obtained":["Clothesline"]}],"is_beta":false,"boss_relics":[{"not_picked":["Black Blood","Fusion Hammer"],"picked":"Cursed Key"}],"items_purged_floors":[14],"is_endless":false,"potions_floor_spawned":[5,8,11,13,18],"killed_by":"Slavers","ascension_level":1}