{"gold_per_floor":[112,122,46,196,121,147,147,147,170,170,196,215,250,269,269,346,346,359,409,35,35,45,45,72,84,167,194,232,169,37,37,37,109,109,124,176,176,176,10,37,37,47,127,127,227,261,296,328,328,328,328],"floor_reached":52,"playtime":7411,"items_purged":["Doubt"],"score":2261,"play_id":"369252ef-d99f-4904-a6ae-901c8db3228e","local_time":"20190205224027","is_ascension_mode":true,"campfire_choices":[{"data":"Noxious Fumes","floor":8.0,"key":"SMITH"},{"data":"Neutralize","floor":10.0,"key":"SMITH"},{"floor":15.0,"key":"REST"},{"data":"A Thousand Cuts","floor":23.0,"key":"SMITH"},{"data":"Skewer","floor":25.0,"key":"SMITH"},{"data":"Footwork","floor":32.0,"key":"SMITH"},{"floor":41.0,"key":"REST"},{"floor":44.0,"key":"REST"},{"data":"Skewer","floor":49.0,"key":"SMITH"}],"neow_cost":"NONE","seed_source_timestamp":16550324858560,"circlet_count":0,"master_deck":["AscendersBane","Defend_G","Defend_G","Defend_G","Survivor","Neutralize+1","Poisoned Stab","PiercingWail","Noxious Fumes+1","Unload","Cloak And Dagger","Endless Agony","Distraction+1","A Thousand Cuts+1","Adrenaline+1","Wraith Form v2+1","Venomology+1","Skewer+1","Die Die Die","Dodge and Roll+1","Bouncing Flask+1","Malaise+1","Predator","Cloak And Dagger+1","Discovery+1","Footwork+1","Venomology+1","Malaise+1","Night Terror+1","Underhanded Strike+1","Backflip+1","Discovery+1","Catalyst+1","Infinite Blades","Prepared+1","Dash","Catalyst+1","All Out Attack","Skewer+1"],"special_seed":0,"relics":["Ring of the Snake","NeowsBlessing","Tough Bandages","Art of War","Juzu Bracelet","Toxic Egg 2","Astrolabe","Chemical X","FaceOfCleric","MawBank","Kunai","Blood Vial","Snecko Eye","WingedGreaves","Omamori","The Courier","Dead Branch","PreservedInsect","Snake Skull","Turnip"],"potions_floor_usage":[51],"damage_taken":[{"damage":0.0,"enemies":"Cultist","floor":1.0,"turns":1.0},{"damage":0.0,"enemies":"Jaw Worm","floor":2.0,"turns":1.0},{"damage":0.0,"enemies":"Gremlin Nob","floor":6.0,"turns":1.0},{"damage":15.0,"enemies":"3 Sentries","floor":11.0,"turns":8.0},{"damage":0.0,"enemies":"2 Louse","floor":12.0,"turns":2.0},{"damage":19.0,"enemies":"Lagavulin","floor":13.0,"turns":5.0},{"damage":3.0,"enemies":"2 Fungi Beasts","floor":14.0,"turns":3.0},{"damage":31.0,"enemies":"Slime Boss","floor":16.0,"turns":8.0},{"damage":0.0,"enemies":"Spheric Guardian","floor":18.0,"turns":5.0},{"damage":1.0,"enemies":"3 Byrds","floor":22.0,"turns":5.0},{"damage":0.0,"enemies":"Book of Stabbing","floor":24.0,"turns":5.0},{"damage":8.0,"enemies":"Centurion and Healer","floor":27.0,"turns":3.0},{"damage":3.0,"enemies":"Gremlin Leader","floor":28.0,"turns":7.0},{"damage":34.0,"enemies":"Automaton","floor":33.0,"turns":10.0},{"damage":6.0,"enemies":"3 Darklings","floor":35.0,"turns":4.0},{"damage":4.0,"enemies":"2 Orb Walkers","floor":36.0,"turns":4.0},{"damage":25.0,"enemies":"Giant Head","floor":40.0,"turns":9.0},{"damage":0.0,"enemies":"Orb Walker","floor":42.0,"turns":2.0},{"damage":0.0,"enemies":"Mind Bloom Boss Battle","floor":45.0,"turns":3.0},{"damage":0.0,"enemies":"Reptomancer","floor":46.0,"turns":5.0},{"damage":0.0,"enemies":"Giant Head","floor":47.0,"turns":8.0},{"damage":4.0,"enemies":"Reptomancer","floor":48.0,"turns":3.0},{"damage":4.0,"enemies":"Time Eater","floor":50.0,"turns":8.0},{"damage":58,"enemies":"Donu and Deca","floor":51,"turns":6}],"seed_played":"379415996434730838","potions_obtained":[{"floor":2.0,"key":"Weak Potion"},{"floor":13.0,"key":"Energy Potion"},{"floor":14.0,"key":"Regen Potion"},{"floor":22.0,"key":"GhostInAJar"},{"floor":28.0,"key":"LiquidBronze"},{"floor":40.0,"key":"GhostInAJar"},{"floor":47.0,"key":"PowerPotion"}],"is_trial":false,"path_per_floor":["M","M","$","?","$","E","?","R","T","R","E","M","E","M","R","B",null,"M","?","$","?","M","R","E","R","T","M","E","?","$","?","R","B",null,"M","?","?","?","$","E","R","M","T","R","?","E","E","E","R","B","B",null],"character_chosen":"THE_SILENT","items_purchased":["Noxious Fumes","Chemical X","Die Die Die","Discovery+1","Footwork","Catalyst+1","Infinite Blades","Prepared+1"],"campfire_rested":3,"item_purchase_floors":[3,20,20,30,30,39,39,39],"current_hp_per_floor":[59,59,59,59,59,59,64,64,64,64,49,49,30,27,48,32,61,61,61,61,61,61,61,62,62,62,67,65,65,65,65,65,34,66,63,62,62,62,62,40,63,66,66,80,81,82,83,80,80,79,24],"gold":328,"neow_bonus":"THREE_ENEMY_KILL","is_prod":false,"is_daily":false,"chose_seed":false,"campfire_upgraded":6,"win_rate":0,"timestamp":1549424427,"path_taken":["M","M","$","?","$","E","?","R","T","R","E","M","E","M","R","BOSS","M","?","$","?","M","R","E","R","T","M","E","?","?","?","R","BOSS","M","?","?","?","$","E","R","M","T","R","?","E","E","E","R","BOSS","BOSS"],"build_version":"2019-01-23","purchased_purges":1,"victory":true,"max_hp_per_floor":[66,66,66,66,66,66,71,71,71,71,71,71,71,71,71,71,71,71,71,71,71,72,72,73,73,73,74,75,75,75,75,75,76,76,77,78,78,78,78,79,79,80,80,80,81,82,83,84,84,85,86],"card_choices":[{"not_picked":["Deadly Poison","Endless Agony"],"picked":"Poisoned Stab","floor":1.0},{"not_picked":["Tactician","Prepared"],"picked":"PiercingWail","floor":2.0},{"not_picked":["Backstab","Terror"],"picked":"Crippling Poison","floor":6.0},{"not_picked":["Outmaneuver","All Out Attack"],"picked":"Unload","floor":11.0},{"not_picked":["Sucker Punch","Bouncing Flask"],"picked":"Cloak And Dagger","floor":12.0},{"not_picked":["Blade Dance","PiercingWail"],"picked":"Endless Agony","floor":13.0},{"not_picked":["Underhanded Strike","Outmaneuver+1"],"picked":"Distraction+1","floor":14.0},{"not_picked":["Tools of the Trade","Envenom"],"picked":"A Thousand Cuts","floor":16.0},{"not_picked":["Sucker Punch","PiercingWail+1"],"picked":"Skewer","floor":18.0},{"not_picked":["Bane","Crippling Poison+1"],"picked":"Dodge and Roll+1","floor":22.0},{"not_picked":["Deflect+1","Flying Knee+1"],"picked":"Bouncing Flask+1","floor":24.0},{"not_picked":["Flying Knee+1","Sucker Punch+1","Bouncing Flask+1"],"picked":"SKIP","floor":27.0},{"not_picked":["Backflip+1","Backstab"],"picked":"Malaise+1","floor":28.0},{"not_picked":["Malaise+1","Doppelganger+1"],"picked":"Night Terror+1","floor":33.0},{"not_picked":["Cloak And Dagger+1","Flechettes+1"],"picked":"Underhanded Strike+1","floor":35.0},{"not_picked":["Sucker Punch","Underhanded Strike"],"picked":"Backflip+1","floor":36.0},{"not_picked":["Deep Breath+1","Flash of Steel"],"picked":"Discovery+1","floor":38.0},{"not_picked":["Endless Agony","Dagger Throw"],"picked":"Dash","floor":40.0},{"not_picked":["Slice","Sucker Punch","Bane+1"],"picked":"SKIP","floor":42.0},{"not_picked":["Slice","Endless Agony"],"picked":"Catalyst+1","floor":45.0},{"not_picked":["Grand Finale","Cloak And Dagger+1"],"picked":"All Out Attack","floor":46.0},{"not_picked":["Terror+1","Footwork"],"picked":"Skewer","floor":47.0},{"not_picked":["Deadly Poison+1","Dagger Throw","Flying Knee+1"],"picked":"SKIP","floor":48.0}],"player_experience":3201704,"relics_obtained":[{"floor":6.0,"key":"Tough Bandages"},{"floor":9.0,"key":"Art of War"},{"floor":11.0,"key":"Juzu Bracelet"},{"floor":13.0,"key":"Toxic Egg 2"},{"floor":24.0,"key":"MawBank"},{"floor":26.0,"key":"Kunai"},{"floor":28.0,"key":"Blood Vial"},{"floor":36.0,"key":"WingedGreaves"},{"floor":40.0,"key":"Omamori"},{"floor":43.0,"key":"The Courier"},{"floor":45.0,"key":"Dead Branch"},{"floor":46.0,"key":"PreservedInsect"},{"floor":47.0,"key":"Snake Skull"},{"floor":48.0,"key":"Turnip"}],"event_choices":[{"damage_healed":0.0,"max_hp_gain":0.0,"max_hp_loss":0.0,"gold_gain":150.0,"event_name":"Liars Game","player_choice":"AGREE","floor":4.0,"gold_loss":0.0,"damage_taken":0.0,"cards_obtained":["Doubt"]},{"damage_healed":0.0,"max_hp_gain":5.0,"max_hp_loss":0.0,"gold_gain":0.0,"event_name":"Big Fish","player_choice":"Donut","floor":7.0,"gold_loss":0.0,"damage_taken":0.0},{"damage_healed":0.0,"max_hp_gain":0.0,"max_hp_loss":0.0,"gold_gain":50.0,"event_name":"Nest","player_choice":"Stole From Cult","floor":19.0,"gold_loss":0.0,"damage_taken":0.0},{"damage_healed":0.0,"max_hp_gain":0.0,"max_hp_loss":0.0,"gold_gain":0.0,"event_name":"FaceTrader","player_choice":"Trade","floor":21.0,"gold_loss":0.0,"damage_taken":0.0,"relics_obtained":["FaceOfCleric"]},{"damage_healed":0.0,"max_hp_gain":0.0,"max_hp_loss":0.0,"gold_gain":0.0,"cards_transformed":["Strike_G","Strike_G"],"event_name":"Designer","player_choice":"Transformed Cards","floor":29.0,"gold_loss":75.0,"damage_taken":0.0,"cards_obtained":["Predator","Cloak And Dagger"]},{"damage_healed":0.0,"max_hp_gain":0.0,"max_hp_loss":0.0,"gold_gain":0.0,"cards_transformed":["Defend_G","Defend_G"],"event_name":"Drug Dealer","player_choice":"Became Test Subject","floor":31.0,"gold_loss":0.0,"damage_taken":0.0,"cards_obtained":["Venomology","Malaise"]},{"damage_healed":0.0,"max_hp_gain":0.0,"max_hp_loss":0.0,"gold_gain":0.0,"event_name":"Mysterious Sphere","player_choice":"Fight","floor":36.0,"gold_loss":0.0,"damage_taken":0.0},{"cards_removed":["Crippling Poison"],"damage_healed":0.0,"max_hp_gain":0.0,"max_hp_loss":0.0,"gold_gain":0.0,"event_name":"Falling","player_choice":"Removed Skill","floor":37.0,"gold_loss":0.0,"damage_taken":0.0},{"damage_healed":0.0,"max_hp_gain":0.0,"max_hp_loss":0.0,"gold_gain":0.0,"event_name":"SensoryStone","player_choice":"Memory 1","floor":38.0,"gold_loss":0.0,"damage_taken":0.0},{"damage_healed":0.0,"max_hp_gain":0.0,"max_hp_loss":0.0,"gold_gain":0.0,"event_name":"MindBloom","player_choice":"Fight","floor":45.0,"gold_loss":0.0,"damage_taken":0.0}],"is_beta":false,"boss_relics":[{"not_picked":["Orrery","Black Star"],"picked":"Astrolabe"},{"not_picked":["Calling Bell","Fusion Hammer"],"picked":"Snecko Eye"}],"items_purged_floors":[5],"is_endless":false,"potions_floor_spawned":[2,13,14,22,24,28,35,40,47],"ascension_level":20}