{"gold_per_floor":[111,111,111,126,126,126,167,185,232,250,263,278,278,302,302,431,431,454,454,454,473,488,488,523,523,550,565,585,45,63,87,87,87],"floor_reached":33,"playtime":1814,"items_purged":["Strike_R"],"score":352,"play_id":"008446c2-895d-4c41-84e2-63af28209a3f","local_time":"20190313120842","is_ascension_mode":true,"campfire_choices":[{"floor":6,"key":"REST"},{"data":"Heavy Blade","floor":13,"key":"SMITH"},{"floor":15,"key":"REST"},{"floor":23,"key":"REST"},{"floor":25,"key":"REST"},{"floor":32,"key":"REST"}],"neow_cost":"NONE","seed_source_timestamp":815962129939802,"circlet_count":0,"master_deck":["Strike_R","Strike_R","Strike_R","Defend_R","Defend_R","Defend_R","Defend_R","Bash+1","Spot Weakness+1","Iron Wave","Heavy Blade+1","Metallicize","Shrug It Off","Flex","Feed","True Grit","Demon Form","Battle Trance","Heavy Blade","Clothesline+1","Power Through+1","Inflame"],"relics":["Burning Blood","Golden Idol","Strawberry","Omamori","Velvet Choker","Lantern","Vajra","Blood Vial","Self Forming Clay","Ancient Tea Set"],"potions_floor_usage":[4,12,16,16,22,28],"damage_taken":[{"damage":11,"enemies":"Small Slimes","floor":1,"turns":4},{"damage":6,"enemies":"Cultist","floor":4,"turns":3},{"damage":62,"enemies":"Lagavulin","floor":7,"turns":8},{"damage":6,"enemies":"Jaw Worm","floor":8,"turns":4},{"damage":1,"enemies":"Exordium Thugs","floor":10,"turns":4},{"damage":0,"enemies":"Exordium Wildlife","floor":11,"turns":3},{"damage":2,"enemies":"Gremlin Gang","floor":12,"turns":5},{"damage":13,"enemies":"Exordium Thugs","floor":14,"turns":5},{"damage":45,"enemies":"Slime Boss","floor":16,"turns":13},{"damage":38,"enemies":"2 Thieves","floor":18,"turns":5},{"damage":16,"enemies":"Spheric Guardian","floor":21,"turns":4},{"damage":19,"enemies":"Snake Plant","floor":22,"turns":4},{"damage":38,"enemies":"Book of Stabbing","floor":24,"turns":6},{"damage":28,"enemies":"Shelled Parasite and Fungi","floor":27,"turns":5},{"damage":0,"enemies":"Cultist and Chosen","floor":28,"turns":4},{"damage":10,"enemies":"Centurion and Healer","floor":30,"turns":5},{"damage":68,"enemies":"Champ","floor":33,"turns":6}],"seed_played":"6059231114514893078","potions_obtained":[{"floor":1,"key":"BloodPotion"},{"floor":7,"key":"Block Potion"},{"floor":8,"key":"Poison Potion"},{"floor":11,"key":"Energy Potion"},{"floor":21,"key":"Block Potion"},{"floor":27,"key":"EssenceOfSteel"}],"is_trial":false,"path_per_floor":["M","?","?","M","?","R","E","M","T","M","M","M","R","M","R","B",null,"M","?","?","M","M","R","E","R","T","M","M","$","M","T","R","B"],"character_chosen":"IRONCLAD","items_purchased":["Blood Vial","Self Forming Clay","Inflame"],"campfire_rested":5,"item_purchase_floors":[29,29,29],"current_hp_per_floor":[67,47,40,48,48,72,23,23,23,28,34,38,38,31,57,18,70,38,38,38,28,15,41,9,35,35,13,22,22,23,23,50,0],"gold":87,"neow_bonus":"UPGRADE_CARD","is_prod":false,"is_daily":false,"chose_seed":false,"campfire_upgraded":1,"win_rate":0,"timestamp":1552493322,"path_taken":["M","?","?","M","?","R","E","M","T","M","M","?","R","M","R","BOSS","M","?","?","?","M","R","E","R","T","M","M","$","M","?","R","BOSS"],"build_version":"2019-01-23","purchased_purges":1,"victory":false,"max_hp_per_floor":[80,80,80,80,80,80,87,87,87,87,87,87,87,87,87,87,87,87,87,87,87,87,87,87,87,87,87,90,90,93,93,93,93],"card_choices":[{"not_picked":["Blood for Blood","Havoc","Twin Strike"],"picked":"SKIP","floor":1},{"not_picked":["Fire Breathing","Cleave"],"picked":"Spot Weakness","floor":4},{"not_picked":["Warcry","Burning Pact"],"picked":"Iron Wave","floor":7},{"not_picked":["True Grit","Warcry"],"picked":"Heavy Blade","floor":8},{"not_picked":["Carnage","Perfected Strike","Sword Boomerang"],"picked":"SKIP","floor":10},{"not_picked":["Perfected Strike","Cleave"],"picked":"Metallicize","floor":11},{"not_picked":["Sword Boomerang","Seeing Red"],"picked":"Shrug It Off","floor":12},{"not_picked":["Perfected Strike","Dark Embrace"],"picked":"Flex","floor":14},{"not_picked":["Brutality","Dark Embrace"],"picked":"Feed","floor":16},{"not_picked":["Anger","Perfected Strike"],"picked":"True Grit","floor":18},{"not_picked":["Seeing Red","Sentinel"],"picked":"Heavy Blade","floor":21},{"not_picked":["Entrench","Sword Boomerang+1"],"picked":"Clothesline+1","floor":22},{"not_picked":["Dropkick","Clash","Flex"],"picked":"SKIP","floor":24},{"not_picked":["Clash","Dual Wield","Blood for Blood"],"picked":"SKIP","floor":27},{"not_picked":["Heavy Blade","Uppercut+1"],"picked":"Power Through+1","floor":28},{"not_picked":["Clash","Cleave+1","Clothesline"],"picked":"SKIP","floor":30}],"player_experience":161936,"relics_obtained":[{"floor":7,"key":"Strawberry"},{"floor":9,"key":"Omamori"},{"floor":24,"key":"Lantern"},{"floor":26,"key":"Vajra"},{"floor":31,"key":"Ancient Tea Set"}],"event_choices":[{"damage_healed":0,"gold_gain":0,"player_choice":"Take Damage","damage_taken":20,"relics_obtained":["Golden Idol"],"max_hp_gain":0,"max_hp_loss":0,"event_name":"Golden Idol","floor":2,"gold_loss":0},{"cards_removed":["Strike_R"],"damage_healed":0,"gold_gain":0,"player_choice":"Card Removal","damage_taken":7,"max_hp_gain":0,"max_hp_loss":0,"event_name":"Golden Wing","floor":3,"gold_loss":0},{"damage_healed":0,"gold_gain":0,"player_choice":"Forge","damage_taken":0,"max_hp_gain":0,"max_hp_loss":0,"event_name":"Accursed Blacksmith","floor":5,"gold_loss":0,"cards_upgraded":["Spot Weakness"]},{"damage_healed":0,"gold_gain":0,"player_choice":"Ignored","damage_taken":0,"max_hp_gain":0,"max_hp_loss":0,"event_name":"Ghosts","floor":19,"gold_loss":0},{"damage_healed":0,"gold_gain":0,"player_choice":"2 cards matched","damage_taken":0,"max_hp_gain":0,"max_hp_loss":0,"event_name":"Match and Keep!","floor":20,"gold_loss":0,"cards_obtained":["Demon Form","Battle Trance"]}],"is_beta":false,"boss_relics":[{"not_picked":["Pandora\u0027s Box","Cursed Key"],"picked":"Velvet Choker"}],"items_purged_floors":[29],"is_endless":false,"potions_floor_spawned":[1,7,8,11,21,27],"killed_by":"Champ","ascension_level":6}