{"gold_per_floor":[117,117,192,208,228,228,118,118,118,137,137,12,37,55,55,180,180,198,231,256,281,300,152,152,172,218,241,241,265,278,128,128,258,258,272,272,272,288,288],"floor_reached":39,"playtime":1782,"items_purged":["Strike_B","Strike_B","Strike_B","Strike_B"],"score":375,"play_id":"745ec8fb-ea49-4ba1-aff5-e50b6d6aefd0","local_time":"20190223211630","is_ascension_mode":false,"campfire_choices":[{"data":"Ball Lightning","floor":6,"key":"SMITH"},{"data":"Zap","floor":11,"key":"SMITH"},{"data":"Barrage","floor":15,"key":"SMITH"},{"data":"Barrage","floor":24,"key":"SMITH"},{"data":"Capacitor","floor":28,"key":"SMITH"},{"floor":32,"key":"REST"}],"neow_cost":"NONE","seed_source_timestamp":35604854876000,"circlet_count":0,"master_deck":["Defend_B","Defend_B","Defend_B","Zap+1","Dualcast","Ball Lightning+1","Beam Cell","Capacitor+1","Barrage+1","Conserve Battery","Ball Lightning","Electrodynamics","Barrage+1","Ball Lightning+1","Echo Form","Hologram"],"relics":["Cracked Core","NeowsBlessing","Golden Idol","Sundial","Sozu","Red Mask","Ancient Tea Set","Vajra","Cursed Key"],"potions_floor_usage":[33],"damage_taken":[{"damage":0,"enemies":"Cultist","floor":1,"turns":1},{"damage":0,"enemies":"Small Slimes","floor":4,"turns":1},{"damage":0,"enemies":"Jaw Worm","floor":5,"turns":1},{"damage":1,"enemies":"Exordium Thugs","floor":10,"turns":3},{"damage":0,"enemies":"Gremlin Gang","floor":13,"turns":4},{"damage":12,"enemies":"Large Slime","floor":14,"turns":5},{"damage":24,"enemies":"Hexaghost","floor":16,"turns":6},{"damage":0,"enemies":"Chosen","floor":18,"turns":3},{"damage":10,"enemies":"Masked Bandits","floor":19,"turns":2},{"damage":17,"enemies":"Spheric Guardian","floor":21,"turns":4},{"damage":3,"enemies":"Snecko","floor":22,"turns":4},{"damage":9,"enemies":"Centurion and Healer","floor":25,"turns":5},{"damage":0,"enemies":"3 Cultists","floor":27,"turns":4},{"damage":0,"enemies":"Snake Plant","floor":29,"turns":3},{"damage":0,"enemies":"Centurion and Healer","floor":30,"turns":4},{"damage":48,"enemies":"Champ","floor":33,"turns":8},{"damage":21,"enemies":"3 Darklings","floor":35,"turns":3},{"damage":12,"enemies":"Orb Walker","floor":38,"turns":3},{"damage":44,"enemies":"Writhing Mass","floor":39,"turns":4}],"seed_played":"1464436827245849146","potions_obtained":[{"floor":4,"key":"Dexterity Potion"},{"floor":5,"key":"Explosive Potion"},{"floor":10,"key":"Energy Potion"}],"is_trial":false,"path_per_floor":["?","?","M","?","$","M","?","T","M","M","?","?","M"],"character_chosen":"DEFECT","items_purchased":["Capacitor","Conserve Battery","Barrage"],"campfire_rested":1,"item_purchase_floors":[7,12,23],"current_hp_per_floor":[75,69,58,58,58,58,58,58,58,57,57,57,57,45,45,21,69,69,59,59,42,39,39,39,30,30,30,30,30,30,30,50,2,69,48,48,48,36,0],"gold":288,"neow_bonus":"THREE_ENEMY_KILL","is_prod":false,"is_daily":false,"chose_seed":false,"campfire_upgraded":5,"win_rate":0,"timestamp":1550974590,"path_taken":["M","?","?","?","M","R","$","?","T","M","R","?","M","?","R","BOSS","M","?","?","M","M","$","R","M","T","?","R","M","?","$","R","BOSS","M","?","?","M","?"],"build_version":"2019-01-23","purchased_purges":4,"victory":false,"max_hp_per_floor":[75,69,69,69,69,69,69,69,69,69,69,69,69,69,69,69,69,69,69,69,69,69,69,69,69,69,69,69,69,69,69,69,69,69,69,69,69,69,69],"card_choices":[{"not_picked":["Conserve Battery","Redo"],"picked":"Ball Lightning","floor":1},{"not_picked":["Double Energy","Sweeping Beam","Loop"],"picked":"SKIP","floor":4},{"not_picked":["Skim","Genetic Algorithm"],"picked":"Beam Cell","floor":5},{"not_picked":["Static Discharge","Compile Driver","Steam"],"picked":"SKIP","floor":10},{"not_picked":["White Noise","Streamline","Aggregate"],"picked":"SKIP","floor":13},{"not_picked":["Chill","Coolheaded"],"picked":"Ball Lightning","floor":14},{"not_picked":["Creative AI","Meteor Strike"],"picked":"Electrodynamics","floor":16},{"not_picked":["Rebound","Coolheaded","Hologram"],"picked":"SKIP","floor":18},{"not_picked":["Rebound","Hologram","Scrape"],"picked":"SKIP","floor":21},{"not_picked":["Redo+1","Rebound","Conserve Battery"],"picked":"SKIP","floor":22},{"not_picked":["Go for the Eyes","Hologram","Rip and Tear"],"picked":"SKIP","floor":25},{"not_picked":["Steam+1","Darkness+1","Hologram"],"picked":"SKIP","floor":27},{"not_picked":["Amplify","Redo","FTL"],"picked":"SKIP","floor":29},{"not_picked":["Steam Power","Go for the Eyes"],"picked":"Ball Lightning+1","floor":30},{"not_picked":["All For One","Hyperbeam"],"picked":"Echo Form","floor":33},{"not_picked":["Turbo","Hello World+1","Aggregate+1"],"picked":"SKIP","floor":35},{"not_picked":["Double Energy","Heatsinks"],"picked":"Hologram","floor":38}],"player_experience":126015,"relics_obtained":[{"floor":9,"key":"Sundial"},{"floor":19,"key":"Red Mask"},{"floor":20,"key":"Ancient Tea Set"},{"floor":26,"key":"Vajra"}],"event_choices":[{"damage_healed":0,"gold_gain":0,"player_choice":"Lose Max HP","damage_taken":0,"relics_obtained":["Golden Idol"],"max_hp_gain":0,"max_hp_loss":6,"event_name":"Golden Idol","floor":2,"gold_loss":0},{"damage_healed":0,"gold_gain":75,"player_choice":"Gather Gold","damage_taken":11,"max_hp_gain":0,"max_hp_loss":0,"event_name":"World of Goop","floor":3,"gold_loss":0},{"damage_healed":0,"gold_gain":0,"player_choice":"1 cards matched","damage_taken":0,"max_hp_gain":0,"max_hp_loss":0,"event_name":"Match and Keep!","floor":8,"gold_loss":0,"cards_obtained":["Barrage"]},{"damage_healed":0,"gold_gain":0,"player_choice":"Fought Bandits","damage_taken":0,"max_hp_gain":0,"max_hp_loss":0,"event_name":"Masked Bandits","floor":19,"gold_loss":0},{"cards_removed":["Defend_B"],"damage_healed":0,"gold_gain":0,"player_choice":"Removed Skill","damage_taken":0,"max_hp_gain":0,"max_hp_loss":0,"event_name":"Falling","floor":36,"gold_loss":0},{"damage_healed":0,"gold_gain":0,"player_choice":"Ignored","damage_taken":0,"max_hp_gain":0,"max_hp_loss":0,"event_name":"SecretPortal","floor":37,"gold_loss":0}],"is_beta":false,"boss_relics":[{"not_picked":["Pandora\u0027s Box","Philosopher\u0027s Stone"],"picked":"Sozu"},{"not_picked":["Tiny House","Runic Pyramid"],"picked":"Cursed Key"}],"items_purged_floors":[7,12,23,31],"is_endless":false,"potions_floor_spawned":[4,5,10,16,19,22,29,33,35,38],"killed_by":"Writhing Mass","ascension_level":0}