{"gold_per_floor":[114,130,130,27,45,78,78,96,96,61,74,74,94,94,94,167,167,178,178,198,54,54,54,66,66,66,82,109,129,129,146,146,146],"floor_reached":33,"playtime":3925,"items_purged":["Strike_R"],"score":525,"play_id":"c52f4b64-8298-44b3-bd9b-1058f6dbf2f3","local_time":"20190104181010","is_ascension_mode":true,"campfire_choices":[{"data":"Whirlwind","floor":7,"key":"SMITH"},{"data":"Inflame","floor":12,"key":"SMITH"},{"data":"Disarm","floor":15,"key":"SMITH"},{"data":"Shockwave","floor":23,"key":"SMITH"},{"data":"Heavy Blade","floor":25,"key":"SMITH"},{"floor":30,"key":"REST"},{"floor":32,"key":"REST"}],"neow_cost":"NONE","seed_source_timestamp":257679501922761,"circlet_count":0,"master_deck":["AscendersBane","Strike_R","Strike_R","Strike_R","Strike_R","Defend_R","Defend_R","Defend_R","Defend_R","Pommel Strike","Thunderclap","Inflame+1","Shrug It Off","Whirlwind+1","Disarm+1","Shockwave+1","Offering","Metallicize+1","Shrug It Off","Heavy Blade+1","Flash of Steel","Feel No Pain"],"special_seed":0,"relics":["Burning Blood","NeowsBlessing","The Courier","Paper Frog","Sozu","Ancient Tea Set","Red Skull"],"potions_floor_usage":[6,16,16],"damage_taken":[{"damage":0.0,"enemies":"Cultist","floor":1.0,"turns":1.0},{"damage":0.0,"enemies":"Small Slimes","floor":2.0,"turns":1.0},{"damage":0,"enemies":"Jaw Worm","floor":5,"turns":1},{"damage":32,"enemies":"Gremlin Nob","floor":6,"turns":4},{"damage":22,"enemies":"Looter","floor":8,"turns":3},{"damage":11,"enemies":"Exordium Thugs","floor":11,"turns":3},{"damage":0,"enemies":"2 Fungi Beasts","floor":13,"turns":2},{"damage":30,"enemies":"Hexaghost","floor":16,"turns":7},{"damage":27,"enemies":"3 Byrds","floor":18,"turns":4},{"damage":8,"enemies":"2 Thieves","floor":20,"turns":2},{"damage":8,"enemies":"Cultist and Chosen","floor":24,"turns":3},{"damage":18,"enemies":"3 Cultists","floor":27,"turns":3},{"damage":23,"enemies":"Book of Stabbing","floor":28,"turns":6},{"damage":9,"enemies":"Snecko","floor":29,"turns":4},{"damage":15,"enemies":"Centurion and Healer","floor":31,"turns":4},{"damage":84,"enemies":"Automaton","floor":33,"turns":8}],"seed_played":"3864651892427580780","potions_obtained":[{"floor":1.0,"key":"Fire Potion"},{"floor":6,"key":"AttackPotion"},{"floor":13,"key":"Energy Potion"}],"is_trial":false,"path_per_floor":["M","M","?","$","M","E","R","M","T","?","M","R","M","?","R","B",null,"M","?","M","$","?","R","M","R","T","M","E","M","R","M","R","B"],"character_chosen":"IRONCLAD","items_purchased":["Inflame","Shrug It Off","Flash of Steel"],"campfire_rested":2,"item_purchase_floors":[4,4,21],"current_hp_per_floor":[74,75,75,75,75,49,49,33,33,51,46,46,52,75,75,51,69,48,48,46,46,75,75,73,73,73,61,44,41,63,54,75,0],"gold":146,"neow_bonus":"THREE_ENEMY_KILL","is_prod":false,"is_daily":false,"chose_seed":false,"campfire_upgraded":5,"win_rate":0,"timestamp":1546643410,"path_taken":["M","M","?","$","M","E","R","M","T","?","M","R","M","?","R","BOSS","M","?","?","$","?","R","M","R","T","M","E","?","R","M","R","BOSS"],"build_version":"2019-01-03v4","purchased_purges":1,"victory":false,"max_hp_per_floor":[75,75,75,75,75,75,75,75,75,75,75,75,75,75,75,75,75,75,75,75,75,75,75,75,75,75,75,75,75,75,75,75,75],"card_choices":[{"not_picked":["Corruption","Havoc"],"picked":"Spot Weakness","floor":1.0},{"not_picked":["Iron Wave","Warcry"],"picked":"Pommel Strike","floor":2.0},{"not_picked":["Cleave","Demon Form"],"picked":"Whirlwind","floor":5},{"not_picked":["Wild Strike","Hemokinesis","Dual Wield"],"picked":"SKIP","floor":6},{"not_picked":["Headbutt","Iron Wave","Rupture"],"picked":"SKIP","floor":8},{"not_picked":["Rupture","Flex"],"picked":"Disarm","floor":11},{"not_picked":["Anger","Bloodletting"],"picked":"Shockwave","floor":13},{"not_picked":["Brutality","Bludgeon"],"picked":"Offering","floor":16},{"not_picked":["Seeing Red","Twin Strike"],"picked":"Metallicize+1","floor":18},{"not_picked":["Clash","Reckless Charge"],"picked":"Heavy Blade","floor":20},{"not_picked":["Rupture","True Grit","Clash"],"picked":"SKIP","floor":24},{"not_picked":["Cleave","Hemokinesis","Perfected Strike+1"],"picked":"SKIP","floor":27},{"not_picked":["Iron Wave","Flex","Spot Weakness"],"picked":"SKIP","floor":28},{"not_picked":["Perfected Strike","Hemokinesis+1","Havoc"],"picked":"SKIP","floor":29},{"not_picked":["Pommel Strike","Shockwave"],"picked":"Feel No Pain","floor":31}],"player_experience":2791049,"relics_obtained":[{"floor":6,"key":"The Courier"},{"floor":9,"key":"Paper Frog"},{"floor":26,"key":"Ancient Tea Set"},{"floor":28,"key":"Red Skull"}],"event_choices":[{"damage_healed":0,"gold_gain":0,"cards_transformed":["Bash"],"player_choice":"Change","damage_taken":0,"max_hp_gain":0,"max_hp_loss":0,"event_name":"Living Wall","floor":3,"gold_loss":0,"cards_obtained":["Thunderclap"]},{"damage_healed":18,"gold_gain":0,"player_choice":"Healed","damage_taken":0,"max_hp_gain":0,"max_hp_loss":0,"event_name":"The Cleric","floor":10,"gold_loss":35},{"damage_healed":25,"gold_gain":0,"player_choice":"Banana","damage_taken":0,"max_hp_gain":0,"max_hp_loss":0,"event_name":"Big Fish","floor":14,"gold_loss":0},{"damage_healed":0,"gold_gain":0,"player_choice":"Copied","damage_taken":0,"max_hp_gain":0,"max_hp_loss":0,"event_name":"Duplicator","floor":19,"gold_loss":0,"cards_obtained":["Shrug It Off"]},{"cards_removed":["Spot Weakness"],"damage_healed":29,"gold_gain":0,"player_choice":"Offered Uncommon","damage_taken":0,"max_hp_gain":0,"max_hp_loss":0,"event_name":"Bonfire Elementals","floor":22,"gold_loss":0}],"is_beta":false,"boss_relics":[{"not_picked":["Velvet Choker","Astrolabe"],"picked":"Sozu"}],"items_purged_floors":[21],"is_endless":false,"potions_floor_spawned":[1,6,13,24,27,28,29,31],"killed_by":"Automaton","ascension_level":19}