{"gold_per_floor":[110,110,110,130,305,336,336,351,378,378,172,172,18,38,38,135,135,152,7,7,7,7,7,33,33,33,33,63,163,163,163,163,267,267,284,284,82,92,11,11,86,99,99,28,28,42,55,74,74,74,74,74,37,64,64],"floor_reached":55,"playtime":9745,"items_purged":["Doubt","Regret"],"score":822,"play_id":"50089ff9-a5a7-4ef0-97e3-eb543803e59a","local_time":"20190124134715","is_ascension_mode":false,"campfire_choices":[{"data":"Zap","floor":7.0,"key":"SMITH"},{"data":"Sunder","floor":10.0,"key":"SMITH"},{"data":"Defragment","floor":15.0,"key":"SMITH"},{"data":"Hologram","floor":23.0,"key":"SMITH"},{"data":"Static Discharge","floor":25.0,"key":"SMITH"},{"data":"Hyperbeam","floor":27.0,"key":"SMITH"},{"floor":32.0,"key":"REST"},{"floor":40.0,"key":"DIG"},{"floor":45.0,"key":"RECALL"},{"floor":49.0,"key":"DIG"},{"floor":52.0,"key":"DIG"}],"neow_cost":"NONE","seed_source_timestamp":110797935527809,"circlet_count":0,"master_deck":["Strike_B+1","Strike_B+1","Strike_B+1","Strike_B+1","Defend_B+1","Defend_B+1","Defend_B+1","Defend_B+1","Zap+1","Dualcast","BootSequence","Sunder+1","Static Discharge+1","Ball Lightning","Self Repair","Turbo","Coolheaded","Defragment+1","Hyperbeam+1","Genetic Algorithm","Hologram+1","Finesse","Ghostly","Ghostly","Ghostly","Ghostly","Ghostly","Blizzard+1","Cold Snap+1","Redo+1","Sweeping Beam+1","Coolheaded","Doom and Gloom","Panacea","Hologram+1","Blizzard","Capacitor+1","Melter+1","Consume"],"special_seed":0,"relics":["FrozenCore","NeowsBlessing","Happy Flower","Ancient Tea Set","Letter Opener","Prayer Wheel","PreservedInsect","Gremlin Horn","Meat on the Bone","Shovel","Dodecahedron","Cables","Enchiridion","Coffee Dripper","Lee\u0027s Waffle","Bottled Lightning","Art of War","Pantograph","Mummified Hand","Bag of Marbles"],"potions_floor_usage":[55,55,55],"damage_taken":[{"damage":0.0,"enemies":"Cultist","floor":1.0,"turns":1.0},{"damage":0.0,"enemies":"Small Slimes","floor":4.0,"turns":1.0},{"damage":0.0,"enemies":"3 Sentries","floor":6.0,"turns":1.0},{"damage":0.0,"enemies":"Jaw Worm","floor":8.0,"turns":2.0},{"damage":0.0,"enemies":"2 Fungi Beasts","floor":14.0,"turns":3.0},{"damage":16.0,"enemies":"The Guardian","floor":16.0,"turns":8.0},{"damage":8.0,"enemies":"Chosen","floor":18.0,"turns":4.0},{"damage":10.0,"enemies":"Gremlin Leader","floor":24.0,"turns":8.0},{"damage":0.0,"enemies":"Slavers","floor":28.0,"turns":5.0},{"damage":0.0,"enemies":"Colosseum Slavers","floor":29.0,"turns":4.0},{"damage":0.0,"enemies":"Colosseum Nobs","floor":29.0,"turns":4.0},{"damage":0.0,"enemies":"Collector","floor":33.0,"turns":11.0},{"damage":0.0,"enemies":"3 Darklings","floor":35.0,"turns":3.0},{"damage":0.0,"enemies":"Orb Walker","floor":38.0,"turns":5.0},{"damage":0.0,"enemies":"Jaw Worm Horde","floor":42.0,"turns":5.0},{"damage":0.0,"enemies":"Writhing Mass","floor":46.0,"turns":6.0},{"damage":0.0,"enemies":"3 Darklings","floor":47.0,"turns":4.0},{"damage":0.0,"enemies":"Jaw Worm Horde","floor":48.0,"turns":5.0},{"damage":13.0,"enemies":"Donu and Deca","floor":50.0,"turns":10.0},{"damage":23.0,"enemies":"Shield and Spear","floor":54.0,"turns":5.0},{"damage":44,"enemies":"The Heart","floor":55,"turns":9}],"seed_played":"-4155530673962230216","potions_obtained":[{"floor":1.0,"key":"GamblersBrew"},{"floor":8.0,"key":"Fire Potion"},{"floor":14.0,"key":"FocusPotion"},{"floor":24.0,"key":"SpeedPotion"},{"floor":38.0,"key":"Poison Potion"},{"floor":48.0,"key":"SteroidPotion"},{"floor":54.0,"key":"SkillPotion"}],"is_trial":false,"path_per_floor":["M","?","?","M","?","E","R","M","T","R","$","?","$","M","R","B",null,"M","$","?","?","?","R","E","R","T","R","E","?","T","?","R","B",null,"M","?","$","M","$","R","?","M","T","$","R","M","M","M","R","B",null,"R","$","E","B"],"character_chosen":"DEFECT","items_purchased":["Self Repair","Turbo","Coolheaded","Hologram","Finesse","Lee\u0027s Waffle","Panacea","Blizzard","Consume"],"campfire_rested":1,"item_purchase_floors":[11,11,13,19,19,37,39,44,53],"current_hp_per_floor":[75,68,53,53,53,53,53,53,53,53,53,53,53,60,60,51,75,67,67,37,37,37,37,34,34,34,34,37,37,37,21,32,37,37,37,35,42,42,42,42,38,42,42,42,42,42,42,42,42,36,42,42,42,38,0],"gold":64,"neow_bonus":"THREE_ENEMY_KILL","is_prod":false,"is_daily":false,"chose_seed":false,"campfire_upgraded":6,"win_rate":0,"timestamp":1548355635,"path_taken":["M","?","?","?","?","E","R","M","T","R","$","?","$","M","R","BOSS","M","$","?","?","?","R","E","R","T","R","E","?","?","?","R","BOSS","M","?","?","M","$","R","?","M","T","$","R","?","M","M","R","BOSS","R","$","E","BOSS"],"build_version":"2019-01-23","purchased_purges":2,"victory":false,"max_hp_per_floor":[75,75,75,75,75,75,75,75,75,75,75,75,75,75,75,75,75,75,75,37,37,37,37,37,37,37,37,37,37,37,37,37,37,37,37,35,42,42,42,42,42,42,42,42,42,42,42,42,42,42,42,42,42,42,42],"card_choices":[{"not_picked":["Chaos","Scrape"],"picked":"BootSequence","floor":1.0},{"not_picked":["Streamline","Beam Cell"],"picked":"Sunder","floor":4.0},{"not_picked":["Storm","Stack"],"picked":"Static Discharge","floor":6.0},{"not_picked":["Steam Power","Barrage"],"picked":"Ball Lightning","floor":8.0},{"not_picked":["Steam","Stack"],"picked":"Defragment","floor":14.0},{"not_picked":["Buffer","Creative AI"],"picked":"Hyperbeam","floor":16.0},{"not_picked":["Self Repair","Rebound+1"],"picked":"Genetic Algorithm","floor":18.0},{"not_picked":["Fusion","Beam Cell"],"picked":"Blizzard+1","floor":24.0},{"not_picked":["Coolheaded","Redo"],"picked":"Cold Snap+1","floor":28.0},{"not_picked":["Cold Snap","Biased Cognition"],"picked":"Redo+1","floor":29.0},{"not_picked":["Streamline","Hello World"],"picked":"Sweeping Beam+1","floor":35.0},{"not_picked":["Go for the Eyes","Beam Cell","Conserve Battery"],"picked":"SKIP","floor":35.0},{"not_picked":["Loop+1","Self Repair"],"picked":"Coolheaded","floor":38.0},{"not_picked":["Go for the Eyes+1","Compile Driver"],"picked":"Doom and Gloom","floor":38.0},{"not_picked":["BootSequence+1","Go for the Eyes"],"picked":"Hologram+1","floor":42.0},{"not_picked":["Genetic Algorithm","Go for the Eyes+1","Storm+1"],"picked":"SKIP","floor":42.0},{"not_picked":["Cold Snap","Leap+1"],"picked":"Capacitor+1","floor":46.0},{"not_picked":["Steam+1","Gash+1","Rainbow"],"picked":"SKIP","floor":46.0},{"not_picked":["Steam+1","Gash+1","Rainbow"],"picked":"SKIP","floor":46.0},{"not_picked":["Cold Snap","Conserve Battery+1"],"picked":"Melter+1","floor":47.0},{"not_picked":["Force Field+1","Gash","Auto Shields"],"picked":"SKIP","floor":47.0},{"not_picked":["Ball Lightning+1","Steam Power","Go for the Eyes"],"picked":"SKIP","floor":48.0},{"not_picked":["Hologram","Streamline+1","Loop"],"picked":"SKIP","floor":48.0},{"not_picked":["Compile Driver+1","Beam Cell","Heatsinks"],"picked":"SKIP","floor":54.0}],"player_experience":3071821,"relics_obtained":[{"floor":6.0,"key":"Ancient Tea Set"},{"floor":24.0,"key":"PreservedInsect"},{"floor":26.0,"key":"Gremlin Horn"},{"floor":28.0,"key":"Meat on the Bone"},{"floor":29.0,"key":"Shovel"},{"floor":29.0,"key":"Dodecahedron"},{"floor":30.0,"key":"Cables"},{"floor":31.0,"key":"Enchiridion"},{"floor":40.0,"key":"Bottled Lightning"},{"floor":43.0,"key":"Art of War"},{"floor":49.0,"key":"Pantograph"},{"floor":52.0,"key":"Mummified Hand"},{"floor":54.0,"key":"Bag of Marbles"}],"event_choices":[{"damage_healed":0.0,"max_hp_gain":0.0,"max_hp_loss":0.0,"gold_gain":0.0,"event_name":"Scrap Ooze","player_choice":"Success","floor":2.0,"gold_loss":0.0,"damage_taken":7.0,"relics_obtained":["Happy Flower"]},{"damage_healed":0.0,"max_hp_gain":0.0,"max_hp_loss":0.0,"gold_gain":0.0,"event_name":"Shining Light","player_choice":"Entered Light","floor":3.0,"gold_loss":0.0,"damage_taken":15.0,"cards_upgraded":["Defend_B","Strike_B"]},{"damage_healed":0.0,"max_hp_gain":0.0,"max_hp_loss":0.0,"gold_gain":175.0,"event_name":"Liars Game","player_choice":"AGREE","floor":5.0,"gold_loss":0.0,"damage_taken":0.0,"cards_obtained":["Doubt"]},{"damage_healed":0.0,"max_hp_gain":0.0,"max_hp_loss":0.0,"gold_gain":0.0,"event_name":"Big Fish","player_choice":"Box","floor":12.0,"gold_loss":0.0,"damage_taken":0.0,"relics_obtained":["Letter Opener"],"cards_obtained":["Regret"]},{"damage_healed":0.0,"max_hp_gain":0.0,"max_hp_loss":38.0,"gold_gain":0.0,"event_name":"Ghosts","player_choice":"Became a Ghost","floor":20.0,"gold_loss":0.0,"damage_taken":0.0,"cards_obtained":["Ghostly","Ghostly","Ghostly","Ghostly","Ghostly"]},{"damage_healed":0.0,"max_hp_gain":0.0,"max_hp_loss":0.0,"gold_gain":0.0,"event_name":"The Mausoleum","player_choice":"Opened","floor":21.0,"gold_loss":0.0,"damage_taken":0.0,"relics_obtained":["Prayer Wheel"]},{"damage_healed":0.0,"max_hp_gain":0.0,"max_hp_loss":0.0,"gold_gain":0.0,"event_name":"Back to Basics","player_choice":"Simplicity","floor":22.0,"gold_loss":0.0,"damage_taken":0.0,"cards_upgraded":["Strike_B","Strike_B","Strike_B","Defend_B","Defend_B","Defend_B"]},{"damage_healed":0.0,"max_hp_gain":0.0,"max_hp_loss":0.0,"gold_gain":0.0,"event_name":"Colosseum","player_choice":"Fight","floor":29.0,"gold_loss":0.0,"damage_taken":0.0},{"damage_healed":0.0,"max_hp_gain":0.0,"max_hp_loss":0.0,"gold_gain":0.0,"event_name":"Colosseum","player_choice":"Fought Nobs","floor":29.0,"gold_loss":0.0,"damage_taken":0.0},{"damage_healed":0.0,"max_hp_gain":0.0,"max_hp_loss":0.0,"gold_gain":0.0,"event_name":"Cursed Tome","player_choice":"Obtained Book","floor":31.0,"gold_loss":0.0,"damage_taken":16.0},{"damage_healed":0.0,"max_hp_gain":0.0,"max_hp_loss":2.0,"gold_gain":0.0,"event_name":"Winding Halls","player_choice":"Max HP","floor":36.0,"gold_loss":0.0,"damage_taken":0.0},{"damage_healed":0.0,"max_hp_gain":0.0,"max_hp_loss":0.0,"gold_gain":75.0,"event_name":"FaceTrader","player_choice":"Touch","floor":41.0,"gold_loss":0.0,"damage_taken":4.0}],"is_beta":false,"boss_relics":[{"not_picked":["Orrery","Sozu"],"picked":"FrozenCore"},{"not_picked":["Fusion Hammer","Empty Cage"],"picked":"Coffee Dripper"}],"items_purged_floors":[11,13],"is_endless":false,"potions_floor_spawned":[1,8,14,24,29,38,48,54],"killed_by":"The Heart","ascension_level":0}