{"gold_per_floor":[115,115,135,60,60,60,72,99,99,99,99,49,76,88,88,191,191,211,211,211,161,161,161,111,126,179,129,129],"floor_reached":28,"playtime":2155,"items_purged":["Defend_G","Pain","Normality"],"score":247,"play_id":"47f4db70-4996-4040-a23b-193d67da6408","local_time":"20190222130716","is_ascension_mode":false,"campfire_choices":[{"data":"Footwork","floor":6,"key":"SMITH"},{"floor":11,"key":"REST"},{"data":"Infinite Blades","floor":15,"key":"SMITH"},{"data":"Blur","floor":23,"key":"SMITH"}],"neow_cost":"NONE","seed_source_timestamp":417272516231662,"circlet_count":0,"master_deck":["Defend_G","Defend_G","Defend_G","Defend_G","Strike_G","Strike_G","Strike_G","Strike_G","Survivor","Neutralize","Acrobatics","Footwork+1","Infinite Blades+1","Blur+1","Malaise","Normality","Cloak And Dagger","Escape Plan+1"],"relics":["Ring of the Snake","NeowsBlessing","Smiling Mask","Anchor","Ninja Scroll","Juzu Bracelet","Calling Bell","Dream Catcher","Mercury Hourglass","Mango","Mummified Hand","Art of War"],"potions_floor_usage":[8,13,16,28],"damage_taken":[{"damage":0,"enemies":"Small Slimes","floor":1,"turns":1},{"damage":0,"enemies":"Cultist","floor":3,"turns":1},{"damage":0,"enemies":"2 Louse","floor":7,"turns":1},{"damage":48,"enemies":"Gremlin Nob","floor":8,"turns":7},{"damage":5,"enemies":"Lagavulin","floor":13,"turns":12},{"damage":1,"enemies":"Red Slaver","floor":14,"turns":4},{"damage":16,"enemies":"Hexaghost","floor":16,"turns":15},{"damage":19,"enemies":"Chosen","floor":18,"turns":8},{"damage":9,"enemies":"Spheric Guardian","floor":25,"turns":6},{"damage":47,"enemies":"Centurion and Healer","floor":28,"turns":22}],"seed_played":"7306282351540146138","potions_obtained":[{"floor":7,"key":"Ancient Potion"},{"floor":8,"key":"GhostInAJar"},{"floor":14,"key":"AttackPotion"},{"floor":16,"key":"Dexterity Potion"}],"is_trial":false,"path_per_floor":["M","?","M","$","T","R","M","E","T","?","R","$","E","M","R","B",null,"M","?","?","$","?","R","$","M","T","?","M"],"character_chosen":"THE_SILENT","items_purchased":["Footwork"],"campfire_rested":1,"item_purchase_floors":[4],"current_hp_per_floor":[70,70,70,70,70,70,70,22,22,22,43,43,38,37,37,21,84,65,65,65,65,49,49,49,40,40,40,0],"gold":129,"neow_bonus":"THREE_ENEMY_KILL","is_prod":false,"is_daily":false,"chose_seed":false,"campfire_upgraded":3,"win_rate":0.0,"timestamp":1550858836,"path_taken":["M","?","?","$","?","R","?","E","T","?","R","$","E","M","R","BOSS","M","?","?","?","?","R","$","M","T","?","M"],"build_version":"2019-01-23","purchased_purges":3,"victory":false,"max_hp_per_floor":[70,70,70,70,70,70,70,70,70,70,70,70,70,70,70,70,84,84,84,84,84,89,89,89,89,89,89,89],"card_choices":[{"not_picked":["Dodge and Roll","Flechettes"],"picked":"Acrobatics","floor":1},{"not_picked":["Underhanded Strike","Riddle With Holes"],"picked":"Caltrops","floor":3},{"not_picked":["Quick Slash","Deadly Poison","Eviscerate"],"picked":"SKIP","floor":7},{"not_picked":["Prepared","Finisher"],"picked":"Infinite Blades","floor":8},{"not_picked":["Acrobatics","Choke","Masterful Stab"],"picked":"SKIP","floor":13},{"not_picked":["Endless Agony","Dagger Spray"],"picked":"Blur","floor":14},{"not_picked":["Venomology","Glass Knife"],"picked":"Malaise","floor":16},{"not_picked":["Poisoned Stab+1","Backflip"],"picked":"Cloak And Dagger","floor":18},{"not_picked":["Prepared+1","Underhanded Strike"],"picked":"Escape Plan+1","floor":25}],"player_experience":69023,"relics_obtained":[{"floor":5,"key":"Smiling Mask"},{"floor":8,"key":"Anchor"},{"floor":9,"key":"Ninja Scroll"},{"floor":13,"key":"Juzu Bracelet"},{"floor":17,"key":"Dream Catcher"},{"floor":17,"key":"Mercury Hourglass"},{"floor":17,"key":"Mango"},{"floor":26,"key":"Art of War"}],"event_choices":[{"damage_healed":0,"gold_gain":0,"player_choice":"Bought 0 Potions","damage_taken":0,"max_hp_gain":0,"max_hp_loss":0,"event_name":"The Woman in Blue","floor":2,"gold_loss":0},{"damage_healed":0,"gold_gain":0,"player_choice":"Searched \u00271\u0027 times","damage_taken":0,"max_hp_gain":0,"max_hp_loss":0,"event_name":"Dead Adventurer","floor":10,"gold_loss":0},{"cards_removed":["Strike_G"],"damage_healed":0,"gold_gain":0,"player_choice":"Offered Basic","damage_taken":0,"max_hp_gain":0,"max_hp_loss":0,"event_name":"Bonfire Elementals","floor":19,"gold_loss":0},{"cards_removed":["Caltrops"],"damage_healed":0,"gold_gain":0,"player_choice":"Gave Card","damage_taken":0,"relics_obtained":["Mummified Hand"],"max_hp_gain":0,"max_hp_loss":0,"event_name":"WeMeetAgain","floor":20,"gold_loss":0},{"damage_healed":0,"gold_gain":0,"player_choice":"Shed Blood","damage_taken":21,"max_hp_gain":5,"max_hp_loss":0,"event_name":"Forgotten Altar","floor":22,"gold_loss":0},{"damage_healed":0,"gold_gain":0,"player_choice":"Bet on Owner","damage_taken":0,"max_hp_gain":0,"max_hp_loss":0,"event_name":"The Joust","floor":27,"gold_loss":50}],"is_beta":false,"boss_relics":[{"not_picked":["Ectoplasm","Busted Crown"],"picked":"Calling Bell"}],"items_purged_floors":[12,21,24],"is_endless":false,"potions_floor_spawned":[7,8,14,16],"killed_by":"Centurion and Healer","ascension_level":0}