{"gold_per_floor":[115,115,129,146,164,198,198,531,612,637,637,648,648,648,648,743,743,755,479,494,494,494,494,504,539,563,563,589,589,606,617,617,715,715,727,727,90,90,143,143,143,143,143,113,113,113,113,113,113,113,113,113,12,44,44],"floor_reached":55,"playtime":5198,"items_purged":["Writhe"],"score":752,"play_id":"cf54aa1c-c3e5-4a42-8ded-6c897e93b658","local_time":"20190314210801","is_ascension_mode":true,"campfire_choices":[{"floor":7,"key":"REST"},{"floor":13,"key":"REST"},{"floor":15,"key":"REST"},{"data":"Zap","floor":23,"key":"SMITH"},{"floor":27,"key":"REST"},{"floor":29,"key":"REST"},{"floor":32,"key":"REST"},{"floor":40,"key":"RECALL"},{"data":"Zap","floor":42,"key":"SMITH"},{"data":"Buffer","floor":47,"key":"SMITH"},{"data":"Redo","floor":49,"key":"SMITH"},{"data":"Chrysalis","floor":52,"key":"SMITH"}],"neow_cost":"NONE","seed_source_timestamp":11896812507143,"circlet_count":0,"master_deck":["Strike_B","Strike_B","Defend_B","Defend_B","Zap+1","Dualcast","Thunder Strike","Sweeping Beam","Streamline","Ball Lightning","Melter","Skim","Compile Driver","Cold Snap","Buffer+1","Echo Form","Leap","Conserve Battery","Loop+1","Storm","All For One","Consume","Hologram+1","Redo+1","Turbo+1","Redo+1","Ball Lightning+1","Self Repair","Coolheaded","Chrysalis+1","Hologram+1","Zap+1","Capacitor"],"relics":["FrozenCore","Boot","Old Coin","Pear","Juzu Bracelet","Cables","Question Card","Enchiridion","Regal Pillow","Pantograph","Cursed Key","Bag of Marbles","FossilizedHelix","Unceasing Top","Pen Nib"],"potions_floor_usage":[4,6,12,16,20,25,25,33,33,48,54,55,55,55],"damage_taken":[{"damage":0,"enemies":"Jaw Worm","floor":1,"turns":3},{"damage":0,"enemies":"Cultist","floor":3,"turns":3},{"damage":0,"enemies":"2 Louse","floor":4,"turns":2},{"damage":10,"enemies":"Looter","floor":5,"turns":2},{"damage":31,"enemies":"Lagavulin","floor":6,"turns":5},{"damage":28,"enemies":"Gremlin Nob","floor":8,"turns":4},{"damage":31,"enemies":"3 Sentries","floor":10,"turns":5},{"damage":2,"enemies":"Blue Slaver","floor":12,"turns":3},{"damage":52,"enemies":"The Guardian","floor":16,"turns":9},{"damage":6,"enemies":"Chosen","floor":18,"turns":4},{"damage":6,"enemies":"3 Byrds","floor":20,"turns":3},{"damage":14,"enemies":"Centurion and Healer","floor":24,"turns":8},{"damage":42,"enemies":"Slavers","floor":25,"turns":4},{"damage":36,"enemies":"Book of Stabbing","floor":28,"turns":6},{"damage":26,"enemies":"3 Cultists","floor":30,"turns":5},{"damage":0,"enemies":"Snecko","floor":31,"turns":3},{"damage":46,"enemies":"Automaton","floor":33,"turns":8},{"damage":14,"enemies":"Orb Walker","floor":35,"turns":4},{"damage":48,"enemies":"2 Orb Walkers","floor":39,"turns":5},{"damage":0,"enemies":"3 Shapes","floor":48,"turns":1},{"damage":101,"enemies":"Awakened One","floor":50,"turns":12},{"damage":51,"enemies":"Shield and Spear","floor":54,"turns":6},{"damage":74,"enemies":"The Heart","floor":55,"turns":6}],"seed_played":"4311297028876045555","potions_obtained":[{"floor":2,"key":"FairyPotion"},{"floor":2,"key":"SneckoOil"},{"floor":2,"key":"Weak Potion"},{"floor":4,"key":"Fruit Juice"},{"floor":5,"key":"Dexterity Potion"},{"floor":6,"key":"Weak Potion"},{"floor":16,"key":"LiquidBronze"},{"floor":18,"key":"EssenceOfSteel"},{"floor":20,"key":"Dexterity Potion"},{"floor":30,"key":"Explosive Potion"},{"floor":31,"key":"AttackPotion"},{"floor":44,"key":"SpeedPotion"},{"floor":44,"key":"SmokeBomb"},{"floor":54,"key":"Block Potion"}],"is_trial":false,"path_per_floor":["M","?","M","M","M","E","R","E","T","E","?","M","R","?","R","B",null,"M","$","M","?","?","R","M","E","T","R","E","R","M","M","R","B",null,"M","?","$","?","?","R","?","R","T","?","?","?","R","M","R","B",null,"R","$","E","B"],"character_chosen":"DEFECT","items_purchased":["Question Card","Conserve Battery","Bag of Marbles","Self Repair","Coolheaded","FossilizedHelix","Dexterity Potion","Weak Potion"],"campfire_rested":6,"item_purchase_floors":[19,19,37,37,37,37,53,53],"current_hp_per_floor":[75,75,75,80,70,39,63,35,45,14,11,9,36,36,63,11,90,84,84,78,62,62,62,48,6,6,48,12,54,28,28,70,44,90,76,90,90,90,56,56,56,56,56,56,56,56,56,63,63,9,90,90,90,46,0],"gold":44,"neow_bonus":"ONE_RANDOM_RARE_CARD","is_prod":false,"is_daily":false,"chose_seed":false,"campfire_upgraded":5,"win_rate":0,"timestamp":1552612081,"path_taken":["M","?","M","?","M","E","R","E","T","E","?","M","R","?","R","BOSS","M","$","M","?","?","R","M","E","T","R","E","R","M","M","R","BOSS","M","?","$","?","?","R","?","R","T","?","?","?","R","M","R","BOSS","R","$","E","BOSS"],"build_version":"2019-01-23","purchased_purges":1,"victory":false,"max_hp_per_floor":[75,75,75,80,80,80,80,80,90,90,90,90,90,90,90,90,90,90,90,90,90,90,90,90,90,90,90,90,90,90,90,90,90,90,90,90,90,90,90,90,90,90,90,90,90,90,90,90,90,90,90,90,90,90,90],"card_choices":[{"not_picked":["Barrage","Loop"],"picked":"Sweeping Beam","floor":1},{"not_picked":["Stack","Recycle"],"picked":"Streamline","floor":3},{"not_picked":["Skim","Stack"],"picked":"Ball Lightning","floor":4},{"not_picked":["Aggregate","Streamline"],"picked":"Melter","floor":5},{"not_picked":["Reprogram","Sweeping Beam"],"picked":"Skim","floor":6},{"not_picked":["Rebound","Hologram"],"picked":"Compile Driver","floor":8},{"not_picked":["Conserve Battery","Leap"],"picked":"Cold Snap","floor":10},{"not_picked":["Scrape","Compile Driver"],"picked":"Buffer","floor":12},{"not_picked":["Rainbow","Machine Learning"],"picked":"Echo Form","floor":16},{"not_picked":["Barrage","Undo"],"picked":"Leap","floor":18},{"not_picked":["Sunder","Force Field","Streamline"],"picked":"Loop+1","floor":20},{"not_picked":["Tempest","Chill+1","Rebound"],"picked":"Consume","floor":24},{"not_picked":["Skim","Hello World","Barrage"],"picked":"Hologram+1","floor":25},{"not_picked":["Ball Lightning","Steam Power","Steam"],"picked":"Redo+1","floor":28},{"not_picked":["Leap","Blizzard","Compile Driver"],"picked":"Turbo+1","floor":30},{"not_picked":["Lockon","Sunder","Coolheaded"],"picked":"Redo","floor":31},{"not_picked":["Cold Snap","Sweeping Beam","Double Energy+1"],"picked":"Ball Lightning+1","floor":35},{"not_picked":["Panacea","Purity","Panache"],"picked":"Chrysalis","floor":38},{"not_picked":["Reprogram+1","Hello World","Coolheaded+1"],"picked":"Hologram+1","floor":39},{"not_picked":["Barrage","Reinforced Body","Conserve Battery+1"],"picked":"Capacitor","floor":54}],"player_experience":271168,"relics_obtained":[{"floor":6,"key":"Boot"},{"floor":8,"key":"Old Coin"},{"floor":9,"key":"Pear"},{"floor":10,"key":"Juzu Bracelet"},{"floor":21,"key":"Enchiridion"},{"floor":25,"key":"Regal Pillow"},{"floor":28,"key":"Pantograph"},{"floor":39,"key":"Unceasing Top"},{"floor":54,"key":"Pen Nib"}],"event_choices":[{"damage_healed":0,"gold_gain":0,"player_choice":"Got Potions","damage_taken":0,"max_hp_gain":0,"max_hp_loss":0,"event_name":"Lab","floor":2,"gold_loss":0},{"damage_healed":0,"gold_gain":0,"player_choice":"Success","damage_taken":3,"relics_obtained":["Cables"],"max_hp_gain":0,"max_hp_loss":0,"event_name":"Scrap Ooze","floor":11,"gold_loss":0},{"damage_healed":0,"gold_gain":0,"player_choice":"Ignored","damage_taken":0,"max_hp_gain":0,"max_hp_loss":0,"event_name":"Shining Light","floor":14,"gold_loss":0},{"damage_healed":0,"gold_gain":0,"player_choice":"Obtained Book","damage_taken":16,"max_hp_gain":0,"max_hp_loss":0,"event_name":"Cursed Tome","floor":21,"gold_loss":0},{"damage_healed":0,"gold_gain":0,"cards_transformed":["Strike_B","Defend_B"],"player_choice":"Became Test Subject","damage_taken":0,"max_hp_gain":0,"max_hp_loss":0,"event_name":"Drug Dealer","floor":22,"gold_loss":0,"cards_obtained":["Storm","All For One"]},{"damage_healed":23,"gold_gain":0,"player_choice":"Writhe","damage_taken":0,"max_hp_gain":0,"max_hp_loss":0,"event_name":"Winding Halls","floor":36,"gold_loss":0,"cards_obtained":["Writhe"]},{"damage_healed":0,"gold_gain":0,"player_choice":"Memory 1","damage_taken":0,"max_hp_gain":0,"max_hp_loss":0,"event_name":"SensoryStone","floor":38,"gold_loss":0},{"damage_healed":0,"gold_gain":0,"player_choice":"Fight","damage_taken":0,"max_hp_gain":0,"max_hp_loss":0,"event_name":"Mysterious Sphere","floor":39,"gold_loss":0},{"damage_healed":0,"gold_gain":0,"player_choice":"1 cards matched","damage_taken":0,"max_hp_gain":0,"max_hp_loss":0,"event_name":"Match and Keep!","floor":41,"gold_loss":0,"cards_obtained":["Zap"]},{"damage_healed":0,"gold_gain":0,"player_choice":"Bought 2 Potions","damage_taken":0,"max_hp_gain":0,"max_hp_loss":0,"event_name":"The Woman in Blue","floor":44,"gold_loss":0},{"cards_removed":["Strike_B"],"damage_healed":0,"gold_gain":0,"player_choice":"Card Removal","damage_taken":0,"max_hp_gain":0,"max_hp_loss":0,"event_name":"Wheel of Change","floor":45,"gold_loss":0},{"cards_removed":["Defend_B"],"damage_healed":0,"gold_gain":0,"player_choice":"Removed Skill","damage_taken":0,"max_hp_gain":0,"max_hp_loss":0,"event_name":"Falling","floor":46,"gold_loss":0}],"is_beta":false,"boss_relics":[{"not_picked":["Empty Cage","Black Star"],"picked":"FrozenCore"},{"not_picked":["Runic Dome","Nuclear Battery"],"picked":"Cursed Key"}],"items_purged_floors":[37],"is_endless":false,"potions_floor_spawned":[4,5,6,16,18,20,30,31,48,54],"killed_by":"The Heart","ascension_level":1}