{"gold_per_floor":[113,288,238,93,368,368,393,393,448,464,474,507,66,79,79,177,177,189,239,256,131,147,147,161,161,161,171,21,21,36,51,51,155,155,165,165,1164,1182,1182,1208,4,4,30,0,12,12,12,30,30,30],"floor_reached":51,"playtime":913,"items_purged":["Strike_R","Regret","Strike_R","Strike_R","Normality"],"score":885,"play_id":"f6b2f783-21da-4d44-badf-7e6ed7c9a7d0","local_time":"20190321015048","is_ascension_mode":false,"campfire_choices":[{"data":"Flex","floor":6,"key":"SMITH"},{"data":"Heavy Blade","floor":8,"key":"SMITH"},{"data":"Bludgeon","floor":15,"key":"SMITH"},{"data":"Bash","floor":25,"key":"SMITH"},{"data":"Burning Pact","floor":29,"key":"SMITH"},{"data":"Carnage","floor":32,"key":"SMITH"},{"data":"Limit Break","floor":46,"key":"SMITH"},{"data":"Panacea","floor":49,"key":"SMITH"}],"neow_cost":"NONE","seed_source_timestamp":59609027075971,"circlet_count":0,"master_deck":["Strike_R+1","Defend_R","Defend_R","Defend_R","Defend_R","Bash+1","Heavy Blade+1","Flex+1","Thunderclap+1","Bludgeon+1","Sword Boomerang","Pummel","Burning Pact+1","Corruption","Sever Soul","Pummel+1","Flame Barrier+1","Carnage+1","Limit Break+1","Clumsy","Offering","Shockwave","Panacea+1","Headbutt+1","Feel No Pain","Writhe","Carnage+1"],"relics":["Burning Blood","NeowsBlessing","Darkstone Periapt","Potion Belt","Centennial Puzzle","PreservedInsect","ClockworkSouvenir","Snecko Eye","Bottled Flame","Coffee Dripper","Juzu Bracelet","OrangePellets","Molten Egg 2","Regal Pillow","Whetstone","Red Mask"],"potions_floor_usage":[12,30,33,50,50,50,50,50],"damage_taken":[{"damage":0,"enemies":"Jaw Worm","floor":1,"turns":1},{"damage":1,"enemies":"3 Sentries","floor":7,"turns":2},{"damage":0,"enemies":"2 Louse","floor":10,"turns":1},{"damage":2,"enemies":"Cultist","floor":11,"turns":3},{"damage":4,"enemies":"Lagavulin","floor":12,"turns":2},{"damage":0,"enemies":"2 Fungi Beasts","floor":14,"turns":3},{"damage":0,"enemies":"Slime Boss","floor":16,"turns":5},{"damage":3,"enemies":"3 Byrds","floor":18,"turns":3},{"damage":15,"enemies":"2 Thieves","floor":20,"turns":2},{"damage":13,"enemies":"3 Cultists","floor":22,"turns":4},{"damage":7,"enemies":"Centurion and Healer","floor":24,"turns":3},{"damage":0,"enemies":"Snake Plant","floor":27,"turns":2},{"damage":17,"enemies":"Shelled Parasite and Fungi","floor":30,"turns":3},{"damage":0,"enemies":"Chosen and Byrds","floor":31,"turns":2},{"damage":24,"enemies":"Champ","floor":33,"turns":4},{"damage":5,"enemies":"3 Shapes","floor":35,"turns":3},{"damage":10,"enemies":"Orb Walker","floor":38,"turns":2},{"damage":35,"enemies":"Nemesis","floor":40,"turns":3},{"damage":0,"enemies":"3 Darklings","floor":45,"turns":2},{"damage":6,"enemies":"Maw","floor":48,"turns":3},{"damage":26,"enemies":"Donu and Deca","floor":50,"turns":3}],"seed_played":"-8947889835533899562","potions_obtained":[{"floor":11,"key":"Energy Potion"},{"floor":12,"key":"BloodPotion"},{"floor":16,"key":"LiquidBronze"},{"floor":24,"key":"FearPotion"},{"floor":30,"key":"LiquidBronze"},{"floor":31,"key":"Strength Potion"},{"floor":33,"key":"Regen Potion"},{"floor":40,"key":"LiquidBronze"},{"floor":48,"key":"Strength Potion"}],"is_trial":false,"path_per_floor":["M","?","?","$","?","R","E","R","T","M","M","E","$","M","R","B",null,"M","?","M","$","M","$","M","R","T","M","$","R","M","M","R","B",null,"M","?","?","M","?","E","$","?","T","?","M","R","?","M","R","B",null],"character_chosen":"IRONCLAD","items_purchased":["Flex","Thunderclap","PreservedInsect","ClockworkSouvenir","OrangePellets","Offering","Molten Egg 2","Regal Pillow","Shockwave","Panacea","Headbutt+1","Feel No Pain"],"campfire_rested":0,"item_purchase_floors":[4,4,13,13,41,41,41,41,41,41,41,41],"current_hp_per_floor":[80,80,80,80,80,80,80,80,80,80,80,80,80,80,80,80,80,80,80,71,71,64,64,63,63,63,69,69,69,66,72,72,54,80,80,80,92,88,94,65,65,65,65,65,71,71,102,102,102,87],"gold":30,"neow_bonus":"THREE_ENEMY_KILL","is_prod":false,"is_daily":false,"chose_seed":false,"campfire_upgraded":8,"win_rate":0,"timestamp":1553154648,"path_taken":["M","?","?","$","?","R","E","R","T","?","M","E","$","M","R","BOSS","M","?","M","$","?","$","M","R","T","M","$","R","M","M","R","BOSS","M","?","?","M","?","E","$","?","T","?","M","R","?","M","R","BOSS"],"build_version":"2019-01-23","purchased_purges":5,"victory":true,"max_hp_per_floor":[80,80,80,80,80,80,80,80,80,80,80,80,80,80,80,80,80,80,80,80,80,80,80,80,80,80,80,80,80,80,80,80,80,80,80,80,92,92,98,98,98,98,98,98,98,98,104,104,104,104],"card_choices":[{"not_picked":["Perfected Strike","Dropkick"],"picked":"Heavy Blade","floor":1},{"not_picked":["Clash","Wild Strike"],"picked":"Bludgeon","floor":7},{"not_picked":["Wild Strike","Entrench","True Grit"],"picked":"SKIP","floor":10},{"not_picked":["Armaments","Intimidate"],"picked":"Sword Boomerang","floor":11},{"not_picked":["Rage","Sword Boomerang"],"picked":"Pummel","floor":12},{"not_picked":["Hemokinesis","True Grit"],"picked":"Burning Pact","floor":14},{"not_picked":["Shrug It Off","Rupture"],"picked":"Corruption","floor":18},{"not_picked":["Twin Strike","Flex"],"picked":"Sever Soul","floor":20},{"not_picked":["Sword Boomerang","Disarm"],"picked":"Pummel+1","floor":22},{"not_picked":["Wild Strike","True Grit","Rupture"],"picked":"SKIP","floor":24},{"not_picked":["Warcry","Battle Trance"],"picked":"Flame Barrier+1","floor":27},{"not_picked":["Warcry","Iron Wave"],"picked":"Carnage","floor":30},{"not_picked":["Armaments","Anger","Thunderclap"],"picked":"SKIP","floor":31},{"not_picked":["Double Tap","Brutality"],"picked":"Limit Break","floor":33},{"not_picked":["Iron Wave+1","Wild Strike+1","Thunderclap+1"],"picked":"SKIP","floor":35},{"not_picked":["Rupture","Second Wind","Searing Blow"],"picked":"SKIP","floor":38},{"not_picked":["True Grit+1","Warcry+1","Fire Breathing+1"],"picked":"SKIP","floor":40},{"not_picked":["Anger+1","Sword Boomerang+1","Headbutt+1"],"picked":"SKIP","floor":45},{"not_picked":["Anger+1","Sword Boomerang+1","Headbutt+1"],"picked":"SKIP","floor":45},{"not_picked":["Battle Trance+1","Dropkick+1"],"picked":"Carnage+1","floor":48}],"player_experience":1097828,"relics_obtained":[{"floor":7,"key":"Darkstone Periapt"},{"floor":9,"key":"Potion Belt"},{"floor":12,"key":"Centennial Puzzle"},{"floor":26,"key":"Bottled Flame"},{"floor":40,"key":"Juzu Bracelet"},{"floor":43,"key":"Whetstone"}],"event_choices":[{"damage_healed":0,"gold_gain":175,"player_choice":"AGREE","damage_taken":0,"max_hp_gain":0,"max_hp_loss":0,"event_name":"Liars Game","floor":2,"gold_loss":0,"cards_obtained":["Doubt"]},{"cards_removed":["Doubt"],"damage_healed":0,"gold_gain":0,"player_choice":"Card Removal","damage_taken":0,"max_hp_gain":0,"max_hp_loss":0,"event_name":"The Cleric","floor":3,"gold_loss":50},{"damage_healed":0,"gold_gain":275,"player_choice":"Desecrate","damage_taken":0,"max_hp_gain":0,"max_hp_loss":0,"event_name":"Golden Shrine","floor":5,"gold_loss":0,"cards_obtained":["Regret"]},{"damage_healed":0,"gold_gain":100,"player_choice":"Bet on Murderer","damage_taken":0,"max_hp_gain":0,"max_hp_loss":0,"event_name":"The Joust","floor":19,"gold_loss":50},{"cards_removed":["Strike_R"],"damage_healed":0,"gold_gain":0,"player_choice":"Removed Attack","damage_taken":0,"max_hp_gain":0,"max_hp_loss":0,"event_name":"Falling","floor":36,"gold_loss":0},{"damage_healed":0,"gold_gain":999,"player_choice":"Gold","damage_taken":0,"max_hp_gain":0,"max_hp_loss":0,"event_name":"MindBloom","floor":37,"gold_loss":0,"cards_obtained":["Normality","Normality"]},{"damage_healed":0,"gold_gain":0,"cards_transformed":["Normality"],"player_choice":"Transformed","damage_taken":0,"max_hp_gain":0,"max_hp_loss":0,"event_name":"Transmorgrifier","floor":39,"gold_loss":0,"cards_obtained":["Clumsy"]},{"damage_healed":0,"gold_gain":0,"player_choice":"Memory 1","damage_taken":0,"max_hp_gain":0,"max_hp_loss":0,"event_name":"SensoryStone","floor":42,"gold_loss":0},{"damage_healed":0,"gold_gain":0,"player_choice":"Paid","damage_taken":0,"relics_obtained":["Red Mask"],"max_hp_gain":0,"max_hp_loss":0,"event_name":"Tomb of Lord Red Mask","floor":44,"gold_loss":30},{"damage_healed":25,"gold_gain":0,"player_choice":"Writhe","damage_taken":0,"max_hp_gain":0,"max_hp_loss":0,"event_name":"Winding Halls","floor":47,"gold_loss":0,"cards_obtained":["Writhe"]}],"is_beta":false,"boss_relics":[{"not_picked":["Mark of Pain","Tiny House"],"picked":"Snecko Eye"},{"not_picked":["Orrery","Empty Cage"],"picked":"Coffee Dripper"}],"items_purged_floors":[4,13,21,28,41],"is_endless":false,"potions_floor_spawned":[11,12,16,24,30,31,33,40,48],"ascension_level":0}