{"gold_per_floor":[118,130,144,93,107,136,28,28,52,123,34,34,60,60,60,139,139,149,112,132,149,149,149,175,175,175,275,275,291,266,316,316,387,387,405,455,556,571,583,583],"floor_reached":40,"playtime":2848,"items_purged":[],"score":1193,"play_id":"b3b01c5a-9e40-49e9-9a5c-4a4eb20d2ab4","local_time":"20190111073621","is_ascension_mode":true,"campfire_choices":[{"data":"Armaments","floor":8.0,"key":"SMITH"},{"data":"Uppercut","floor":12.0,"key":"SMITH"},{"floor":15.0,"key":"REST"},{"data":"Corruption","floor":23.0,"key":"SMITH"},{"data":"Shockwave","floor":25.0,"key":"SMITH"},{"data":"Demon Form","floor":28.0,"key":"SMITH"},{"data":"Master of Strategy","floor":32.0,"key":"SMITH"}],"neow_cost":"TEN_PERCENT_HP_LOSS","seed_source_timestamp":0,"circlet_count":0,"master_deck":["AscendersBane","Strike_R+1","Strike_R+1","Strike_R+1","Strike_R+1","Defend_R+1","Defend_R+1","Defend_R+1","Defend_R+1","Bash","Master of Strategy+1","Trip","Armaments+1","Heavy Blade","Bludgeon","Headbutt","Spot Weakness","Shrug It Off","Shrug It Off","Clothesline","Uppercut+1","Shockwave+1","Demon Form+1","Heavy Blade","Corruption+1","Battle Trance","Shrug It Off","Bludgeon","Pain","Regret","Clumsy","Sever Soul+1","Sentinel"],"special_seed":0,"relics":["Burning Blood","Pen Nib","Oddly Smooth Stone","Art of War","SsserpentHead","Snecko Eye","Frozen Egg 2","Kunai","Calling Bell","Dream Catcher","Pantograph","Magic Flower","Gambling Chip"],"potions_floor_usage":[],"damage_taken":[{"damage":6.0,"enemies":"Cultist","floor":1.0,"turns":3.0},{"damage":2.0,"enemies":"2 Louse","floor":2.0,"turns":3.0},{"damage":4.0,"enemies":"Small Slimes","floor":3.0,"turns":4.0},{"damage":6.0,"enemies":"Exordium Thugs","floor":5.0,"turns":4.0},{"damage":25.0,"enemies":"3 Sentries","floor":6.0,"turns":6.0},{"damage":20.0,"enemies":"Lagavulin","floor":13.0,"turns":3.0},{"damage":26.0,"enemies":"Hexaghost","floor":16.0,"turns":8.0},{"damage":0.0,"enemies":"3 Byrds","floor":18.0,"turns":3.0},{"damage":22.0,"enemies":"2 Thieves","floor":20.0,"turns":3.0},{"damage":4.0,"enemies":"3 Cultists","floor":21.0,"turns":3.0},{"damage":0.0,"enemies":"Gremlin Leader","floor":24.0,"turns":4.0},{"damage":4.0,"enemies":"Snake Plant","floor":29.0,"turns":3.0},{"damage":63.0,"enemies":"Champ","floor":33.0,"turns":10.0},{"damage":10.0,"enemies":"Orb Walker","floor":35.0,"turns":3.0},{"damage":28.0,"enemies":"2 Orb Walkers","floor":37.0,"turns":4.0},{"damage":16.0,"enemies":"3 Shapes","floor":38.0,"turns":4.0},{"damage":16.0,"enemies":"Jaw Worm Horde","floor":39.0,"turns":3.0},{"damage":0,"enemies":"Nemesis","floor":40,"turns":1}],"seed_played":"-2032389803751007305","potions_obtained":[{"floor":1.0,"key":"Fire Potion"},{"floor":3.0,"key":"Poison Potion"},{"floor":13.0,"key":"PowerPotion"},{"floor":18.0,"key":"BloodPotion"},{"floor":21.0,"key":"Regen Potion"},{"floor":33.0,"key":"AttackPotion"},{"floor":37.0,"key":"PowerPotion"}],"is_trial":false,"path_per_floor":["M","M","M","$","M","E","$","R","T","?","$","R","E","?","R","B",null,"M","$","M","M","$","R","E","R","T","?","R","M","?","?","R","B",null,"M","?","?","M","M","E"],"character_chosen":"IRONCLAD","items_purchased":["Headbutt","Shrug It Off","Clothesline","Uppercut","Corruption"],"campfire_rested":1,"item_purchase_floors":[4,7,7,11,19],"current_hp_per_floor":[68,68,68,68,68,49,49,49,49,49,49,49,35,35,55,35,60,66,66,50,52,52,52,68,68,68,68,68,68,68,68,68,17,55,54,54,35,28,21,21],"gold":583,"neow_bonus":"RANDOM_COLORLESS_2","is_prod":false,"is_daily":false,"chose_seed":false,"campfire_upgraded":6,"win_rate":0,"timestamp":1547210181,"path_taken":["M","M","?","$","M","E","?","R","T","?","$","R","E","?","R","BOSS","M","$","M","M","$","R","E","R","T","?","R","M","?","?","R","BOSS","M","?","?","M","M","E"],"build_version":"2019-01-10","purchased_purges":0,"victory":false,"max_hp_per_floor":[68,68,68,68,68,68,68,68,68,68,68,68,68,68,68,68,68,68,68,68,68,68,68,68,68,68,68,68,68,68,68,68,68,68,68,65,65,65,65,65],"card_choices":[{"not_picked":["Wild Strike","Power Through"],"picked":"Armaments","floor":1.0},{"not_picked":["Wild Strike","Anger"],"picked":"Heavy Blade","floor":2.0},{"not_picked":["Sever Soul","Iron Wave"],"picked":"Bludgeon","floor":3.0},{"not_picked":["Pommel Strike","Clothesline"],"picked":"Spot Weakness","floor":5.0},{"not_picked":["Twin Strike","Warcry"],"picked":"Shrug It Off","floor":6.0},{"not_picked":["Warcry","Flex"],"picked":"Shockwave","floor":13.0},{"not_picked":["Immolate","Double Tap"],"picked":"Demon Form","floor":16.0},{"not_picked":["Pommel Strike","Hemokinesis"],"picked":"Heavy Blade","floor":18.0},{"not_picked":["Pummel","Clash"],"picked":"Battle Trance","floor":20.0},{"not_picked":["Warcry","Body Slam","True Grit"],"picked":"SKIP","floor":21.0},{"not_picked":["True Grit","Heavy Blade"],"picked":"Shrug It Off","floor":24.0},{"not_picked":["Hemokinesis","Blood for Blood","Anger"],"picked":"SKIP","floor":29.0},{"not_picked":["Berserk+1","Double Tap"],"picked":"Bludgeon","floor":33.0},{"not_picked":["Havoc","Warcry+1","Rampage"],"picked":"SKIP","floor":35.0},{"not_picked":["Disarm+1","Warcry+1"],"picked":"Sever Soul+1","floor":37.0},{"not_picked":["Blood for Blood","Wild Strike"],"picked":"Sentinel","floor":38.0},{"not_picked":["Havoc","Clash+1","Perfected Strike"],"picked":"SKIP","floor":39.0}],"player_experience":2868159,"relics_obtained":[{"floor":6.0,"key":"Pen Nib"},{"floor":9.0,"key":"Oddly Smooth Stone"},{"floor":13.0,"key":"Art of War"},{"floor":24.0,"key":"Frozen Egg 2"},{"floor":26.0,"key":"Kunai"},{"floor":34.0,"key":"Dream Catcher"},{"floor":34.0,"key":"Pantograph"},{"floor":34.0,"key":"Magic Flower"},{"floor":37.0,"key":"Gambling Chip"}],"event_choices":[{"damage_healed":0.0,"max_hp_gain":0.0,"max_hp_loss":0.0,"gold_gain":71.0,"event_name":"Golden Wing","player_choice":"Gained Gold","floor":10.0,"gold_loss":0.0,"damage_taken":0.0},{"damage_healed":0.0,"max_hp_gain":0.0,"max_hp_loss":0.0,"gold_gain":0.0,"event_name":"FaceTrader","player_choice":"Trade","floor":14.0,"gold_loss":0.0,"damage_taken":0.0,"relics_obtained":["SsserpentHead"]},{"damage_healed":0.0,"max_hp_gain":0.0,"max_hp_loss":0.0,"gold_gain":50.0,"event_name":"Nest","player_choice":"Stole From Cult","floor":27.0,"gold_loss":0.0,"damage_taken":0.0},{"cards_removed":["Strike_R"],"damage_healed":0.0,"max_hp_gain":0.0,"max_hp_loss":0.0,"gold_gain":0.0,"event_name":"Beggar","player_choice":"Gave Gold","floor":30.0,"gold_loss":75.0,"damage_taken":0.0},{"damage_healed":0.0,"max_hp_gain":0.0,"max_hp_loss":0.0,"gold_gain":0.0,"event_name":"Back to Basics","player_choice":"Simplicity","floor":31.0,"gold_loss":0.0,"damage_taken":0.0,"cards_upgraded":["Strike_R","Strike_R","Strike_R","Strike_R","Defend_R","Defend_R","Defend_R","Defend_R"]},{"damage_healed":0.0,"max_hp_gain":0.0,"max_hp_loss":3.0,"gold_gain":0.0,"event_name":"Winding Halls","player_choice":"Max HP","floor":36.0,"gold_loss":0.0,"damage_taken":0.0},{"damage_healed":0.0,"max_hp_gain":0.0,"max_hp_loss":0.0,"gold_gain":0.0,"event_name":"Mysterious Sphere","player_choice":"Fight","floor":37.0,"gold_loss":0.0,"damage_taken":0.0}],"is_beta":false,"boss_relics":[{"not_picked":["Mark of Pain","Busted Crown"],"picked":"Snecko Eye"},{"not_picked":["Black Star","Pandora\u0027s Box"],"picked":"Calling Bell"}],"items_purged_floors":[],"is_endless":false,"potions_floor_spawned":[1,3,13,18,21,33,37],"killed_by":"Nemesis","ascension_level":19}