{"gold_per_floor":[119,4,4,19,30,30,42,76,130,130,130,130,130,150,150,150],"floor_reached":16,"playtime":752,"items_purged":["Strike_R"],"score":100,"play_id":"592fadfa-8440-4be1-a049-baa5f7bd2089","local_time":"20190307130602","is_ascension_mode":false,"campfire_choices":[{"data":"Combust","floor":6,"key":"SMITH"},{"data":"Cleave","floor":10,"key":"SMITH"},{"data":"Pommel Strike","floor":13,"key":"SMITH"},{"data":"Inflame","floor":15,"key":"SMITH"}],"neow_cost":"NONE","seed_source_timestamp":697718397663223,"circlet_count":0,"master_deck":["Strike_R","Strike_R","Strike_R","Strike_R","Defend_R","Defend_R","Defend_R","Defend_R","Bash","Limit Break","Shrug It Off","Combust+1","Iron Wave","Pommel Strike+1","Cleave+1","Inflame+1"],"relics":["Burning Blood","Meat on the Bone","Oddly Smooth Stone"],"potions_floor_usage":[8],"damage_taken":[{"damage":1,"enemies":"2 Louse","floor":1,"turns":3},{"damage":5,"enemies":"Small Slimes","floor":4,"turns":4},{"damage":10,"enemies":"Jaw Worm","floor":5,"turns":5},{"damage":10,"enemies":"2 Fungi Beasts","floor":7,"turns":3},{"damage":8,"enemies":"3 Sentries","floor":8,"turns":6},{"damage":17,"enemies":"Large Slime","floor":14,"turns":6},{"damage":67,"enemies":"Hexaghost","floor":16,"turns":12}],"seed_played":"-5160661931602978728","potions_obtained":[{"floor":7,"key":"Fire Potion"}],"is_trial":false,"path_per_floor":["M","$","?","M","M","R","M","E","T","R","?","?","R","M","R","B"],"character_chosen":"IRONCLAD","items_purchased":["Combust"],"campfire_rested":0,"item_purchase_floors":[2],"current_hp_per_floor":[80,80,80,80,76,76,72,70,70,70,70,75,75,64,64,0],"gold":150,"neow_bonus":"ONE_RANDOM_RARE_CARD","is_prod":false,"is_daily":false,"chose_seed":false,"campfire_upgraded":4,"win_rate":0,"timestamp":1551981962,"path_taken":["M","$","?","M","M","R","M","E","T","R","?","?","R","M","R","BOSS"],"build_version":"2019-01-23","purchased_purges":1,"victory":false,"max_hp_per_floor":[80,80,80,80,80,80,80,80,80,80,80,85,85,85,85,85],"card_choices":[{"not_picked":["Armaments","Sword Boomerang"],"picked":"Shrug It Off","floor":1},{"not_picked":["Clothesline","Havoc","Disarm"],"picked":"SKIP","floor":4},{"not_picked":["Heavy Blade","Rage"],"picked":"Iron Wave","floor":5},{"not_picked":["Blood for Blood","Entrench"],"picked":"Pommel Strike","floor":7},{"not_picked":["Sword Boomerang","Spot Weakness"],"picked":"Cleave","floor":8},{"not_picked":["Rampage","Anger"],"picked":"Inflame","floor":14}],"player_experience":89761,"relics_obtained":[{"floor":8,"key":"Meat on the Bone"},{"floor":9,"key":"Oddly Smooth Stone"}],"event_choices":[{"damage_healed":0,"gold_gain":0,"player_choice":"Ignored","damage_taken":0,"max_hp_gain":0,"max_hp_loss":0,"event_name":"Liars Game","floor":3,"gold_loss":0},{"damage_healed":0,"gold_gain":0,"player_choice":"Ignored","damage_taken":0,"max_hp_gain":0,"max_hp_loss":0,"event_name":"Golden Idol","floor":11,"gold_loss":0},{"damage_healed":0,"gold_gain":0,"player_choice":"Donut","damage_taken":0,"max_hp_gain":5,"max_hp_loss":0,"event_name":"Big Fish","floor":12,"gold_loss":0}],"is_beta":false,"boss_relics":[],"items_purged_floors":[2],"is_endless":false,"potions_floor_spawned":[7],"killed_by":"Hexaghost","ascension_level":0}