{"gold_per_floor":[366,378,394,12,31,31,66,66,66,78,110,110,110,141,141,244,244,244,154,1,1,1,1,1,1,1,1,1,1,1,1,1,1,1,1,1,0,0,0,0],"floor_reached":40,"playtime":2540,"items_purged":["Regret"],"score":570,"play_id":"f2c7b3cf-ec45-4bce-af9d-c4bdd24be40e","local_time":"20190315131537","is_ascension_mode":true,"campfire_choices":[{"data":"Carnage","floor":6,"key":"SMITH"},{"floor":12,"key":"REST"},{"floor":15,"key":"DIG"},{"data":"Whirlwind","floor":23,"key":"SMITH"},{"data":"Exhume","floor":25,"key":"SMITH"},{"floor":27,"key":"DIG"},{"floor":32,"key":"REST"}],"neow_cost":"CURSE","seed_source_timestamp":875893453312317,"circlet_count":0,"master_deck":["Strike_R","Strike_R","Defend_R","Defend_R","Defend_R","Defend_R","Bash","True Grit","Carnage+1","Sword Boomerang+1","Ghostly Armor+1","Whirlwind+1","Pommel Strike","Shrug It Off+1","Sword Boomerang","Demon Form+1","Exhume+1","Brutality+1","Rupture+1","Headbutt","Evolve+1","Power Through","Fiend Fire","Armaments+1","Dramatic Entrance"],"relics":["Burning Blood","Pen Nib","Art of War","Boot","Gremlin Horn","Shovel","Kunai","Ancient Tea Set","Frozen Egg 2","Ectoplasm","Happy Flower","War Paint","Dream Catcher","WingedGreaves","Mark of Pain","Red Mask"],"potions_floor_usage":[7,16,18,31,31,35,39],"damage_taken":[{"damage":3,"enemies":"Small Slimes","floor":1,"turns":3},{"damage":19,"enemies":"Jaw Worm","floor":2,"turns":6},{"damage":4,"enemies":"Cultist","floor":3,"turns":3},{"damage":10,"enemies":"3 Louse","floor":5,"turns":4},{"damage":5,"enemies":"3 Sentries","floor":7,"turns":8},{"damage":3,"enemies":"Blue Slaver","floor":10,"turns":2},{"damage":18,"enemies":"Lagavulin","floor":11,"turns":6},{"damage":10,"enemies":"3 Sentries","floor":14,"turns":4},{"damage":38,"enemies":"The Guardian","floor":16,"turns":12},{"damage":0,"enemies":"2 Thieves","floor":18,"turns":1},{"damage":36,"enemies":"3 Byrds","floor":21,"turns":4},{"damage":9,"enemies":"Shelled Parasite and Fungi","floor":28,"turns":3},{"damage":5,"enemies":"Cultist and Chosen","floor":29,"turns":4},{"damage":22,"enemies":"Book of Stabbing","floor":31,"turns":4},{"damage":28,"enemies":"Automaton","floor":33,"turns":6},{"damage":16,"enemies":"3 Shapes","floor":35,"turns":3},{"damage":19,"enemies":"Orb Walker","floor":39,"turns":3},{"damage":63,"enemies":"Reptomancer","floor":40,"turns":3}],"seed_played":"4942654146649491977","potions_obtained":[{"floor":3,"key":"Fire Potion"},{"floor":7,"key":"SmokeBomb"},{"floor":14,"key":"Poison Potion"},{"floor":16,"key":"Dexterity Potion"},{"floor":28,"key":"Dexterity Potion"},{"floor":33,"key":"GamblersBrew"},{"floor":35,"key":"Swift Potion"}],"is_trial":false,"path_per_floor":["M","M","M","$","M","R","E","?","T","M","E","R","T","E","R","B",null,"M","?","$","M","$","R","?","R","T","R","M","M","$","E","R","B",null,"M","?","?","$","M","E"],"character_chosen":"IRONCLAD","items_purchased":["Pen Nib","Art of War","Happy Flower"],"campfire_rested":2,"item_purchase_floors":[4,4,20],"current_hp_per_floor":[75,62,64,64,60,60,61,61,61,64,52,76,76,72,72,40,70,76,76,76,46,46,46,46,46,46,46,43,44,44,28,52,30,68,58,58,58,58,45,0],"gold":0,"neow_bonus":"TWO_FIFTY_GOLD","is_prod":false,"is_daily":false,"chose_seed":false,"campfire_upgraded":3,"win_rate":0,"timestamp":1552670137,"path_taken":["M","M","M","$","M","R","E","?","T","M","E","R","?","E","R","BOSS","M","?","$","M","?","R","?","R","T","R","M","M","$","E","R","BOSS","M","?","?","?","M","E"],"build_version":"2019-01-23","purchased_purges":1,"victory":false,"max_hp_per_floor":[80,80,80,80,80,80,80,80,80,80,80,80,80,80,80,80,80,80,80,80,80,80,80,80,80,80,80,80,80,80,80,80,80,80,80,80,80,80,80,80],"card_choices":[{"not_picked":["Fire Breathing","Ghostly Armor"],"picked":"True Grit","floor":1},{"not_picked":["True Grit","Twin Strike"],"picked":"Carnage","floor":2},{"not_picked":["Clash","Dark Embrace"],"picked":"Sword Boomerang","floor":3},{"not_picked":["Anger","Dropkick"],"picked":"Ghostly Armor","floor":5},{"not_picked":["Warcry","Perfected Strike"],"picked":"Whirlwind","floor":7},{"not_picked":["Corruption","Havoc"],"picked":"Pommel Strike","floor":10},{"not_picked":["Iron Wave","Twin Strike"],"picked":"Shrug It Off","floor":11},{"not_picked":["Dual Wield","Clash"],"picked":"Sword Boomerang","floor":14},{"not_picked":["Juggernaut+1","Barricade+1"],"picked":"Demon Form+1","floor":16},{"not_picked":["Bloodletting+1","Intimidate+1","True Grit"],"picked":"SKIP","floor":21},{"not_picked":["Uppercut","Cleave"],"picked":"Rupture+1","floor":28},{"not_picked":["Clothesline","Wild Strike"],"picked":"Headbutt","floor":29},{"not_picked":["Headbutt+1","Havoc"],"picked":"Evolve+1","floor":31},{"not_picked":["Twin Strike+1","Berserk+1"],"picked":"Power Through","floor":32},{"not_picked":["Juggernaut+1","Berserk+1"],"picked":"Fiend Fire","floor":33},{"not_picked":["Sword Boomerang","Warcry+1"],"picked":"Armaments+1","floor":35},{"not_picked":["Secret Weapon","Metamorphosis"],"picked":"Dramatic Entrance","floor":36},{"not_picked":["Body Slam","Headbutt","Flex+1"],"picked":"SKIP","floor":39}],"player_experience":204245,"relics_obtained":[{"floor":7,"key":"Boot"},{"floor":9,"key":"Gremlin Horn"},{"floor":11,"key":"Shovel"},{"floor":13,"key":"Kunai"},{"floor":14,"key":"Ancient Tea Set"},{"floor":15,"key":"Frozen Egg 2"},{"floor":26,"key":"War Paint"},{"floor":27,"key":"Dream Catcher"},{"floor":31,"key":"WingedGreaves"}],"event_choices":[{"damage_healed":0,"gold_gain":0,"player_choice":"Ignored","damage_taken":0,"max_hp_gain":0,"max_hp_loss":0,"event_name":"Liars Game","floor":8,"gold_loss":0},{"cards_removed":["Strike_R"],"damage_healed":0,"gold_gain":0,"player_choice":"Upgrade and Remove","damage_taken":0,"max_hp_gain":0,"max_hp_loss":0,"event_name":"Designer","floor":19,"gold_loss":90,"cards_upgraded":["Sword Boomerang"]},{"damage_healed":0,"gold_gain":0,"cards_transformed":["Strike_R","Strike_R"],"player_choice":"Became Test Subject","damage_taken":0,"max_hp_gain":0,"max_hp_loss":0,"event_name":"Drug Dealer","floor":24,"gold_loss":0,"cards_obtained":["Exhume","Brutality"]},{"damage_healed":0,"gold_gain":0,"player_choice":"Memory 1","damage_taken":0,"max_hp_gain":0,"max_hp_loss":0,"event_name":"SensoryStone","floor":36,"gold_loss":0},{"damage_healed":0,"gold_gain":0,"player_choice":"Paid","damage_taken":0,"relics_obtained":["Red Mask"],"max_hp_gain":0,"max_hp_loss":0,"event_name":"Tomb of Lord Red Mask","floor":37,"gold_loss":1}],"is_beta":false,"boss_relics":[{"not_picked":["Calling Bell","Lizard Tail"],"picked":"Ectoplasm"},{"not_picked":["Orrery","Snecko Eye"],"picked":"Mark of Pain"}],"items_purged_floors":[4],"is_endless":false,"potions_floor_spawned":[3,7,14,16,18,28,33,35],"killed_by":"Reptomancer","ascension_level":7}