{"gold_per_floor":[117,117,132,0,13,13,41,41,41,59,87,87,98,110,110,205,205,216,216,235,14,94,94,126,126,126,126,126,0,0,0,0,100,100,110,159,179,195,213,213,313,341,341,341,358,371,391,70,70,70],"floor_reached":50,"playtime":5346,"items_purged":["Strike_R"],"score":709,"play_id":"45176da7-8455-4f60-90bf-9e7c80ff6c80","local_time":"20190315074713","is_ascension_mode":true,"campfire_choices":[{"data":"Carnage","floor":6,"key":"SMITH"},{"data":"Uppercut","floor":8,"key":"SMITH"},{"data":"Demon Form","floor":12,"key":"SMITH"},{"data":"Heavy Blade","floor":15,"key":"SMITH"},{"data":"Ghostly Armor","floor":23,"key":"SMITH"},{"data":"Combust","floor":25,"key":"SMITH"},{"data":"Bash","floor":27,"key":"SMITH"},{"data":"Battle Trance","floor":30,"key":"SMITH"},{"data":"Thunderclap","floor":32,"key":"SMITH"},{"data":"Entrench","floor":40,"key":"SMITH"},{"data":"Shockwave","floor":44,"key":"SMITH"},{"floor":49,"key":"REST"}],"neow_cost":"TEN_PERCENT_HP_LOSS","seed_source_timestamp":857575171707552,"circlet_count":0,"master_deck":["Strike_R","Defend_R","Defend_R","Defend_R","Bash+1","Combust+1","Entrench+1","Power Through","Uppercut+1","Evolve","Swift Strike","Carnage+1","Thunderclap+1","Demon Form+1","Heavy Blade+1","True Grit+1","Flame Barrier+1","Ghostly Armor+1","Battle Trance+1","Offering","Whirlwind+1","Shockwave+1"],"relics":["Burning Blood","Ginger","Meat on the Bone","Anchor","Velvet Choker","Bag of Preparation","Shuriken","Blue Candle","Bottled Tornado","Mark of Pain","Calipers","Gambling Chip","Smiling Mask","Singing Bowl","Oddly Smooth Stone"],"potions_floor_usage":[7,11,16,20,24,36,36,42,45,46,50,50,50],"damage_taken":[{"damage":13,"enemies":"2 Louse","floor":1,"turns":3},{"damage":17,"enemies":"Cultist","floor":3,"turns":7},{"damage":0,"enemies":"Small Slimes","floor":5,"turns":3},{"damage":17,"enemies":"3 Sentries","floor":7,"turns":5},{"damage":10,"enemies":"2 Fungi Beasts","floor":10,"turns":3},{"damage":8,"enemies":"Gremlin Nob","floor":11,"turns":3},{"damage":11,"enemies":"Looter","floor":13,"turns":3},{"damage":0,"enemies":"Exordium Wildlife","floor":14,"turns":5},{"damage":22,"enemies":"Hexaghost","floor":16,"turns":7},{"damage":5,"enemies":"Shell Parasite","floor":18,"turns":3},{"damage":16,"enemies":"Spheric Guardian","floor":20,"turns":4},{"damage":19,"enemies":"Slavers","floor":24,"turns":6},{"damage":39,"enemies":"Automaton","floor":33,"turns":7},{"damage":0,"enemies":"Orb Walker","floor":35,"turns":3},{"damage":68,"enemies":"2 Orb Walkers","floor":36,"turns":5},{"damage":2,"enemies":"3 Shapes","floor":37,"turns":4},{"damage":1,"enemies":"Sphere and 2 Shapes","floor":38,"turns":4},{"damage":24,"enemies":"4 Shapes","floor":39,"turns":4},{"damage":4,"enemies":"Mind Bloom Boss Battle","floor":41,"turns":4},{"damage":2,"enemies":"Nemesis","floor":42,"turns":5},{"damage":2,"enemies":"Transient","floor":45,"turns":5},{"damage":3,"enemies":"3 Darklings","floor":46,"turns":3},{"damage":22,"enemies":"Spire Growth","floor":47,"turns":5},{"damage":85,"enemies":"Awakened One","floor":50,"turns":5}],"seed_played":"-1570187927308532356","potions_obtained":[{"floor":1,"key":"FearPotion"},{"floor":3,"key":"FearPotion"},{"floor":10,"key":"Poison Potion"},{"floor":16,"key":"Poison Potion"},{"floor":20,"key":"Ancient Potion"},{"floor":33,"key":"SkillPotion"},{"floor":35,"key":"Regen Potion"},{"floor":37,"key":"Energy Potion"},{"floor":39,"key":"SkillPotion"},{"floor":41,"key":"Block Potion"},{"floor":42,"key":"PowerPotion"}],"is_trial":false,"path_per_floor":["M","?","M","$","M","R","E","R","T","M","E","R","M","M","R","B",null,"M","?","M","$","T","R","E","R","T","R","?","?","R","$","R","B",null,"M","?","M","M","M","R","?","E","T","R","M","M","M","$","R","B"],"character_chosen":"IRONCLAD","items_purchased":["Evolve","Swift Strike","Ghostly Armor","Bag of Preparation","Oddly Smooth Stone","BloodPotion","PowerPotion"],"campfire_rested":1,"item_purchase_floors":[4,4,21,21,48,48,48],"current_hp_per_floor":[65,58,47,47,53,53,42,42,42,50,48,48,43,49,49,45,65,66,66,56,56,56,56,43,43,43,43,43,43,43,43,43,22,60,66,25,41,46,40,40,54,58,58,58,64,69,55,55,78,0],"gold":70,"neow_bonus":"TRANSFORM_TWO_CARDS","is_prod":false,"is_daily":false,"chose_seed":false,"campfire_upgraded":11,"win_rate":0,"timestamp":1552650433,"path_taken":["M","?","M","$","M","R","E","R","T","M","E","R","M","M","R","BOSS","M","?","M","$","?","R","E","R","T","R","?","?","R","?","R","BOSS","M","?","M","M","M","R","?","E","T","R","M","M","M","$","R","BOSS"],"build_version":"2019-01-23","purchased_purges":1,"victory":false,"max_hp_per_floor":[72,72,72,72,72,72,72,72,72,72,72,72,72,72,72,72,72,72,72,72,72,72,72,72,72,72,72,72,72,72,72,72,72,72,72,72,72,72,72,72,72,72,72,72,74,76,78,78,78,78],"card_choices":[{"not_picked":["Infernal Blade","Bloodletting"],"picked":"Power Through","floor":1},{"not_picked":["Iron Wave","Twin Strike"],"picked":"Uppercut","floor":3},{"not_picked":["Armaments","True Grit"],"picked":"Carnage","floor":5},{"not_picked":["Rampage","Exhume"],"picked":"Thunderclap","floor":7},{"not_picked":["Entrench","Havoc","Clothesline"],"picked":"SKIP","floor":10},{"not_picked":["Searing Blow","Sever Soul"],"picked":"Demon Form","floor":11},{"not_picked":["Inflame","Thunderclap"],"picked":"Heavy Blade","floor":13},{"not_picked":["Evolve","Combust","Dual Wield"],"picked":"SKIP","floor":14},{"not_picked":["Clash","Metallicize"],"picked":"True Grit+1","floor":18},{"not_picked":["Feel No Pain","Armaments"],"picked":"Flame Barrier+1","floor":20},{"not_picked":["Body Slam","Warcry","Metallicize"],"picked":"SKIP","floor":24},{"not_picked":["Bludgeon","Brutality"],"picked":"Offering","floor":33},{"not_picked":["Inflame","Sentinel"],"picked":"Whirlwind+1","floor":35},{"not_picked":["Pommel Strike","Armaments+1","Body Slam"],"picked":"SKIP","floor":37},{"not_picked":["Flex","Dropkick+1","Pummel+1"],"picked":"SKIP","floor":38},{"not_picked":["Headbutt","Flex","Flame Barrier+1"],"picked":"SKIP","floor":39},{"not_picked":["Shrug It Off+1","Cleave"],"picked":"Shockwave","floor":41},{"not_picked":["Anger+1","Spot Weakness+1","Iron Wave+1"],"picked":"SKIP","floor":42},{"not_picked":["Combust+1","Searing Blow+1","True Grit"],"picked":"Singing Bowl","floor":45},{"not_picked":["Perfected Strike+1","Havoc+1","Evolve"],"picked":"Singing Bowl","floor":46},{"not_picked":["Thunderclap+1","Whirlwind","Reckless Charge+1"],"picked":"Singing Bowl","floor":47}],"player_experience":195026,"relics_obtained":[{"floor":7,"key":"Ginger"},{"floor":9,"key":"Meat on the Bone"},{"floor":11,"key":"Anchor"},{"floor":22,"key":"Shuriken"},{"floor":24,"key":"Blue Candle"},{"floor":26,"key":"Bottled Tornado"},{"floor":36,"key":"Calipers"},{"floor":41,"key":"Gambling Chip"},{"floor":42,"key":"Smiling Mask"},{"floor":43,"key":"Singing Bowl"}],"event_choices":[{"cards_removed":["Defend_R"],"damage_healed":0,"gold_gain":0,"player_choice":"Card Removal","damage_taken":7,"max_hp_gain":0,"max_hp_loss":0,"event_name":"Golden Wing","floor":2,"gold_loss":0},{"cards_removed":["Strike_R"],"damage_healed":0,"gold_gain":0,"player_choice":"Purged","damage_taken":0,"max_hp_gain":0,"max_hp_loss":0,"event_name":"Purifier","floor":19,"gold_loss":0},{"damage_healed":0,"gold_gain":0,"player_choice":"Read","damage_taken":0,"max_hp_gain":0,"max_hp_loss":0,"event_name":"The Library","floor":28,"gold_loss":0,"cards_obtained":["Battle Trance"]},{"damage_healed":0,"gold_gain":0,"player_choice":"Paid Fearfully","damage_taken":0,"max_hp_gain":0,"max_hp_loss":0,"event_name":"Masked Bandits","floor":29,"gold_loss":126},{"damage_healed":0,"gold_gain":0,"player_choice":"Fight","damage_taken":0,"max_hp_gain":0,"max_hp_loss":0,"event_name":"Mysterious Sphere","floor":36,"gold_loss":0},{"damage_healed":0,"gold_gain":0,"player_choice":"Fight","damage_taken":0,"max_hp_gain":0,"max_hp_loss":0,"event_name":"MindBloom","floor":41,"gold_loss":0}],"is_beta":false,"boss_relics":[{"not_picked":["Fusion Hammer","Runic Cube"],"picked":"Velvet Choker"},{"not_picked":["Coffee Dripper","Tiny House"],"picked":"Mark of Pain"}],"items_purged_floors":[48],"is_endless":false,"potions_floor_spawned":[1,3,10,16,20,33,35,37,39,41,42],"killed_by":"Awakened One","ascension_level":7}