{"gold_per_floor":[116,127,137,147,147,147,180,192,227,255,286,298,322,13,13,113,113,131,10,28,28,45,45,58,58,82,82,95,95,28,128,128,231,231,248,263,281,93,112,112,125,151,201,220,220,232,232,245,245,245,245,245,26,56,56],"floor_reached":55,"playtime":4515,"items_purged":["Pain","Force Field"],"score":739,"play_id":"6800675c-473f-4956-a944-363f9559c5cc","local_time":"20190322093254","is_ascension_mode":true,"campfire_choices":[{"data":"Dualcast","floor":6,"key":"SMITH"},{"floor":8,"key":"REST"},{"data":"Buffer","floor":12,"key":"SMITH"},{"floor":15,"key":"REST"},{"floor":23,"key":"REST"},{"floor":25,"key":"RECALL"},{"data":"Hologram","floor":29,"key":"SMITH"},{"data":"Coolheaded","floor":32,"key":"SMITH"},{"data":"Redo","floor":40,"key":"SMITH"},{"floor":45,"key":"REST"},{"floor":47,"key":"REST"},{"floor":49,"key":"REST"},{"data":"Buffer","floor":52,"key":"SMITH"}],"neow_cost":"NONE","seed_source_timestamp":321126531895763,"circlet_count":0,"master_deck":["Zap+1","Dualcast+1","Compile Driver","Ball Lightning","Skim","Coolheaded+1","Buffer+1","BootSequence","Leap","Hologram+1","Electrodynamics","Coolheaded","Echo Form","Go for the Eyes","Ball Lightning","Auto Shields","Doom and Gloom+1","Defragment+1","Stack","Loop+1","Rainbow","Buffer+1","Stack","Conserve Battery","Go for the Eyes","Static Discharge","Consume","Go for the Eyes","Cold Snap","Redo+1","Darkness+1","Self Repair","Redo+1","Sweeping Beam","Blizzard+1","Stack+1"],"relics":["Cracked Core","WarpedTongs","MawBank","DataDisk","Philosopher\u0027s Stone","Smiling Mask","Pandora\u0027s Box","Blood Vial","Bag of Marbles","Bag of Preparation","Nunchaku"],"potions_floor_usage":[16,16,33,33,39,39,50,55],"damage_taken":[{"damage":0,"enemies":"2 Louse","floor":1,"turns":2},{"damage":0,"enemies":"Cultist","floor":2,"turns":2},{"damage":0,"enemies":"Small Slimes","floor":3,"turns":2},{"damage":12,"enemies":"2 Fungi Beasts","floor":4,"turns":3},{"damage":22,"enemies":"Gremlin Nob","floor":7,"turns":3},{"damage":12,"enemies":"Exordium Wildlife","floor":10,"turns":3},{"damage":0,"enemies":"Looter","floor":11,"turns":2},{"damage":15,"enemies":"Gremlin Gang","floor":13,"turns":5},{"damage":12,"enemies":"The Guardian","floor":16,"turns":11},{"damage":24,"enemies":"3 Byrds","floor":18,"turns":4},{"damage":2,"enemies":"Spheric Guardian","floor":20,"turns":3},{"damage":0,"enemies":"Centurion and Healer","floor":22,"turns":7},{"damage":5,"enemies":"Snake Plant","floor":24,"turns":2},{"damage":0,"enemies":"3 Cultists","floor":28,"turns":4},{"damage":14,"enemies":"Automaton","floor":33,"turns":7},{"damage":0,"enemies":"3 Darklings","floor":35,"turns":2},{"damage":12,"enemies":"Orb Walker","floor":36,"turns":4},{"damage":31,"enemies":"Maw","floor":37,"turns":8},{"damage":0,"enemies":"4 Shapes","floor":39,"turns":6},{"damage":15,"enemies":"Spire Growth","floor":41,"turns":4},{"damage":46,"enemies":"Reptomancer","floor":42,"turns":6},{"damage":6,"enemies":"Writhing Mass","floor":44,"turns":6},{"damage":12,"enemies":"Transient","floor":46,"turns":5},{"damage":21,"enemies":"Sphere and 2 Shapes","floor":48,"turns":4},{"damage":8,"enemies":"Time Eater","floor":50,"turns":8},{"damage":27,"enemies":"Shield and Spear","floor":54,"turns":8},{"damage":68,"enemies":"The Heart","floor":55,"turns":3}],"seed_played":"6790870314459304387","potions_obtained":[{"floor":1,"key":"LiquidBronze"},{"floor":2,"key":"Ancient Potion"},{"floor":7,"key":"PowerPotion"},{"floor":18,"key":"FocusPotion"},{"floor":22,"key":"Strength Potion"},{"floor":28,"key":"Regen Potion"},{"floor":37,"key":"Regen Potion"},{"floor":41,"key":"FearPotion"},{"floor":42,"key":"Weak Potion"}],"is_trial":false,"path_per_floor":["M","M","M","M","?","R","E","R","T","M","M","R","M","$","R","B",null,"M","$","M","?","M","R","M","R","T","?","M","R","$","?","R","B",null,"M","M","M","$","M","R","M","E","T","M","R","M","R","M","R","B",null,"R","$","E","B"],"character_chosen":"DEFECT","items_purchased":["Electrodynamics","DataDisk","Coolheaded","Ball Lightning","Rainbow","Self Repair","Blood Vial","FairyPotion","LiquidBronze"],"campfire_rested":6,"item_purchase_floors":[14,14,14,19,30,38,38,53,53],"current_hp_per_floor":[75,75,75,63,63,63,41,63,63,51,51,51,36,36,58,46,75,51,51,49,49,49,71,66,66,66,66,66,66,66,66,66,52,75,75,63,32,32,74,74,60,23,23,26,48,45,67,55,75,74,75,75,75,48,0],"gold":56,"neow_bonus":"UPGRADE_CARD","is_prod":false,"is_daily":false,"chose_seed":false,"campfire_upgraded":6,"win_rate":0,"timestamp":1553261574,"path_taken":["M","M","M","M","?","R","E","R","T","M","M","R","?","$","R","BOSS","M","$","M","?","M","R","M","R","T","?","M","R","?","?","R","BOSS","M","?","M","$","?","R","M","E","T","M","R","?","R","M","R","BOSS","R","$","E","BOSS"],"build_version":"2019-01-23","purchased_purges":2,"victory":false,"max_hp_per_floor":[75,75,75,75,75,75,75,75,75,75,75,75,75,75,75,75,75,75,75,75,75,75,75,75,75,75,75,75,75,75,75,75,75,75,75,75,75,75,75,75,75,75,75,75,75,75,75,75,75,75,75,75,75,75,75],"card_choices":[{"not_picked":["Fusion","Hologram"],"picked":"Compile Driver","floor":1},{"not_picked":["Rebound","Leap"],"picked":"Ball Lightning","floor":2},{"not_picked":["Rebound","Leap"],"picked":"Skim","floor":3},{"not_picked":["Turbo","Steam Power"],"picked":"Coolheaded","floor":4},{"not_picked":["Go for the Eyes","Ball Lightning"],"picked":"Buffer","floor":7},{"not_picked":["Leap","Steam"],"picked":"BootSequence","floor":10},{"not_picked":["Coolheaded","Beam Cell"],"picked":"Leap","floor":11},{"not_picked":["Fusion","Coolheaded"],"picked":"Hologram","floor":13},{"not_picked":["Rainbow","Multi-Cast"],"picked":"Echo Form","floor":16},{"not_picked":["Compile Driver+1","Skim"],"picked":"Go for the Eyes","floor":18},{"not_picked":["Redo","Stack"],"picked":"Auto Shields","floor":20},{"not_picked":["Redo","Beam Cell"],"picked":"Doom and Gloom+1","floor":22},{"not_picked":["Steam","Hologram"],"picked":"Defragment+1","floor":24},{"not_picked":["Barrage+1","Turbo"],"picked":"Loop+1","floor":28},{"not_picked":["Machine Learning","Creative AI"],"picked":"Buffer","floor":33},{"not_picked":["Hologram","Sweeping Beam+1"],"picked":"Cold Snap","floor":35},{"not_picked":["Hello World+1","Streamline"],"picked":"Redo","floor":36},{"not_picked":["Core Surge","Redo"],"picked":"Darkness+1","floor":37},{"not_picked":["Consume","Hologram"],"picked":"Redo+1","floor":39},{"not_picked":["Consume","Heatsinks+1"],"picked":"Sweeping Beam","floor":41},{"not_picked":["Scrape","Storm+1"],"picked":"Blizzard+1","floor":42},{"not_picked":["Doom and Gloom","Ball Lightning"],"picked":"Stack+1","floor":44},{"not_picked":["Cold Snap","Force Field+1","Rebound+1"],"picked":"SKIP","floor":46},{"not_picked":["Steam","Streamline+1","Compile Driver+1"],"picked":"SKIP","floor":48},{"not_picked":["Turbo","Hyperbeam","Ball Lightning"],"picked":"SKIP","floor":54}],"player_experience":312729,"relics_obtained":[{"floor":7,"key":"MawBank"},{"floor":26,"key":"Smiling Mask"},{"floor":42,"key":"Bag of Marbles"},{"floor":43,"key":"Bag of Preparation"},{"floor":54,"key":"Nunchaku"}],"event_choices":[{"damage_healed":0,"gold_gain":0,"player_choice":"Rummage","damage_taken":0,"relics_obtained":["WarpedTongs"],"max_hp_gain":0,"max_hp_loss":0,"event_name":"Accursed Blacksmith","floor":5,"gold_loss":0,"cards_obtained":["Pain"]},{"damage_healed":0,"gold_gain":0,"cards_transformed":["Strike_B","Strike_B"],"player_choice":"Became Test Subject","damage_taken":0,"max_hp_gain":0,"max_hp_loss":0,"event_name":"Drug Dealer","floor":27,"gold_loss":0,"cards_obtained":["Force Field","Stack"]},{"damage_healed":0,"gold_gain":100,"player_choice":"Pray","damage_taken":0,"max_hp_gain":0,"max_hp_loss":0,"event_name":"Golden Shrine","floor":31,"gold_loss":0}],"is_beta":false,"boss_relics":[{"not_picked":["Lizard Tail","Black Star"],"picked":"Philosopher\u0027s Stone"},{"not_picked":["Runic Pyramid","FrozenCore"],"picked":"Pandora\u0027s Box"}],"items_purged_floors":[19,53],"is_endless":false,"potions_floor_spawned":[1,2,7,18,22,28,37,41,42],"killed_by":"The Heart","ascension_level":1}