{"gold_per_floor":[116,21,35,35,49,83,83,93,93,93,104,120,120,120,120,191,191,203,174,184,184,99,24,24,0,0,17,17,29,29,29],"floor_reached":31,"playtime":2952,"items_purged":["Decay"],"score":507,"play_id":"e1745e39-77cf-4d28-96bc-7d121c20d86d","local_time":"20190116015908","is_ascension_mode":true,"campfire_choices":[{"floor":7,"key":"REST"},{"floor":13,"key":"REST"},{"data":"Noxious Fumes","floor":15,"key":"SMITH"},{"floor":24,"key":"REST"},{"floor":30,"key":"REST"}],"neow_cost":"PERCENT_DAMAGE","seed_source_timestamp":153906720861222,"circlet_count":0,"master_deck":["AscendersBane","Defend_G","Defend_G","Defend_G","Defend_G","Strike_G","Strike_G","Strike_G","Strike_G","Survivor","Neutralize","Night Terror+1","Catalyst","Dodge and Roll","Leg Sweep","Dagger Throw","Catalyst","Bane","Noxious Fumes+1","Backflip","Backflip","Caltrops","Envenom","Cloak And Dagger","Noxious Fumes","Cloak And Dagger","Bouncing Flask","Well Laid Plans"],"relics":["Ring of the Serpent","Anchor","Dodecahedron","Mango","WingedGreaves"],"potions_floor_usage":[6,18,27],"damage_taken":[{"damage":4,"enemies":"Jaw Worm","floor":1,"turns":7},{"damage":2,"enemies":"Cultist","floor":3,"turns":4},{"damage":0,"enemies":"2 Louse","floor":5,"turns":4},{"damage":11,"enemies":"3 Sentries","floor":6,"turns":10},{"damage":8,"enemies":"2 Fungi Beasts","floor":8,"turns":6},{"damage":20,"enemies":"Large Slime","floor":11,"turns":7},{"damage":4,"enemies":"3 Louse","floor":12,"turns":3},{"damage":23,"enemies":"Hexaghost","floor":16,"turns":8},{"damage":11,"enemies":"Shell Parasite","floor":18,"turns":9},{"damage":23,"enemies":"Chosen","floor":20,"turns":5},{"damage":7,"enemies":"Snecko","floor":27,"turns":7},{"damage":40,"enemies":"Centurion and Healer","floor":29,"turns":9},{"damage":58,"enemies":"Cultist and Chosen","floor":31,"turns":5}],"seed_played":"6725960078080100340","potions_obtained":[{"floor":1,"key":"Swift Potion"},{"floor":3,"key":"AttackPotion"},{"floor":11,"key":"Ancient Potion"},{"floor":20,"key":"Poison Potion"}],"is_trial":false,"path_per_floor":["M","$","M","?","M","E","R","M","T","?","M","M","R","?","R","B",null,"M","$","M","?","?","$","R","?","T","M","?","M","R","M"],"character_chosen":"THE_SILENT","items_purchased":["Leg Sweep","Dagger Throw","Cloak And Dagger"],"campfire_rested":4,"item_purchase_floors":[2,2,19],"current_hp_per_floor":[40,40,38,38,38,27,46,38,38,60,40,36,55,55,55,32,58,47,47,24,24,38,38,62,62,62,55,55,15,39,0],"gold":29,"neow_bonus":"TRANSFORM_TWO_CARDS","is_prod":false,"is_daily":false,"chose_seed":false,"campfire_upgraded":1,"win_rate":0,"timestamp":1547621948,"path_taken":["M","$","M","?","M","E","R","?","T","?","M","M","R","?","R","BOSS","M","$","M","?","?","$","R","?","T","M","?","M","R","M"],"build_version":"2019-01-10","purchased_purges":1,"victory":false,"max_hp_per_floor":[66,66,66,66,66,66,66,66,66,66,66,66,66,66,66,66,66,66,66,66,66,80,80,80,80,80,80,80,80,80,80],"card_choices":[{"not_picked":["Expertise","Distraction"],"picked":"Dodge and Roll","floor":1},{"not_picked":["Blade Dance","Deflect"],"picked":"Catalyst","floor":3},{"not_picked":["Slice","Blade Dance"],"picked":"Bane","floor":5},{"not_picked":["Dodge and Roll","Backflip"],"picked":"Noxious Fumes","floor":6},{"not_picked":["Dodge and Roll","Eviscerate"],"picked":"Backflip","floor":8},{"not_picked":["Deflect","Riddle With Holes"],"picked":"Backflip","floor":11},{"not_picked":["Calculated Gamble","Prepared"],"picked":"Caltrops","floor":12},{"not_picked":["Storm of Steel","Adrenaline"],"picked":"Envenom","floor":16},{"not_picked":["Terror","Tactician","Dagger Throw"],"picked":"SKIP","floor":18},{"not_picked":["Deadly Poison","Choke"],"picked":"Noxious Fumes","floor":20},{"not_picked":["Distraction","Outmaneuver"],"picked":"Cloak And Dagger","floor":27},{"not_picked":["Heel Hook","Flying Knee"],"picked":"Well Laid Plans","floor":29}],"player_experience":2940574,"relics_obtained":[{"floor":6,"key":"Anchor"},{"floor":9,"key":"Dodecahedron"},{"floor":26,"key":"WingedGreaves"}],"event_choices":[{"damage_healed":0,"gold_gain":0,"player_choice":"Upgraded","damage_taken":0,"max_hp_gain":0,"max_hp_loss":0,"event_name":"Upgrade Shrine","floor":4,"gold_loss":0,"cards_upgraded":["Night Terror"]},{"damage_healed":22,"gold_gain":0,"player_choice":"Banana","damage_taken":0,"max_hp_gain":0,"max_hp_loss":0,"event_name":"Big Fish","floor":10,"gold_loss":0},{"damage_healed":0,"gold_gain":0,"player_choice":"Ignored","damage_taken":0,"max_hp_gain":0,"max_hp_loss":0,"event_name":"Shining Light","floor":14,"gold_loss":0},{"damage_healed":0,"gold_gain":0,"player_choice":"Smashed Altar","damage_taken":0,"max_hp_gain":0,"max_hp_loss":0,"event_name":"Forgotten Altar","floor":21,"gold_loss":0,"cards_obtained":["Decay"]},{"damage_healed":0,"gold_gain":0,"player_choice":"Obtained Relic","damage_taken":0,"relics_obtained":["Mango"],"max_hp_gain":0,"max_hp_loss":0,"event_name":"Addict","floor":22,"gold_loss":85},{"damage_healed":0,"gold_gain":0,"player_choice":"Paid Fearfully","damage_taken":0,"max_hp_gain":0,"max_hp_loss":0,"event_name":"Masked Bandits","floor":25,"gold_loss":24},{"damage_healed":0,"gold_gain":0,"player_choice":"Read","damage_taken":0,"max_hp_gain":0,"max_hp_loss":0,"event_name":"The Library","floor":28,"gold_loss":0,"cards_obtained":["Bouncing Flask"]}],"is_beta":false,"boss_relics":[{"not_picked":["Eternal Feather","Ectoplasm"],"picked":"Ring of the Serpent"}],"items_purged_floors":[23],"is_endless":false,"potions_floor_spawned":[1,3,11,16,20],"killed_by":"Cultist and Chosen","ascension_level":19}