{"gold_per_floor":[111,123,3,21,0,0,67,28,28,45,78,228,241,256,256,333,333,349,349,274,288,288,288,318,351,351,351,37,51,84,104,104,104],"floor_reached":33,"playtime":3068,"items_purged":["Zap"],"score":570,"play_id":"ec3a0248-b282-4d44-bce4-e632592344fc","local_time":"20190207130847","is_ascension_mode":true,"campfire_choices":[{"floor":6.0,"key":"REST"},{"floor":15.0,"key":"REST"},{"data":"Sunder","floor":23.0,"key":"SMITH"},{"floor":27.0,"key":"REST"},{"floor":32,"key":"REST"}],"neow_cost":"NONE","seed_source_timestamp":0,"circlet_count":0,"master_deck":["AscendersBane","Strike_B","Strike_B","Strike_B","Defend_B","Defend_B","Defend_B","Defend_B","Dualcast","Compile Driver","Streamline","Doom and Gloom","Genetic Algorithm","Glacier","Doom and Gloom","All For One","Conserve Battery+1","Sunder+1","Multi-Cast+1","Ball Lightning+1","Writhe","Conserve Battery+1","Tempest+1","Hologram+1","Electrodynamics","Defragment","Defragment","Sunder","Turbo+1"],"special_seed":0,"relics":["Snecko Eye","Toxic Egg 2","Singing Bowl","Empty Cage","Pear","The Courier","Red Mask","Shuriken","StoneCalendar"],"potions_floor_usage":[31],"damage_taken":[{"damage":34.0,"enemies":"Small Slimes","floor":1.0,"turns":5.0},{"damage":10.0,"enemies":"2 Louse","floor":2.0,"turns":3.0},{"damage":13.0,"enemies":"Jaw Worm","floor":4.0,"turns":5.0},{"damage":4.0,"enemies":"Exordium Thugs","floor":10.0,"turns":4.0},{"damage":14.0,"enemies":"Gremlin Nob","floor":11.0,"turns":3.0},{"damage":4.0,"enemies":"Red Slaver","floor":13.0,"turns":4.0},{"damage":4.0,"enemies":"Blue Slaver","floor":14.0,"turns":3.0},{"damage":18.0,"enemies":"Hexaghost","floor":16.0,"turns":9.0},{"damage":0.0,"enemies":"Chosen","floor":18.0,"turns":3.0},{"damage":10.0,"enemies":"Spheric Guardian","floor":21.0,"turns":4.0},{"damage":34.0,"enemies":"Book of Stabbing","floor":24.0,"turns":5.0},{"damage":0.0,"enemies":"Masked Bandits","floor":25.0,"turns":2.0},{"damage":1.0,"enemies":"Snake Plant","floor":29.0,"turns":2.0},{"damage":16.0,"enemies":"Gremlin Leader","floor":30.0,"turns":5.0},{"damage":31,"enemies":"Shelled Parasite and Fungi","floor":31,"turns":4},{"damage":38,"enemies":"Automaton","floor":33,"turns":8}],"seed_played":"-6817773003221239452","potions_obtained":[{"floor":2.0,"key":"Regen Potion"},{"floor":13.0,"key":"SkillPotion"},{"floor":16.0,"key":"Swift Potion"},{"floor":24.0,"key":"AttackPotion"},{"floor":30.0,"key":"GamblersBrew"}],"is_trial":false,"path_per_floor":["M","M","$","M","?","R","?","$","T","M","E","?","M","M","R","B",null,"M","?","$","M","?","R","E","?","T","R","$","M","E","M","R","B"],"character_chosen":"DEFECT","items_purchased":["Doom and Gloom","Genetic Algorithm","Doom and Gloom","Tempest+1","Hologram+1","Electrodynamics","Defragment","Defragment"],"campfire_rested":4,"item_purchase_floors":[3,3,8,28,28,28,28,28],"current_hp_per_floor":[30,20,20,21,21,42,42,42,42,38,24,24,22,18,39,21,60,60,60,60,52,62,62,30,30,30,56,56,55,39,10,36,0],"gold":104,"neow_bonus":"BOSS_RELIC","is_prod":false,"is_daily":false,"chose_seed":false,"campfire_upgraded":1,"win_rate":0,"timestamp":1549562927,"path_taken":["M","M","$","M","?","R","?","$","T","M","E","?","?","M","R","BOSS","M","?","$","?","?","R","E","?","T","R","?","M","E","M","R","BOSS"],"build_version":"2019-01-23","purchased_purges":1,"victory":false,"max_hp_per_floor":[71,71,71,71,71,71,71,71,71,71,71,71,73,73,73,73,73,73,73,73,75,85,85,87,87,87,87,87,87,87,89,89,89],"card_choices":[{"not_picked":["Gash","Turbo"],"picked":"Compile Driver","floor":1.0},{"not_picked":["Leap","Cold Snap"],"picked":"Streamline","floor":2.0},{"not_picked":["Stack","Go for the Eyes"],"picked":"Glacier","floor":4.0},{"not_picked":["Darkness+1","Melter"],"picked":"All For One","floor":10.0},{"not_picked":["BootSequence+1","Go for the Eyes"],"picked":"Conserve Battery+1","floor":11.0},{"not_picked":["Streamline","Loop","Ball Lightning"],"picked":"Singing Bowl","floor":13.0},{"not_picked":["Stack+1","Compile Driver"],"picked":"Sunder","floor":14.0},{"not_picked":["Reboot+1","Amplify+1"],"picked":"Multi-Cast+1","floor":16.0},{"not_picked":["Sweeping Beam","Redo+1"],"picked":"Ball Lightning+1","floor":18.0},{"not_picked":["BootSequence+1","Sweeping Beam","Hello World"],"picked":"Singing Bowl","floor":21.0},{"not_picked":["Rebound","Compile Driver","Ball Lightning"],"picked":"Singing Bowl","floor":24.0},{"not_picked":["Genetic Algorithm+1","Compile Driver"],"picked":"Conserve Battery+1","floor":25.0},{"not_picked":["Aggregate+1","Consume+1"],"picked":"Sunder","floor":29.0},{"not_picked":["Skim+1","Ball Lightning"],"picked":"Turbo+1","floor":30.0},{"not_picked":["Storm","Lockon+1","Heatsinks"],"picked":"Singing Bowl","floor":31}],"player_experience":3223212,"relics_obtained":[{"floor":9.0,"key":"Toxic Egg 2"},{"floor":11.0,"key":"Singing Bowl"},{"floor":24.0,"key":"The Courier"},{"floor":25.0,"key":"Red Mask"},{"floor":26.0,"key":"Shuriken"},{"floor":30.0,"key":"StoneCalendar"}],"event_choices":[{"damage_healed":0.0,"max_hp_gain":0.0,"max_hp_loss":0.0,"gold_gain":0.0,"event_name":"World of Goop","player_choice":"Left Gold","floor":5.0,"gold_loss":21.0,"damage_taken":0.0},{"damage_healed":0.0,"max_hp_gain":0.0,"max_hp_loss":0.0,"gold_gain":67.0,"event_name":"Golden Wing","player_choice":"Gained Gold","floor":7.0,"gold_loss":0.0,"damage_taken":0.0},{"damage_healed":0.0,"max_hp_gain":0.0,"max_hp_loss":0.0,"gold_gain":150.0,"event_name":"Liars Game","player_choice":"AGREE","floor":12.0,"gold_loss":0.0,"damage_taken":0.0,"cards_obtained":["Doubt"]},{"damage_healed":0.0,"max_hp_gain":0.0,"max_hp_loss":0.0,"gold_gain":0.0,"event_name":"N\u0027loth","player_choice":"Ignored","floor":19.0,"gold_loss":0.0,"damage_taken":0.0},{"damage_healed":0.0,"max_hp_gain":0.0,"max_hp_loss":0.0,"gold_gain":0.0,"event_name":"The Mausoleum","player_choice":"Opened","floor":22.0,"gold_loss":0.0,"damage_taken":0.0,"relics_obtained":["Pear"],"cards_obtained":["Writhe"]},{"damage_healed":0.0,"max_hp_gain":0.0,"max_hp_loss":0.0,"gold_gain":0.0,"event_name":"Masked Bandits","player_choice":"Fought Bandits","floor":25.0,"gold_loss":0.0,"damage_taken":0.0}],"is_beta":false,"boss_relics":[{"not_picked":["Busted Crown","Lizard Tail"],"picked":"Empty Cage"}],"items_purged_floors":[20],"is_endless":false,"potions_floor_spawned":[2,13,16,24,30],"killed_by":"Automaton","ascension_level":20}