{"gold_per_floor":[118,138,192,55,69,69,102,27,27,27,43,43,68,68,68,146,146,163,177,177,177,177],"floor_reached":22,"playtime":781,"items_purged":["Strike_B"],"score":584,"play_id":"1e7d4896-4cce-45c9-890c-9d0b4c821428","local_time":"20190325112629","is_ascension_mode":true,"campfire_choices":[{"data":"Rip and Tear","floor":6.0,"key":"SMITH"},{"data":"Hologram","floor":10.0,"key":"SMITH"},{"floor":12.0,"key":"REST"},{"data":"Hologram","floor":15.0,"key":"SMITH"}],"neow_cost":"NONE","seed_source_timestamp":0,"circlet_count":0,"master_deck":["AscendersBane","Strike_B","Strike_B","Strike_B","Defend_B","Defend_B","Defend_B","Defend_B","Zap","Dualcast","Hologram+1","Sunder","Hologram+1","Rip and Tear+1","Conserve Battery","Gash","Gash","Echo Form","Self Repair","Beam Cell","Go for the Eyes","Streamline","Reinforced Body","Gash"],"special_seed":0,"relics":["Lizard Tail","Symbiotic Virus","Pantograph","Oddly Smooth Stone","Orrery"],"potions_floor_usage":[],"damage_taken":[{"damage":3.0,"enemies":"2 Louse","floor":1.0,"turns":4.0},{"damage":9.0,"enemies":"Jaw Worm","floor":2.0,"turns":3.0},{"damage":1.0,"enemies":"Cultist","floor":5.0,"turns":3.0},{"damage":30.0,"enemies":"Lagavulin","floor":7.0,"turns":7.0},{"damage":0.0,"enemies":"Lots of Slimes","floor":11.0,"turns":3.0},{"damage":25.0,"enemies":"3 Sentries","floor":13.0,"turns":8.0},{"damage":8.0,"enemies":"The Guardian","floor":16.0,"turns":8.0},{"damage":26.0,"enemies":"2 Thieves","floor":18.0,"turns":4.0},{"damage":38.0,"enemies":"Chosen","floor":19.0,"turns":6.0},{"damage":37.0,"enemies":"Colosseum Slavers","floor":20.0,"turns":5.0},{"damage":28,"enemies":"Snecko","floor":22,"turns":5}],"seed_played":"-5151258170476661642","potions_obtained":[{"floor":2.0,"key":"Energy Potion"},{"floor":7.0,"key":"Block Potion"},{"floor":16.0,"key":"Strength Potion"},{"floor":19.0,"key":"SteroidPotion"}],"is_trial":false,"path_per_floor":["M","M","?","$","M","R","E","$","T","R","M","R","E","?","R","B",null,"M","M","?","?","M"],"character_chosen":"DEFECT","items_purchased":["Hologram","Rip and Tear"],"campfire_rested":1,"item_purchase_floors":[4,4],"current_hp_per_floor":[61,52,52,52,51,51,21,21,21,21,21,42,17,40,40,57,68,42,11,22,22,0],"gold":177,"neow_bonus":"BOSS_RELIC","is_prod":false,"is_daily":false,"chose_seed":false,"campfire_upgraded":3,"win_rate":0,"timestamp":1553509589,"path_taken":["M","M","?","$","M","R","E","$","T","R","M","R","E","?","R","BOSS","M","M","?","?","?"],"build_version":"2019-01-23","purchased_purges":1,"victory":false,"max_hp_per_floor":[71,71,71,71,71,71,71,71,71,71,71,71,71,71,71,71,71,71,71,71,71,71],"card_choices":[{"not_picked":["Force Field","Coolheaded"],"picked":"Hologram","floor":1.0},{"not_picked":["Glacier","Compile Driver"],"picked":"Sunder","floor":2.0},{"not_picked":["Compile Driver","Redo"],"picked":"Conserve Battery","floor":5.0},{"not_picked":["Static Discharge","Reprogram","Rip and Tear"],"picked":"SKIP","floor":7.0},{"not_picked":["Sunder","Barrage"],"picked":"Gash","floor":11.0},{"not_picked":["Force Field","Barrage"],"picked":"Gash","floor":13.0},{"not_picked":["Multi-Cast","Amplify"],"picked":"Echo Form","floor":16.0},{"not_picked":["Heatsinks","Go for the Eyes"],"picked":"Self Repair","floor":17.0},{"not_picked":["Sweeping Beam","Compile Driver"],"picked":"Beam Cell","floor":17.0},{"not_picked":["Turbo","Beam Cell"],"picked":"Go for the Eyes","floor":17.0},{"not_picked":["Barrage","Steam Power"],"picked":"Streamline","floor":17.0},{"not_picked":["Lockon","Go for the Eyes"],"picked":"Reinforced Body","floor":18.0},{"not_picked":["Tempest","Hello World","Ball Lightning"],"picked":"SKIP","floor":19.0}],"player_experience":1109981,"relics_obtained":[{"floor":7.0,"key":"Symbiotic Virus"},{"floor":9.0,"key":"Pantograph"},{"floor":13.0,"key":"Oddly Smooth Stone"}],"event_choices":[{"damage_healed":0.0,"max_hp_gain":0.0,"max_hp_loss":0.0,"gold_gain":54.0,"event_name":"Golden Wing","player_choice":"Gained Gold","floor":3.0,"gold_loss":0.0,"damage_taken":0.0},{"damage_healed":23.0,"max_hp_gain":0.0,"max_hp_loss":0.0,"gold_gain":0.0,"event_name":"Big Fish","player_choice":"Banana","floor":14.0,"gold_loss":0.0,"damage_taken":0.0},{"damage_healed":0.0,"max_hp_gain":0.0,"max_hp_loss":0.0,"gold_gain":0.0,"event_name":"Colosseum","player_choice":"Fight","floor":20.0,"gold_loss":0.0,"damage_taken":0.0},{"damage_healed":0.0,"max_hp_gain":0.0,"max_hp_loss":0.0,"gold_gain":0.0,"event_name":"Colosseum","player_choice":"Fled From Nobs","floor":20.0,"gold_loss":0.0,"damage_taken":0.0},{"damage_healed":0.0,"max_hp_gain":0.0,"max_hp_loss":0.0,"gold_gain":0.0,"event_name":"Duplicator","player_choice":"Copied","floor":21.0,"gold_loss":0.0,"damage_taken":0.0,"cards_obtained":["Gash"]}],"is_beta":false,"boss_relics":[{"not_picked":["Calling Bell","Tiny House"],"picked":"Orrery"}],"items_purged_floors":[8],"is_endless":false,"potions_floor_spawned":[2,7,16,19],"killed_by":"Snecko","ascension_level":20}