{"gold_per_floor":[111,0,0,15,25,25,51,51,100,115,115,148,148,181,181,283,283,300,225,275,288,131,131,144,144,144,159,179,79,89,101,101,101],"floor_reached":33,"playtime":3436,"items_purged":["Strike_R","Strike_R"],"score":350,"play_id":"b273ae0f-8954-4442-9ec4-e21e0121f8bf","local_time":"20190311093152","is_ascension_mode":true,"campfire_choices":[{"data":"True Grit","floor":6,"key":"SMITH"},{"floor":8,"key":"REST"},{"data":"Sentinel","floor":13,"key":"SMITH"},{"data":"Demon Form","floor":15,"key":"SMITH"},{"floor":23,"key":"REST"},{"data":"Limit Break","floor":25,"key":"SMITH"},{"floor":32,"key":"REST"}],"neow_cost":"TEN_PERCENT_HP_LOSS","seed_source_timestamp":744308852029649,"circlet_count":0,"master_deck":["Strike_R","Defend_R","Defend_R","Bash","Demon Form+1","Battle Trance","Finesse","Clothesline","True Grit+1","Heavy Blade","Ghostly Armor","Sentinel+1","Thunderclap","Limit Break+1","Shrug It Off","Flame Barrier","Shrug It Off"],"relics":["Burning Blood","Regal Pillow","Anchor","Ancient Tea Set","Meat on the Bone","Empty Cage","Molten Egg 2"],"potions_floor_usage":[7,10,12,18,21,27,28,33],"damage_taken":[{"damage":5,"enemies":"Small Slimes","floor":1,"turns":4},{"damage":2,"enemies":"Cultist","floor":4,"turns":4},{"damage":4,"enemies":"2 Louse","floor":5,"turns":3},{"damage":42,"enemies":"3 Sentries","floor":7,"turns":11},{"damage":5,"enemies":"Large Slime","floor":10,"turns":6},{"damage":18,"enemies":"Lagavulin","floor":12,"turns":8},{"damage":8,"enemies":"3 Sentries","floor":14,"turns":9},{"damage":26,"enemies":"Hexaghost","floor":16,"turns":7},{"damage":42,"enemies":"3 Byrds","floor":18,"turns":7},{"damage":47,"enemies":"Spheric Guardian","floor":21,"turns":8},{"damage":15,"enemies":"Snake Plant","floor":24,"turns":4},{"damage":37,"enemies":"Cultist and Chosen","floor":27,"turns":8},{"damage":23,"enemies":"3 Cultists","floor":28,"turns":6},{"damage":16,"enemies":"Centurion and Healer","floor":30,"turns":9},{"damage":31,"enemies":"Sentry and Sphere","floor":31,"turns":7},{"damage":70,"enemies":"Automaton","floor":33,"turns":8}],"seed_played":"878878738058079891","potions_obtained":[{"floor":1,"key":"Dexterity Potion"},{"floor":4,"key":"Explosive Potion"},{"floor":7,"key":"EssenceOfSteel"},{"floor":14,"key":"Energy Potion"},{"floor":18,"key":"Regen Potion"},{"floor":21,"key":"SteroidPotion"},{"floor":24,"key":"Strength Potion"},{"floor":31,"key":"GamblersBrew"}],"is_trial":false,"path_per_floor":["M","$","?","M","M","R","E","R","T","M","?","E","R","E","R","B",null,"M","?","?","M","$","R","M","R","T","M","M","$","M","M","R","B"],"character_chosen":"IRONCLAD","items_purchased":["Finesse","Clothesline","Flame Barrier"],"campfire_rested":3,"item_purchase_floors":[2,2,22],"current_hp_per_floor":[72,72,72,72,72,72,36,72,72,72,72,60,60,58,58,50,72,48,48,48,34,34,70,61,61,61,42,37,37,39,26,62,0],"gold":101,"neow_bonus":"THREE_RARE_CARDS","is_prod":false,"is_daily":false,"chose_seed":false,"campfire_upgraded":4,"win_rate":0,"timestamp":1552311112,"path_taken":["M","$","?","?","M","R","E","R","T","M","?","E","R","E","R","BOSS","M","?","?","M","$","R","M","R","T","M","?","$","M","M","R","BOSS"],"build_version":"2019-01-23","purchased_purges":2,"victory":false,"max_hp_per_floor":[72,72,72,72,72,72,72,72,72,72,72,72,72,72,72,72,72,72,72,72,72,72,72,72,72,72,72,72,72,72,72,72,72],"card_choices":[{"not_picked":["Bludgeon","Reaper"],"picked":"Demon Form","floor":0},{"not_picked":["Feel No Pain","Flex"],"picked":"Battle Trance","floor":1},{"not_picked":["Body Slam","Perfected Strike"],"picked":"Heavy Blade","floor":4},{"not_picked":["Clothesline","Rampage","Reckless Charge"],"picked":"SKIP","floor":5},{"not_picked":["Havoc","Iron Wave"],"picked":"Ghostly Armor","floor":7},{"not_picked":["Corruption","True Grit"],"picked":"Sentinel","floor":10},{"not_picked":["Rupture","Second Wind"],"picked":"Thunderclap","floor":12},{"not_picked":["Exhume","Twin Strike","Entrench"],"picked":"SKIP","floor":14},{"not_picked":["Impervious","Double Tap"],"picked":"Limit Break","floor":16},{"not_picked":["Havoc","Warcry+1","Sword Boomerang"],"picked":"SKIP","floor":18},{"not_picked":["Iron Wave","Sword Boomerang"],"picked":"Shrug It Off","floor":21},{"not_picked":["Body Slam","Flex"],"picked":"Shrug It Off","floor":24},{"not_picked":["Headbutt+1","Immolate+1","Second Wind"],"picked":"SKIP","floor":27},{"not_picked":["Bloodletting+1","True Grit+1","Cleave+1"],"picked":"SKIP","floor":28},{"not_picked":["Heavy Blade+1","Headbutt+1","Pummel+1"],"picked":"SKIP","floor":30},{"not_picked":["Blood for Blood+1","Heavy Blade+1","Perfected Strike+1"],"picked":"SKIP","floor":31}],"player_experience":131150,"relics_obtained":[{"floor":7,"key":"Regal Pillow"},{"floor":9,"key":"Anchor"},{"floor":12,"key":"Ancient Tea Set"},{"floor":14,"key":"Meat on the Bone"},{"floor":26,"key":"Molten Egg 2"}],"event_choices":[{"damage_healed":0,"gold_gain":0,"player_choice":"1 cards matched","damage_taken":0,"max_hp_gain":0,"max_hp_loss":0,"event_name":"Match and Keep!","floor":3,"gold_loss":0,"cards_obtained":["True Grit"]},{"cards_removed":["Strike_R"],"damage_healed":0,"gold_gain":0,"player_choice":"Forget","damage_taken":0,"max_hp_gain":0,"max_hp_loss":0,"event_name":"Living Wall","floor":11,"gold_loss":0},{"cards_removed":["Defend_R"],"damage_healed":0,"gold_gain":0,"player_choice":"Gave Gold","damage_taken":0,"max_hp_gain":0,"max_hp_loss":0,"event_name":"Beggar","floor":19,"gold_loss":75},{"damage_healed":0,"gold_gain":100,"player_choice":"Bet on Murderer","damage_taken":0,"max_hp_gain":0,"max_hp_loss":0,"event_name":"The Joust","floor":20,"gold_loss":50}],"is_beta":false,"boss_relics":[{"not_picked":["Fusion Hammer","Orrery"],"picked":"Empty Cage"}],"items_purged_floors":[22,29],"is_endless":false,"potions_floor_spawned":[1,4,7,14,18,21,24,31],"killed_by":"Automaton","ascension_level":4}