{"gold_per_floor":[116,191,191,201,201,201,212,212,239,211,237,253,253,265,265,265],"floor_reached":16,"playtime":1191,"items_purged":[],"score":195,"play_id":"7fedffc5-f8e0-4c94-9b7d-58210a032570","local_time":"20190111154321","is_ascension_mode":true,"campfire_choices":[{"data":"Feed","floor":6.0,"key":"SMITH"},{"data":"Metallicize","floor":8.0,"key":"SMITH"},{"data":"True Grit","floor":13.0,"key":"SMITH"},{"data":"Body Slam","floor":15.0,"key":"SMITH"}],"neow_cost":"NONE","seed_source_timestamp":156099355374711,"circlet_count":0,"master_deck":["AscendersBane","Strike_R","Strike_R","Strike_R","Strike_R","Defend_R","Defend_R","Defend_R","Bash","Twin Strike","Feed+1","Metallicize+1","Reaper","Shrug It Off","True Grit+1","Iron Wave","Body Slam+1"],"special_seed":0,"relics":["Burning Blood","NeowsBlessing","Bronze Scales","Peace Pipe"],"potions_floor_usage":[16],"damage_taken":[{"damage":0.0,"enemies":"Jaw Worm","floor":1.0,"turns":1.0},{"damage":0.0,"enemies":"2 Louse","floor":4.0,"turns":1.0},{"damage":0.0,"enemies":"Cultist","floor":7.0,"turns":1.0},{"damage":24.0,"enemies":"Gremlin Nob","floor":11.0,"turns":4.0},{"damage":7.0,"enemies":"Looter","floor":12.0,"turns":3.0},{"damage":5.0,"enemies":"Gremlin Gang","floor":14.0,"turns":4.0},{"damage":73,"enemies":"Slime Boss","floor":16,"turns":11}],"seed_played":"8121225555952957231","potions_obtained":[{"floor":7.0,"key":"Fire Potion"},{"floor":12.0,"key":"Dexterity Potion"},{"floor":14.0,"key":"Block Potion"}],"is_trial":false,"path_per_floor":["M","?","?","M","?","R","M","R","T","$","E","M","R","M","R","B"],"character_chosen":"IRONCLAD","items_purchased":["Shrug It Off"],"campfire_rested":0,"item_purchase_floors":[10],"current_hp_per_floor":[74,63,63,72,72,72,82,82,82,82,64,67,67,88,88,15],"gold":265,"neow_bonus":"THREE_ENEMY_KILL","is_prod":false,"is_daily":false,"chose_seed":false,"campfire_upgraded":4,"win_rate":0,"timestamp":1547239401,"path_taken":["M","?","?","?","?","R","M","R","T","$","E","M","R","?","R","BOSS"],"build_version":"2019-01-10","purchased_purges":0,"victory":false,"max_hp_per_floor":[75,75,75,78,78,78,82,82,82,82,82,86,86,90,90,90],"card_choices":[{"not_picked":["Rampage","Sword Boomerang"],"picked":"Twin Strike","floor":1.0},{"not_picked":["Pummel","Dropkick"],"picked":"Metallicize","floor":4.0},{"not_picked":["Perfected Strike","Cleave"],"picked":"Reaper","floor":7.0},{"not_picked":["Flex","Iron Wave"],"picked":"True Grit","floor":11.0},{"not_picked":["Havoc","Cleave"],"picked":"Iron Wave","floor":12.0},{"not_picked":["Seeing Red","Cleave"],"picked":"Body Slam","floor":14.0}],"player_experience":2871277,"relics_obtained":[{"floor":9.0,"key":"Bronze Scales"},{"floor":11.0,"key":"Peace Pipe"}],"event_choices":[{"damage_healed":0.0,"max_hp_gain":0.0,"max_hp_loss":0.0,"gold_gain":75.0,"event_name":"World of Goop","player_choice":"Gather Gold","floor":2.0,"gold_loss":0.0,"damage_taken":11.0},{"damage_healed":0.0,"max_hp_gain":0.0,"max_hp_loss":0.0,"gold_gain":0.0,"cards_transformed":["Defend_R"],"event_name":"Transmorgrifier","player_choice":"Transformed","floor":3.0,"gold_loss":0.0,"damage_taken":0.0,"cards_obtained":["Feed"]},{"cards_removed":["Strike_R"],"damage_healed":0.0,"max_hp_gain":0.0,"max_hp_loss":0.0,"gold_gain":0.0,"event_name":"Purifier","player_choice":"Purged","floor":5.0,"gold_loss":0.0,"damage_taken":0.0}],"is_beta":false,"boss_relics":[],"items_purged_floors":[],"is_endless":false,"potions_floor_spawned":[7,12,14],"killed_by":"Slime Boss","ascension_level":19}