{"gold_per_floor":[111,111,111,124,141,141,155,189,216,216,216,216,233,290,290,390,390,403,70,81,180,180,180,180,180,180,180,180,110,110,126,126,231,231,247,247,257,24,34,34,44,57,57,57,74,74,7,7,7,7],"floor_reached":51,"playtime":1115,"items_purged":["Strike_R","Decay"],"score":668,"play_id":"cd4c09bc-d399-4431-9c00-4f80e692b0af","local_time":"20190322002808","is_ascension_mode":false,"campfire_choices":[{"data":"Bludgeon","floor":6,"key":"SMITH"},{"data":"Disarm","floor":10,"key":"SMITH"},{"data":"Disarm","floor":12,"key":"SMITH"},{"data":"Bash","floor":15,"key":"SMITH"},{"data":"Double Tap","floor":23,"key":"SMITH"},{"data":"Offering","floor":25,"key":"SMITH"},{"data":"Flame Barrier","floor":27,"key":"SMITH"},{"data":"Heavy Blade","floor":32,"key":"SMITH"},{"data":"Inflame","floor":40,"key":"SMITH"},{"data":"Inflame","floor":44,"key":"SMITH"},{"data":"Heavy Blade","floor":46,"key":"SMITH"},{"data":"Bludgeon","floor":49,"key":"SMITH"}],"neow_cost":"PERCENT_DAMAGE","seed_source_timestamp":5628069322880,"circlet_count":0,"master_deck":["Strike_R+1","Strike_R+1","Defend_R+1","Defend_R+1","Defend_R+1","Defend_R+1","Bash+1","Bludgeon+1","Heavy Blade+1","Disarm+1","Headbutt","Disarm+1","Offering+1","Headbutt","Double Tap+1","Flame Barrier+1","Inflame+1","Pommel Strike+1","Bludgeon+1","Inflame+1","Heavy Blade+1","Pommel Strike+1","Inflame+1","Parasite","Shockwave"],"special_seed":0,"relics":["Burning Blood","Orichalcum","Whetstone","Anchor","Potion Belt","Philosopher\u0027s Stone","Bottled Lightning","Boot","Coffee Dripper","Shuriken"],"potions_floor_usage":[33,33,33,39,50,50,50],"damage_taken":[{"damage":0.0,"enemies":"Small Slimes","floor":1.0,"turns":4.0},{"damage":6,"enemies":"Jaw Worm","floor":4,"turns":3},{"damage":1,"enemies":"2 Louse","floor":5,"turns":2},{"damage":10,"enemies":"Red Slaver","floor":7,"turns":6},{"damage":8,"enemies":"Gremlin Nob","floor":8,"turns":3},{"damage":0,"enemies":"2 Fungi Beasts","floor":13,"turns":2},{"damage":13,"enemies":"Gremlin Nob","floor":14,"turns":3},{"damage":19,"enemies":"The Guardian","floor":16,"turns":10},{"damage":0,"enemies":"Spheric Guardian","floor":18,"turns":1},{"damage":6,"enemies":"Chosen","floor":20,"turns":2},{"damage":6,"enemies":"Snecko","floor":31,"turns":2},{"damage":61,"enemies":"Collector","floor":33,"turns":10},{"damage":6,"enemies":"Orb Walker","floor":35,"turns":2},{"damage":6,"enemies":"3 Shapes","floor":37,"turns":4},{"damage":18,"enemies":"Jaw Worm Horde","floor":39,"turns":3},{"damage":10,"enemies":"4 Shapes","floor":41,"turns":5},{"damage":11,"enemies":"Writhing Mass","floor":42,"turns":4},{"damage":6,"enemies":"Transient","floor":45,"turns":5},{"damage":58,"enemies":"Awakened One","floor":50,"turns":8}],"seed_played":"8848832966627097121","potions_obtained":[{"floor":4,"key":"Swift Potion"},{"floor":7,"key":"Weak Potion"},{"floor":14,"key":"Dexterity Potion"},{"floor":16,"key":"Poison Potion"},{"floor":20,"key":"Regen Potion"},{"floor":39,"key":"SkillPotion"},{"floor":41,"key":"Fire Potion"},{"floor":45,"key":"BloodPotion"}],"is_trial":false,"path_per_floor":["M","?","?","M","M","R","M","E","T","R","?","R","M","?","R","B",null,"M","$","M","?","?","R","$","R","T","R","$","$","?","M","R","B",null,"M","$","M","$","M","R","M","M","T","R","M","R","$","?","R","B",null],"character_chosen":"IRONCLAD","items_purchased":["Bottled Lightning","Inflame","Inflame","Heavy Blade","Shockwave"],"campfire_rested":0,"item_purchase_floors":[19,29,38,38,47],"current_hp_per_floor":[62,62,62,62,67,67,63,61,61,61,61,61,67,60,60,47,80,80,80,80,80,80,80,80,80,80,80,80,80,80,80,80,25,80,80,80,80,80,68,68,64,59,59,59,59,59,59,59,59,30],"gold":7,"neow_bonus":"THREE_RARE_CARDS","is_prod":false,"is_daily":false,"chose_seed":false,"campfire_upgraded":12,"win_rate":0,"timestamp":1553236088,"path_taken":["M","?","?","?","M","R","M","E","T","R","?","R","?","?","R","BOSS","M","$","M","?","?","R","?","R","T","R","?","$","?","M","R","BOSS","M","$","M","$","M","R","M","?","T","R","M","R","?","?","R","BOSS"],"build_version":"2019-01-23","purchased_purges":2,"victory":true,"max_hp_per_floor":[80,80,80,80,80,80,80,80,80,80,80,80,80,80,80,80,80,80,80,80,80,80,80,80,80,80,80,80,80,80,80,80,80,80,80,80,80,80,80,80,80,80,80,80,80,80,80,80,80,80],"card_choices":[{"not_picked":["Offering","Brutality"],"picked":"Bludgeon","floor":0.0},{"not_picked":["Corruption","Havoc"],"picked":"Heavy Blade","floor":1.0},{"not_picked":["Havoc","Battle Trance"],"picked":"Disarm","floor":4},{"not_picked":["Warcry","Anger"],"picked":"Headbutt","floor":5},{"not_picked":["Evolve","Blood for Blood","Anger"],"picked":"SKIP","floor":7},{"not_picked":["Disarm","Pommel Strike","Heavy Blade"],"picked":"SKIP","floor":8},{"not_picked":["Pommel Strike","Heavy Blade"],"picked":"Disarm","floor":8},{"not_picked":["Anger","Thunderclap","Rupture"],"picked":"SKIP","floor":13},{"not_picked":["Entrench","Thunderclap"],"picked":"Headbutt","floor":14},{"not_picked":["Barricade","Fiend Fire"],"picked":"Double Tap","floor":16},{"not_picked":["Wild Strike+1","Entrench+1"],"picked":"Flame Barrier","floor":18},{"not_picked":["True Grit","Heavy Blade+1","Headbutt"],"picked":"SKIP","floor":20},{"not_picked":["Havoc","Flame Barrier"],"picked":"Pommel Strike+1","floor":31},{"not_picked":["Fiend Fire","Barricade"],"picked":"Bludgeon","floor":33},{"not_picked":["True Grit","Twin Strike","Cleave+1"],"picked":"SKIP","floor":35},{"not_picked":["Clash","Armaments","Metallicize"],"picked":"SKIP","floor":37},{"not_picked":["Cleave+1","Shrug It Off"],"picked":"Pommel Strike+1","floor":39},{"not_picked":["Shrug It Off","Carnage"],"picked":"Inflame+1","floor":41},{"not_picked":["Flex+1","Blood for Blood","Dual Wield"],"picked":"SKIP","floor":42},{"not_picked":["Shrug It Off","Cleave+1","Anger"],"picked":"SKIP","floor":45}],"player_experience":1114427,"relics_obtained":[{"floor":8,"key":"Whetstone"},{"floor":9,"key":"Anchor"},{"floor":26,"key":"Boot"},{"floor":43,"key":"Shuriken"}],"event_choices":[{"damage_healed":0.0,"max_hp_gain":0.0,"max_hp_loss":0.0,"gold_gain":0.0,"event_name":"Big Fish","player_choice":"Box","floor":2.0,"gold_loss":0.0,"damage_taken":0.0,"relics_obtained":["Orichalcum"],"cards_obtained":["Regret"]},{"cards_removed":["Regret"],"damage_healed":0,"gold_gain":0,"player_choice":"Forget","damage_taken":0,"max_hp_gain":0,"max_hp_loss":0,"event_name":"Living Wall","floor":3,"gold_loss":0},{"damage_healed":0,"gold_gain":0,"cards_transformed":["Strike_R"],"player_choice":"Transformed","damage_taken":0,"max_hp_gain":0,"max_hp_loss":0,"event_name":"Transmorgrifier","floor":11,"gold_loss":0,"cards_obtained":["Offering"]},{"damage_healed":0,"gold_gain":0,"player_choice":"Searched \u00273\u0027 times","damage_taken":0,"relics_obtained":["Potion Belt"],"max_hp_gain":0,"max_hp_loss":0,"event_name":"Dead Adventurer","floor":14,"gold_loss":0},{"damage_healed":0,"gold_gain":99,"player_choice":"Stole From Cult","damage_taken":0,"max_hp_gain":0,"max_hp_loss":0,"event_name":"Nest","floor":21,"gold_loss":0},{"damage_healed":0,"gold_gain":0,"player_choice":"Simplicity","damage_taken":0,"max_hp_gain":0,"max_hp_loss":0,"event_name":"Back to Basics","floor":22,"gold_loss":0,"cards_upgraded":["Strike_R","Defend_R","Defend_R","Defend_R","Defend_R"]},{"damage_healed":0,"gold_gain":0,"player_choice":"Cursed","damage_taken":0,"max_hp_gain":0,"max_hp_loss":0,"event_name":"Wheel of Change","floor":30,"gold_loss":0,"cards_obtained":["Decay"]},{"cards_removed":["Strike_R"],"damage_healed":0,"gold_gain":0,"player_choice":"Removed Attack","damage_taken":0,"max_hp_gain":0,"max_hp_loss":0,"event_name":"Falling","floor":48,"gold_loss":0}],"is_beta":false,"boss_relics":[{"not_picked":["White Beast Statue","Runic Dome"],"picked":"Philosopher\u0027s Stone"},{"not_picked":["Black Blood","Lizard Tail"],"picked":"Coffee Dripper"}],"items_purged_floors":[19,38],"is_endless":false,"potions_floor_spawned":[4,7,14,16,20,39,41,45],"ascension_level":0}