{"gold_per_floor":[113,127,402,18,31,96,151,184,258,258,121,157,157,157,157,258,258,297,333,59,59,59,59,117,117,141,182,197,212,212,232,232,232],"floor_reached":33,"playtime":3654,"items_purged":["Regret"],"score":563,"play_id":"c1a2a2c3-bb9a-418e-afcd-83caf7264d8d","local_time":"20190204015856","is_ascension_mode":true,"campfire_choices":[{"floor":10.0,"key":"REST"},{"data":"Cloak And Dagger","floor":13.0,"key":"SMITH"},{"floor":15.0,"key":"REST"},{"floor":23.0,"key":"REST"},{"floor":25.0,"key":"REST"},{"floor":32,"key":"REST"}],"neow_cost":"NONE","seed_source_timestamp":0,"circlet_count":0,"master_deck":["AscendersBane","Defend_G","Defend_G","Defend_G","Defend_G","Defend_G","Survivor","Neutralize","Cloak And Dagger+1","Dagger Throw","HandOfGreed","Dash","Cloak And Dagger","After Image","Crippling Poison","Blade Dance","Poisoned Stab","Flying Knee","Dodge and Roll","Backstab","Pain","Envenom","Endless Agony","Poisoned Stab+1","Infinite Blades","Blade Dance","Storm of Steel","Bite","Bite","Bite","Bite","Bite","Cloak And Dagger"],"special_seed":0,"relics":["Ring of the Snake","NeowsBlessing","Oddly Smooth Stone","Kunai","WarpedTongs","White Beast Statue","Shuriken","Ginger","Lantern"],"potions_floor_usage":[33,33],"damage_taken":[{"damage":0.0,"enemies":"Jaw Worm","floor":1.0,"turns":1.0},{"damage":0.0,"enemies":"Cultist","floor":2.0,"turns":1.0},{"damage":0.0,"enemies":"2 Louse","floor":5.0,"turns":1.0},{"damage":4.0,"enemies":"3 Sentries","floor":6.0,"turns":8.0},{"damage":2.0,"enemies":"Exordium Thugs","floor":7.0,"turns":7.0},{"damage":23.0,"enemies":"Large Slime","floor":8.0,"turns":5.0},{"damage":4.0,"enemies":"Red Slaver","floor":12.0,"turns":4.0},{"damage":27.0,"enemies":"Slime Boss","floor":16.0,"turns":14.0},{"damage":12.0,"enemies":"Shell Parasite","floor":18.0,"turns":6.0},{"damage":9.0,"enemies":"Spheric Guardian","floor":19.0,"turns":6.0},{"damage":41.0,"enemies":"Gremlin Leader","floor":24.0,"turns":3.0},{"damage":13.0,"enemies":"3 Cultists","floor":27.0,"turns":5.0},{"damage":11.0,"enemies":"Centurion and Healer","floor":28.0,"turns":4.0},{"damage":8,"enemies":"Chosen and Byrds","floor":29,"turns":6},{"damage":13,"enemies":"3 Cultists","floor":31,"turns":4},{"damage":67,"enemies":"Collector","floor":33,"turns":6}],"seed_played":"-7497386582124636812","potions_obtained":[{"floor":1.0,"key":"SkillPotion"},{"floor":2.0,"key":"Weak Potion"},{"floor":6.0,"key":"Block Potion"},{"floor":7.0,"key":"Fruit Juice"},{"floor":18.0,"key":"GamblersBrew"},{"floor":19.0,"key":"FearPotion"},{"floor":22.0,"key":"AttackPotion"},{"floor":24.0,"key":"Regen Potion"},{"floor":27.0,"key":"Strength Potion"},{"floor":28.0,"key":"PowerPotion"},{"floor":29,"key":"Fire Potion"}],"is_trial":false,"path_per_floor":["M","M","?","$","M","E","M","M","T","R","$","M","R","?","R","B",null,"M","M","$","?","?","R","E","R","T","M","M","M","?","M","R","B"],"character_chosen":"THE_SILENT","items_purchased":["HandOfGreed","Dash","Cloak And Dagger","Poisoned Stab","Flying Knee","Dodge and Roll","Shuriken"],"campfire_rested":5,"item_purchase_floors":[4,4,4,11,11,11,20],"current_hp_per_floor":[59,59,59,59,59,55,58,35,35,56,56,52,52,52,71,44,64,52,43,43,43,43,64,23,44,44,31,32,24,24,19,33,0],"gold":232,"neow_bonus":"THREE_ENEMY_KILL","is_prod":false,"is_daily":false,"chose_seed":false,"campfire_upgraded":1,"win_rate":0,"timestamp":1549263536,"path_taken":["M","M","?","$","?","E","M","M","T","R","$","M","R","?","R","BOSS","M","M","$","?","?","R","E","R","T","M","?","M","?","M","R","BOSS"],"build_version":"2019-01-23","purchased_purges":1,"victory":false,"max_hp_per_floor":[66,66,66,66,66,66,71,71,71,71,71,71,71,71,71,71,71,71,71,71,71,71,71,71,71,71,71,71,71,49,49,49,49],"card_choices":[{"not_picked":["Skewer","Concentrate"],"picked":"Cloak And Dagger","floor":1.0},{"not_picked":["Quick Slash","Concentrate"],"picked":"Dagger Throw","floor":2.0},{"not_picked":["Bane","Blur"],"picked":"After Image","floor":5.0},{"not_picked":["Tools of the Trade","Underhanded Strike"],"picked":"Crippling Poison","floor":6.0},{"not_picked":["Quick Slash","Acrobatics"],"picked":"Blade Dance","floor":7.0},{"not_picked":["Tactician","Outmaneuver","Bane"],"picked":"SKIP","floor":8.0},{"not_picked":["Catalyst","Calculated Gamble"],"picked":"Backstab","floor":12.0},{"not_picked":["A Thousand Cuts","Storm of Steel"],"picked":"Envenom","floor":16.0},{"not_picked":["Prepared","Tactician"],"picked":"Endless Agony","floor":18.0},{"not_picked":["Crippling Poison","Bouncing Flask"],"picked":"Poisoned Stab+1","floor":19.0},{"not_picked":["Deadly Poison","Skewer"],"picked":"Infinite Blades","floor":24.0},{"not_picked":["Sucker Punch","Deadly Poison"],"picked":"Blade Dance","floor":27.0},{"not_picked":["Quick Slash+1","Blade Dance","Underhanded Strike"],"picked":"SKIP","floor":28.0},{"not_picked":["Deadly Poison","Expertise"],"picked":"Storm of Steel","floor":29},{"not_picked":["Calculated Gamble","Deadly Poison"],"picked":"Cloak And Dagger","floor":31}],"player_experience":3181998,"relics_obtained":[{"floor":6.0,"key":"Oddly Smooth Stone"},{"floor":9.0,"key":"Kunai"},{"floor":24.0,"key":"Ginger"},{"floor":26.0,"key":"Lantern"}],"event_choices":[{"damage_healed":0.0,"max_hp_gain":0.0,"max_hp_loss":0.0,"gold_gain":275.0,"event_name":"Golden Shrine","player_choice":"Desecrate","floor":3.0,"gold_loss":0.0,"damage_taken":0.0,"cards_obtained":["Regret"]},{"damage_healed":0.0,"max_hp_gain":0.0,"max_hp_loss":0.0,"gold_gain":0.0,"event_name":"Accursed Blacksmith","player_choice":"Rummage","floor":14.0,"gold_loss":0.0,"damage_taken":0.0,"relics_obtained":["WarpedTongs"],"cards_obtained":["Pain"]},{"damage_healed":0.0,"max_hp_gain":0.0,"max_hp_loss":0.0,"gold_gain":0.0,"event_name":"Ghosts","player_choice":"Ignored","floor":21.0,"gold_loss":0.0,"damage_taken":0.0},{"damage_healed":0.0,"max_hp_gain":0.0,"max_hp_loss":0.0,"gold_gain":0.0,"event_name":"Lab","player_choice":"Got Potions","floor":22.0,"gold_loss":0.0,"damage_taken":0.0},{"damage_healed":0,"gold_gain":0,"player_choice":"Became a vampire","damage_taken":0,"max_hp_gain":0,"max_hp_loss":22,"event_name":"Vampires","floor":30,"gold_loss":0,"cards_obtained":["Bite","Bite","Bite","Bite","Bite"]}],"is_beta":false,"boss_relics":[{"not_picked":["Tiny House","Black Star"],"picked":"White Beast Statue"}],"items_purged_floors":[4],"is_endless":false,"potions_floor_spawned":[1,2,6,7,18,19,24,27,28,29,31],"killed_by":"Collector","ascension_level":20}