{"gold_per_floor":[18,33,33,33,49,49,77,77,100,115,45,45,145,156,156,255,255,269,269,369,389,404,404,432,432,432,449,461,259,286,3,3,103,153,166,166,166,184,198,224,235,252,252,474,474,487,487,837,837,837,837,837,333,360,360],"floor_reached":56,"playtime":14094,"items_purged":[],"score":1197,"play_id":"4eb91847-4ebb-4355-a625-5bbbbbfec351","local_time":"20190227024417","is_ascension_mode":false,"campfire_choices":[{"floor":6.0,"key":"RECALL"},{"data":"Terror","floor":8.0,"key":"SMITH"},{"floor":15.0,"key":"REST"},{"data":"Footwork","floor":23.0,"key":"SMITH"},{"data":"Noxious Fumes","floor":25.0,"key":"SMITH"},{"data":"Cloak And Dagger","floor":32.0,"key":"SMITH"},{"data":"Malaise","floor":45.0,"key":"SMITH"},{"data":"Adrenaline","floor":47.0,"key":"SMITH"},{"data":"Corpse Explosion","floor":49.0,"key":"SMITH"},{"data":"Footwork","floor":52.0,"key":"SMITH"}],"neow_cost":"NO_GOLD","seed_source_timestamp":0,"circlet_count":0,"master_deck":["Defend_G+1","Defend_G+1","Defend_G+1","Defend_G+1","Defend_G+1","Strike_G+1","Strike_G+1","Strike_G+1","Strike_G+1","Strike_G+1","Survivor","Neutralize","Adrenaline+1","Cloak And Dagger+1","Tactician","Endless Agony","Terror+1","Cloak And Dagger","Footwork+1","Noxious Fumes+1","Corpse Explosion+1","Dagger Throw+1","Dodge and Roll","Footwork+1","After Image","Bane","Glass Knife+1","PiercingWail","Catalyst+1","Blade Dance","Cloak And Dagger","Sucker Punch","Malaise+1","Infinite Blades+1","Blade Dance+1","Dodge and Roll+1","Caltrops","Malaise","Noxious Fumes"],"special_seed":0,"relics":["Ring of the Snake","Centennial Puzzle","Mango","PreservedInsect","Shuriken","Sozu","Mercury Hourglass","Thread and Needle","Red Mask","Whetstone","Tiny House","Pantograph","Old Coin","Oddly Smooth Stone","TheAbacus","Happy Flower"],"potions_floor_usage":[],"damage_taken":[{"damage":0.0,"enemies":"2 Louse","floor":1.0,"turns":2.0},{"damage":0.0,"enemies":"Jaw Worm","floor":2.0,"turns":5.0},{"damage":0.0,"enemies":"Cultist","floor":5.0,"turns":4.0},{"damage":11.0,"enemies":"3 Sentries","floor":7.0,"turns":13.0},{"damage":8.0,"enemies":"2 Fungi Beasts","floor":10.0,"turns":3.0},{"damage":0.0,"enemies":"Gremlin Gang","floor":14.0,"turns":4.0},{"damage":36.0,"enemies":"Hexaghost","floor":16.0,"turns":8.0},{"damage":0.0,"enemies":"Chosen","floor":18.0,"turns":5.0},{"damage":2.0,"enemies":"Shell Parasite","floor":21.0,"turns":4.0},{"damage":1.0,"enemies":"Cultist and Chosen","floor":22.0,"turns":5.0},{"damage":6.0,"enemies":"Book of Stabbing","floor":24.0,"turns":4.0},{"damage":3.0,"enemies":"Centurion and Healer","floor":27.0,"turns":5.0},{"damage":0.0,"enemies":"Shelled Parasite and Fungi","floor":28.0,"turns":3.0},{"damage":0.0,"enemies":"Masked Bandits","floor":30.0,"turns":3.0},{"damage":5.0,"enemies":"Automaton","floor":33.0,"turns":7.0},{"damage":0.0,"enemies":"Orb Walker","floor":35.0,"turns":3.0},{"damage":2.0,"enemies":"3 Shapes","floor":38.0,"turns":5.0},{"damage":0.0,"enemies":"Spire Growth","floor":39.0,"turns":4.0},{"damage":13.0,"enemies":"Reptomancer","floor":40.0,"turns":4.0},{"damage":0.0,"enemies":"Maw","floor":41.0,"turns":7.0},{"damage":1.0,"enemies":"Writhing Mass","floor":42.0,"turns":6.0},{"damage":0.0,"enemies":"Sphere and 2 Shapes","floor":46.0,"turns":5.0},{"damage":14.0,"enemies":"2 Orb Walkers","floor":48.0,"turns":4.0},{"damage":62.0,"enemies":"Time Eater","floor":50.0,"turns":18.0},{"damage":28,"enemies":"Shield and Spear","floor":54,"turns":6},{"damage":68,"enemies":"The Heart","floor":55,"turns":12}],"seed_played":"-6446397607872907750","potions_obtained":[{"floor":2.0,"key":"LiquidBronze"},{"floor":7.0,"key":"GamblersBrew"}],"is_trial":false,"path_per_floor":["M","M","?","?","M","R","E","R","T","M","$","T","?","M","R","B",null,"M","?","?","M","M","R","E","R","T","M","M","$","?","$","R","B",null,"M","?","?","M","M","E","M","M","T","?","R","M","R","?","R","B",null,"R","$","E","B",null],"character_chosen":"THE_SILENT","items_purchased":["Footwork","Glass Knife","PiercingWail","Blade Dance","Cloak And Dagger","Whetstone","Sucker Punch","Oddly Smooth Stone","Caltrops","Malaise","TheAbacus"],"campfire_rested":1,"item_purchase_floors":[11,29,29,31,31,31,31,53,53,53,53],"current_hp_per_floor":[70,70,70,63,63,63,66,66,66,58,58,58,58,58,83,47,84,84,84,84,82,81,81,75,75,75,72,72,72,72,72,72,67,89,89,85,85,83,83,70,70,69,69,69,69,69,69,55,55,18,85,85,85,57,14],"gold":360,"neow_bonus":"THREE_RARE_CARDS","is_prod":false,"is_daily":false,"chose_seed":false,"campfire_upgraded":8,"win_rate":0,"timestamp":1551253457,"path_taken":["M","M","?","?","M","R","E","R","T","M","$","?","?","M","R","BOSS","M","?","?","?","M","R","E","R","T","M","M","$","?","$","R","BOSS","M","?","?","M","M","E","M","M","T","?","R","M","R","?","R","BOSS","R","$","E","BOSS"],"build_version":"2019-01-23","purchased_purges":0,"victory":true,"max_hp_per_floor":[70,70,70,70,70,70,84,84,84,84,84,84,84,84,84,84,84,84,84,84,84,84,84,84,84,84,84,84,84,84,84,84,84,89,89,85,85,85,85,85,85,85,85,85,85,85,85,85,85,85,85,85,85,85,85],"card_choices":[{"not_picked":["Phantasmal Killer","Envenom"],"picked":"Adrenaline","floor":0.0},{"not_picked":["PiercingWail","Escape Plan"],"picked":"Cloak And Dagger","floor":1.0},{"not_picked":["Acrobatics","Blur"],"picked":"Tactician","floor":2.0},{"not_picked":["Choke","Bane"],"picked":"Endless Agony","floor":5.0},{"not_picked":["Blade Dance","Slice"],"picked":"Terror","floor":7.0},{"not_picked":["Underhanded Strike","Quick Slash"],"picked":"Cloak And Dagger","floor":10.0},{"not_picked":["Eviscerate","Riddle With Holes"],"picked":"Noxious Fumes","floor":14.0},{"not_picked":["Bullet Time","Venomology"],"picked":"Corpse Explosion","floor":16.0},{"not_picked":["All Out Attack","Deadly Poison"],"picked":"Dagger Throw","floor":18.0},{"not_picked":["Dash","Acrobatics","Underhanded Strike"],"picked":"SKIP","floor":21.0},{"not_picked":["Crippling Poison","Dash+1"],"picked":"Dodge and Roll","floor":22.0},{"not_picked":["Deadly Poison","Heel Hook"],"picked":"Footwork","floor":24.0},{"not_picked":["Deadly Poison+1","Crippling Poison"],"picked":"After Image","floor":27.0},{"not_picked":["Endless Agony","Backstab+1"],"picked":"Bane","floor":28.0},{"not_picked":["Deadly Poison","Accuracy+1"],"picked":"Catalyst","floor":30.0},{"not_picked":["Venomology","Unload"],"picked":"Malaise","floor":33.0},{"not_picked":["Deadly Poison","Dagger Throw+1"],"picked":"All Out Attack+1","floor":35.0},{"not_picked":["Underhanded Strike+1","Poisoned Stab"],"picked":"Infinite Blades+1","floor":38.0},{"not_picked":["Bane","Acrobatics+1"],"picked":"Blade Dance+1","floor":39.0},{"not_picked":["Underhanded Strike","Riddle With Holes"],"picked":"Dodge and Roll+1","floor":40.0},{"not_picked":["Slice","Quick Slash","Underhanded Strike+1"],"picked":"SKIP","floor":41.0},{"not_picked":["Bane","Flechettes","Acrobatics"],"picked":"SKIP","floor":42.0},{"not_picked":["Bane+1","Flying Knee","Acrobatics"],"picked":"SKIP","floor":46.0},{"not_picked":["Blade Dance+1","Poisoned Stab+1"],"picked":"Noxious Fumes","floor":54}],"player_experience":62789,"relics_obtained":[{"floor":7.0,"key":"Mango"},{"floor":9.0,"key":"PreservedInsect"},{"floor":12.0,"key":"Shuriken"},{"floor":24.0,"key":"Mercury Hourglass"},{"floor":26.0,"key":"Thread and Needle"},{"floor":30.0,"key":"Red Mask"},{"floor":40.0,"key":"Pantograph"},{"floor":48.0,"key":"Old Coin"},{"floor":54,"key":"Happy Flower"}],"event_choices":[{"damage_healed":0.0,"max_hp_gain":0.0,"max_hp_loss":0.0,"gold_gain":0.0,"event_name":"Big Fish","player_choice":"Box","floor":3.0,"gold_loss":0.0,"damage_taken":0.0,"relics_obtained":["Centennial Puzzle"],"cards_obtained":["Regret"]},{"cards_removed":["Regret"],"damage_healed":0.0,"max_hp_gain":0.0,"max_hp_loss":0.0,"gold_gain":0.0,"event_name":"Golden Wing","player_choice":"Card Removal","floor":4.0,"gold_loss":0.0,"damage_taken":7.0},{"damage_healed":0.0,"max_hp_gain":0.0,"max_hp_loss":0.0,"gold_gain":100.0,"event_name":"Golden Shrine","player_choice":"Pray","floor":13.0,"gold_loss":0.0,"damage_taken":0.0},{"damage_healed":0.0,"max_hp_gain":0.0,"max_hp_loss":0.0,"gold_gain":0.0,"event_name":"Back to Basics","player_choice":"Simplicity","floor":19.0,"gold_loss":0.0,"damage_taken":0.0,"cards_upgraded":["Defend_G","Defend_G","Defend_G","Defend_G","Defend_G","Strike_G","Strike_G","Strike_G","Strike_G","Strike_G"]},{"damage_healed":0.0,"max_hp_gain":0.0,"max_hp_loss":0.0,"gold_gain":100.0,"event_name":"Golden Shrine","player_choice":"Pray","floor":20.0,"gold_loss":0.0,"damage_taken":0.0},{"damage_healed":0.0,"max_hp_gain":0.0,"max_hp_loss":0.0,"gold_gain":0.0,"event_name":"Masked Bandits","player_choice":"Fought Bandits","floor":30.0,"gold_loss":0.0,"damage_taken":0.0},{"damage_healed":0.0,"max_hp_gain":0.0,"max_hp_loss":4.0,"gold_gain":0.0,"event_name":"Winding Halls","player_choice":"Max HP","floor":36.0,"gold_loss":0.0,"damage_taken":0.0},{"cards_removed":["All Out Attack"],"damage_healed":0.0,"max_hp_gain":0.0,"max_hp_loss":0.0,"gold_gain":0.0,"event_name":"Falling","player_choice":"Removed Attack","floor":37.0,"gold_loss":0.0,"damage_taken":0.0},{"damage_healed":0.0,"max_hp_gain":0.0,"max_hp_loss":0.0,"gold_gain":222.0,"event_name":"Tomb of Lord Red Mask","player_choice":"Wore Mask","floor":44.0,"gold_loss":0.0,"damage_taken":0.0},{"damage_healed":0.0,"max_hp_gain":0.0,"max_hp_loss":0.0,"gold_gain":0.0,"event_name":"Mysterious Sphere","player_choice":"Fight","floor":48.0,"gold_loss":0.0,"damage_taken":0.0}],"is_beta":false,"boss_relics":[{"not_picked":["Astrolabe","Busted Crown"],"picked":"Sozu"},{"not_picked":["Runic Dome","Empty Cage"],"picked":"Tiny House"}],"items_purged_floors":[],"is_endless":false,"potions_floor_spawned":[2,7,21,24,30,35,38,48],"ascension_level":0}