{"gold_per_floor":[110,130,146,33,52,87,87,64,64,64,74,108,108,108,108,212,212,212,212,212,212,212,212,42,42,42,42,42,42,42,42,42,42,42,42,42,42,42,42,42,42],"floor_reached":41,"playtime":7344,"items_purged":[],"score":451,"play_id":"cca89c00-087c-480a-99d4-a65c554a3c84","local_time":"20190106183725","is_ascension_mode":false,"campfire_choices":[{"data":"Armaments","floor":7.0,"key":"SMITH"},{"data":"True Grit","floor":13.0,"key":"SMITH"},{"data":"Fiend Fire","floor":15.0,"key":"SMITH"},{"data":"Barricade","floor":23.0,"key":"SMITH"},{"floor":28.0,"key":"REST"},{"data":"Whirlwind","floor":30.0,"key":"SMITH"},{"floor":32.0,"key":"REST"}],"neow_cost":"NONE","seed_source_timestamp":49405359955799,"circlet_count":0,"master_deck":["Strike_R","Strike_R","Strike_R","Strike_R","Defend_R+1","Defend_R","Defend_R+1","Defend_R","Bash","Cleave","Armaments+1","Fiend Fire+1","Shrug It Off","Twin Strike","True Grit+1","Headbutt","Barricade+1","Feel No Pain","Whirlwind+1","Finesse","Writhe","Juggernaut","Warcry+1","Shockwave+1"],"special_seed":0,"relics":["Burning Blood","NeowsBlessing","Bag of Preparation","War Paint","Pear","Mummified Hand","Ectoplasm","Red Mask","Letter Opener","Enchiridion","Sozu","Nunchaku"],"potions_floor_usage":[],"damage_taken":[{"damage":0.0,"enemies":"Cultist","floor":1.0,"turns":1.0},{"damage":0.0,"enemies":"Jaw Worm","floor":2.0,"turns":1.0},{"damage":0.0,"enemies":"Small Slimes","floor":3.0,"turns":1.0},{"damage":10.0,"enemies":"Looter","floor":5.0,"turns":2.0},{"damage":23.0,"enemies":"3 Sentries","floor":6.0,"turns":9.0},{"damage":1.0,"enemies":"2 Fungi Beasts","floor":11.0,"turns":4.0},{"damage":1.0,"enemies":"Gremlin Nob","floor":12.0,"turns":2.0},{"damage":37.0,"enemies":"Slime Boss","floor":16.0,"turns":10.0},{"damage":9.0,"enemies":"3 Byrds","floor":18.0,"turns":6.0},{"damage":4.0,"enemies":"Shell Parasite","floor":20.0,"turns":8.0},{"damage":21.0,"enemies":"Snake Plant","floor":21.0,"turns":7.0},{"damage":10.0,"enemies":"3 Cultists","floor":22.0,"turns":6.0},{"damage":19.0,"enemies":"Masked Bandits","floor":25.0,"turns":5.0},{"damage":4.0,"enemies":"Chosen and Byrds","floor":27.0,"turns":8.0},{"damage":60.0,"enemies":"Collector","floor":33.0,"turns":11.0},{"damage":7.0,"enemies":"3 Darklings","floor":35.0,"turns":5.0},{"damage":0.0,"enemies":"Orb Walker","floor":36.0,"turns":3.0},{"damage":48.0,"enemies":"2 Orb Walkers","floor":39.0,"turns":5.0},{"damage":36,"enemies":"Writhing Mass","floor":40,"turns":6},{"damage":26,"enemies":"4 Shapes","floor":41,"turns":1}],"seed_played":"1919528031017717383","potions_obtained":[{"floor":2.0,"key":"Fire Potion"},{"floor":3.0,"key":"Energy Potion"},{"floor":6.0,"key":"Swift Potion"},{"floor":11.0,"key":"PowerPotion"},{"floor":16.0,"key":"Strength Potion"},{"floor":18.0,"key":"LiquidBronze"},{"floor":20.0,"key":"EssenceOfSteel"},{"floor":25.0,"key":"EssenceOfSteel"}],"is_trial":false,"path_per_floor":["M","M","M","$","M","E","R","$","T","$","M","E","R","T","R","B",null,"M","?","M","M","M","R","$","?","T","M","R","?","R","?","R","B",null,"M","M","$","?","?","M","M"],"character_chosen":"IRONCLAD","items_purchased":["Fiend Fire","Shrug It Off","True Grit","Whirlwind","Finesse"],"campfire_rested":2,"item_purchase_floors":[4,4,8,24,24],"current_hp_per_floor":[80,80,80,80,76,59,59,59,59,59,64,79,79,79,79,48,90,87,69,71,56,52,52,52,39,39,41,69,69,69,53,81,27,95,94,95,95,95,53,23,0],"gold":42,"neow_bonus":"THREE_ENEMY_KILL","is_prod":false,"is_daily":false,"chose_seed":false,"campfire_upgraded":5,"win_rate":0,"timestamp":1546817845,"path_taken":["M","?","?","?","M","E","R","$","T","$","M","E","R","?","R","BOSS","M","?","M","M","M","R","$","?","T","M","R","?","R","?","R","BOSS","M","M","$","?","?","M","M"],"build_version":"2019-01-03v4","purchased_purges":0,"victory":false,"max_hp_per_floor":[80,80,80,80,80,80,80,80,80,80,80,90,90,90,90,90,90,90,95,95,95,95,95,95,95,95,95,95,95,95,95,95,95,95,95,95,95,95,95,95,95],"card_choices":[{"not_picked":["Clash","Blood for Blood"],"picked":"Cleave","floor":1.0},{"not_picked":["Sentinel","Cleave","Perfected Strike"],"picked":"SKIP","floor":2.0},{"not_picked":["Fire Breathing","Combust"],"picked":"Armaments","floor":3.0},{"not_picked":["Shrug It Off","Thunderclap"],"picked":"Twin Strike","floor":5.0},{"not_picked":["Combust","Pummel","Burning Pact"],"picked":"SKIP","floor":6.0},{"not_picked":["Armaments","Sword Boomerang","Exhume"],"picked":"SKIP","floor":11.0},{"not_picked":["Armaments","Sentinel"],"picked":"Headbutt","floor":12.0},{"not_picked":["Fiend Fire","Juggernaut"],"picked":"Barricade","floor":16.0},{"not_picked":["Clothesline","Intimidate","Warcry"],"picked":"SKIP","floor":18.0},{"not_picked":["Rage","Carnage","Twin Strike"],"picked":"SKIP","floor":20.0},{"not_picked":["True Grit","Headbutt","Rupture"],"picked":"SKIP","floor":21.0},{"not_picked":["Sword Boomerang","Seeing Red"],"picked":"Feel No Pain","floor":22.0},{"not_picked":["Hemokinesis+1","Uppercut","True Grit"],"picked":"SKIP","floor":27.0},{"not_picked":["Fiend Fire","Limit Break"],"picked":"Juggernaut","floor":33.0},{"not_picked":["Havoc","Seeing Red"],"picked":"Warcry+1","floor":35.0},{"not_picked":["Heavy Blade+1","Perfected Strike","Spot Weakness+1"],"picked":"SKIP","floor":36.0},{"not_picked":["Cleave+1","Twin Strike+1"],"picked":"Shockwave+1","floor":39.0},{"not_picked":["Sword Boomerang+1","Searing Blow+1","Headbutt"],"picked":"SKIP","floor":40}],"player_experience":2808375,"relics_obtained":[{"floor":6.0,"key":"Bag of Preparation"},{"floor":9.0,"key":"War Paint"},{"floor":12.0,"key":"Pear"},{"floor":14.0,"key":"Mummified Hand"},{"floor":25.0,"key":"Red Mask"},{"floor":31.0,"key":"Enchiridion"},{"floor":39.0,"key":"Nunchaku"}],"event_choices":[{"damage_healed":0.0,"max_hp_gain":5.0,"max_hp_loss":0.0,"gold_gain":0.0,"event_name":"Forgotten Altar","player_choice":"Shed Blood","floor":19.0,"gold_loss":0.0,"damage_taken":23.0},{"damage_healed":0.0,"max_hp_gain":0.0,"max_hp_loss":0.0,"gold_gain":0.0,"event_name":"Masked Bandits","player_choice":"Fought Bandits","floor":25.0,"gold_loss":0.0,"damage_taken":0.0},{"damage_healed":0.0,"max_hp_gain":0.0,"max_hp_loss":0.0,"gold_gain":0.0,"event_name":"The Mausoleum","player_choice":"Opened","floor":29.0,"gold_loss":0.0,"damage_taken":0.0,"relics_obtained":["Letter Opener"],"cards_obtained":["Writhe"]},{"damage_healed":0.0,"max_hp_gain":0.0,"max_hp_loss":0.0,"gold_gain":0.0,"event_name":"Cursed Tome","player_choice":"Obtained Book","floor":31.0,"gold_loss":0.0,"damage_taken":16.0},{"cards_removed":["Strike_R"],"damage_healed":0.0,"max_hp_gain":0.0,"max_hp_loss":0.0,"gold_gain":0.0,"event_name":"Falling","player_choice":"Removed Attack","floor":38.0,"gold_loss":0.0,"damage_taken":0.0},{"damage_healed":0.0,"max_hp_gain":0.0,"max_hp_loss":0.0,"gold_gain":0.0,"event_name":"Mysterious Sphere","player_choice":"Fight","floor":39.0,"gold_loss":0.0,"damage_taken":0.0}],"is_beta":false,"boss_relics":[{"not_picked":["Empty Cage","Calling Bell"],"picked":"Ectoplasm"},{"not_picked":["Pandora\u0027s Box","Busted Crown"],"picked":"Sozu"}],"items_purged_floors":[],"is_endless":false,"potions_floor_spawned":[2,3,6,11,16,18,20,21,25,27,39,40],"killed_by":"4 Shapes","ascension_level":0}