{"gold_per_floor":[110,86,11,25,25,45,70,83,109,9,44,56,68,98,110,122],"floor_reached":16,"playtime":3624,"items_purged":[],"score":215,"play_id":"f4bad1e7-d3ab-4081-a594-79e358b3a6a8","local_time":"20190104170029","is_ascension_mode":true,"campfire_choices":[{"floor":13,"key":"REST"},{"data":"Body Slam","floor":15,"key":"SMITH"}],"neow_cost":"NONE","seed_source_timestamp":253489379723607,"circlet_count":0,"master_deck":["AscendersBane","Strike_R","Strike_R","Strike_R","Strike_R","Strike_R","Defend_R","Defend_R","Defend_R","Defend_R","Shrug It Off","True Grit","Headbutt","Cleave","Fiend Fire","Ghostly Armor","Heavy Blade","Flame Barrier","Shrug It Off","Evolve","Flame Barrier","Parasite","Body Slam+1"],"special_seed":0,"relics":["Burning Blood","NeowsBlessing","Centennial Puzzle","Juzu Bracelet","MawBank"],"potions_floor_usage":[11,16],"damage_taken":[{"damage":0.0,"enemies":"Small Slimes","floor":1.0,"turns":1.0},{"damage":0.0,"enemies":"2 Louse","floor":4.0,"turns":1.0},{"damage":0.0,"enemies":"Cultist","floor":6.0,"turns":1.0},{"damage":24.0,"enemies":"3 Sentries","floor":7.0,"turns":9.0},{"damage":7.0,"enemies":"Exordium Wildlife","floor":8.0,"turns":8.0},{"damage":41,"enemies":"Lagavulin","floor":11,"turns":8},{"damage":16,"enemies":"2 Fungi Beasts","floor":14,"turns":3},{"damage":45,"enemies":"Hexaghost","floor":16,"turns":12}],"seed_played":"-7532309224210453022","potions_obtained":[{"floor":1.0,"key":"Weak Potion"},{"floor":7.0,"key":"EssenceOfSteel"},{"floor":11,"key":"Block Potion"}],"is_trial":false,"path_per_floor":["M","$","?","M","?","M","E","M","T","$","E","?","R","M","R","B"],"character_chosen":"IRONCLAD","items_purchased":["True Grit","Shrug It Off","Evolve"],"campfire_rested":1,"item_purchase_floors":[2,10,10],"current_hp_per_floor":[74,74,74,75,75,75,57,56,56,56,21,39,61,51,51,6],"gold":122,"neow_bonus":"THREE_ENEMY_KILL","is_prod":false,"is_daily":false,"chose_seed":false,"campfire_upgraded":1,"win_rate":0,"timestamp":1546639229,"path_taken":["M","$","?","M","?","?","E","M","T","$","E","?","R","M","R","BOSS"],"build_version":"2019-01-03v4","purchased_purges":0,"victory":false,"max_hp_per_floor":[75,75,75,75,75,75,75,75,75,75,75,75,75,75,75,75],"card_choices":[{"not_picked":["Ghostly Armor","Second Wind"],"picked":"Shrug It Off","floor":1.0},{"not_picked":["Perfected Strike","Wild Strike"],"picked":"Headbutt","floor":4.0},{"not_picked":["Flex","Exhume"],"picked":"Heavy Blade","floor":6.0},{"not_picked":["Thunderclap","Sentinel"],"picked":"Flame Barrier","floor":7.0},{"not_picked":["Clash","Havoc","Heavy Blade"],"picked":"SKIP","floor":8.0},{"not_picked":["Armaments","Uppercut"],"picked":"Flame Barrier","floor":11},{"not_picked":["Cleave","Warcry"],"picked":"Body Slam","floor":14}],"player_experience":2787412,"relics_obtained":[{"floor":7.0,"key":"Centennial Puzzle"},{"floor":9.0,"key":"Juzu Bracelet"},{"floor":11,"key":"MawBank"}],"event_choices":[{"cards_removed":["Bash"],"damage_healed":0.0,"max_hp_gain":0.0,"max_hp_loss":0.0,"gold_gain":0.0,"event_name":"The Cleric","player_choice":"Card Removal","floor":3.0,"gold_loss":75.0,"damage_taken":0.0},{"damage_healed":0.0,"max_hp_gain":0.0,"max_hp_loss":0.0,"gold_gain":0.0,"event_name":"Match and Keep!","player_choice":"3 cards matched","floor":5.0,"gold_loss":0.0,"damage_taken":0.0,"cards_obtained":["Cleave","Fiend Fire","Ghostly Armor"]},{"damage_healed":0.0,"max_hp_gain":0.0,"max_hp_loss":0.0,"gold_gain":0.0,"event_name":"Match and Keep!","player_choice":"3 cards matched","floor":5.0,"gold_loss":0.0,"damage_taken":0.0,"cards_obtained":["Cleave","Fiend Fire","Ghostly Armor"]},{"damage_healed":18,"gold_gain":0,"player_choice":"Healed and dodged fight","damage_taken":0,"max_hp_gain":0,"max_hp_loss":0,"event_name":"Mushrooms","floor":12,"gold_loss":0,"cards_obtained":["Parasite"]}],"is_beta":false,"boss_relics":[],"items_purged_floors":[],"is_endless":false,"potions_floor_spawned":[1,7,11],"killed_by":"Hexaghost","ascension_level":19}