{"gold_per_floor":[111,130,142,329,358,370,401,413,448,504,539,331,331,364,364,461,461,479,479,243,269,284,310,310,320,320,330,330,340,340,368,368,467,467],"floor_reached":34,"playtime":6110,"items_purged":["Regret"],"score":789,"play_id":"1f04de3c-391c-42b9-a94a-2db6377c4630","local_time":"20190127173401","daily_mods":["Vintage"],"is_ascension_mode":false,"campfire_choices":[{"data":"Magnetism","floor":6.0,"key":"SMITH"},{"data":"Metamorphosis","floor":8.0,"key":"SMITH"},{"data":"Chrysalis","floor":13.0,"key":"SMITH"},{"data":"Feel No Pain","floor":15,"key":"SMITH"},{"data":"Double Tap","floor":24,"key":"SMITH"},{"data":"Bandage Up","floor":28,"key":"SMITH"},{"data":"Metallicize","floor":32,"key":"SMITH"}],"neow_cost":"","seed_source_timestamp":0,"circlet_count":0,"master_deck":["Magnetism+1","Chrysalis+1","Metamorphosis+1","Discovery","Discovery","Discovery","Discovery","Discovery","Discovery","Discovery","Discovery","Discovery","Discovery","Feel No Pain+1","Double Tap+1","Bandage Up+1","Metallicize+1"],"special_seed":0,"relics":["Burning Blood","Orichalcum","MawBank","Mercury Hourglass","Omamori","Bag of Marbles","Anchor","Tiny Chest","Whetstone","Boot","Unceasing Top","Sozu","Strawberry","Spirit Poop","Vajra","Ancient Tea Set","PreservedInsect","Bag of Preparation","Happy Flower","Dead Branch","Smiling Mask","Bronze Scales","Calipers","Centennial Puzzle","Philosopher\u0027s Stone"],"potions_floor_usage":[14],"damage_taken":[{"damage":0.0,"enemies":"Small Slimes","floor":1.0,"turns":2.0},{"damage":3.0,"enemies":"Jaw Worm","floor":2.0,"turns":2.0},{"damage":0.0,"enemies":"Cultist","floor":5.0,"turns":3.0},{"damage":0.0,"enemies":"Exordium Wildlife","floor":7.0,"turns":1.0},{"damage":0.0,"enemies":"Gremlin Gang","floor":10.0,"turns":3.0},{"damage":0,"enemies":"Gremlin Nob","floor":14,"turns":2},{"damage":3,"enemies":"Slime Boss","floor":16,"turns":4},{"damage":0,"enemies":"3 Byrds","floor":18,"turns":1},{"damage":4,"enemies":"Shell Parasite","floor":22,"turns":3},{"damage":0,"enemies":"Slavers","floor":23,"turns":2},{"damage":2,"enemies":"3 Cultists","floor":25,"turns":2},{"damage":3,"enemies":"Snake Plant","floor":27,"turns":1},{"damage":0,"enemies":"Centurion and Healer","floor":29,"turns":1},{"damage":0,"enemies":"Gremlin Leader","floor":31,"turns":3},{"damage":6,"enemies":"Collector","floor":33,"turns":3}],"seed_played":"-8129115714346930909","potions_obtained":[{"floor":5.0,"key":"SteroidPotion"},{"floor":7.0,"key":"Weak Potion"},{"floor":10.0,"key":"Poison Potion"},{"floor":14,"key":"EssenceOfSteel"}],"is_trial":true,"path_per_floor":["M","M","?","?","M","R","M","R","T","M","T","$","R","E","R","B",null,"M","?","$","T","M","E","R","M","T","M","R","M","T","E","R","B",null],"character_chosen":"IRONCLAD","items_purchased":["Boot","Bandage Up","Vajra"],"campfire_rested":0,"item_purchase_floors":[12,20,20],"current_hp_per_floor":[80,80,80,80,80,80,80,80,80,80,80,80,80,80,80,80,80,87,87,87,87,87,87,87,87,87,87,87,87,87,87,87,87,87],"gold":467,"neow_bonus":"","is_prod":false,"is_daily":false,"chose_seed":false,"campfire_upgraded":7,"win_rate":0,"timestamp":1548628441,"path_taken":["M","M","?","?","M","R","M","R","T","M","?","$","R","E","R","BOSS","M","?","?","?","M","E","R","M","T","?","R","M","?","E","R","BOSS"],"build_version":"2019-01-23","purchased_purges":1,"victory":false,"max_hp_per_floor":[80,80,80,80,80,80,80,80,80,80,80,80,80,80,80,80,80,87,87,87,87,87,87,87,87,87,87,87,87,87,87,87,87,87],"card_choices":[{"not_picked":["Limit Break","Clash"],"picked":"Feel No Pain","floor":14},{"not_picked":["Immolate","Exhume"],"picked":"Double Tap","floor":16},{"not_picked":["Perfected Strike","Intimidate","Bludgeon"],"picked":"SKIP","floor":23},{"not_picked":["Cleave+1","Warcry"],"picked":"Metallicize","floor":31}],"player_experience":3116314,"relics_obtained":[{"floor":1.0,"key":"Orichalcum"},{"floor":2.0,"key":"MawBank"},{"floor":5.0,"key":"Omamori"},{"floor":7.0,"key":"Bag of Marbles"},{"floor":9.0,"key":"Anchor"},{"floor":10.0,"key":"Tiny Chest"},{"floor":11.0,"key":"Whetstone"},{"floor":14,"key":"Unceasing Top"},{"floor":18,"key":"Strawberry"},{"floor":21,"key":"Ancient Tea Set"},{"floor":22,"key":"PreservedInsect"},{"floor":23,"key":"Bag of Preparation"},{"floor":25,"key":"Happy Flower"},{"floor":26,"key":"Dead Branch"},{"floor":27,"key":"Smiling Mask"},{"floor":29,"key":"Bronze Scales"},{"floor":30,"key":"Calipers"},{"floor":31,"key":"Centennial Puzzle"}],"event_choices":[{"damage_healed":0.0,"max_hp_gain":0.0,"max_hp_loss":0.0,"gold_gain":0.0,"event_name":"Big Fish","player_choice":"Box","floor":3.0,"gold_loss":0.0,"damage_taken":0.0,"relics_obtained":["Mercury Hourglass"],"cards_obtained":["Regret"]},{"damage_healed":0.0,"max_hp_gain":0.0,"max_hp_loss":0.0,"gold_gain":175.0,"event_name":"Liars Game","player_choice":"AGREE","floor":4.0,"gold_loss":0.0,"damage_taken":0.0,"cards_obtained":["Doubt"]},{"cards_removed":["Doubt"],"damage_healed":0,"gold_gain":0,"player_choice":"Offered Curse","damage_taken":0,"relics_obtained":["Spirit Poop"],"max_hp_gain":0,"max_hp_loss":0,"event_name":"Bonfire Elementals","floor":19,"gold_loss":0}],"is_beta":false,"boss_relics":[{"not_picked":["Tiny House","Runic Dome"],"picked":"Sozu"},{"not_picked":["Black Star","Empty Cage"],"picked":"Philosopher\u0027s Stone"}],"items_purged_floors":[12],"is_endless":true,"potions_floor_spawned":[5,7,10,14,22,23,29],"ascension_level":0}