{"gold_per_floor":[217,217,217,217,235,235,253,105,105,138,138,138,163,182,182,305,305,320,395,413,538,556,556,572,572,572,596,596,609,632,632,632,756,756,780,509,570,34,34,34,34,34,87,87,106,125,125,225,225,225],"floor_reached":51,"playtime":1846,"items_purged":["Strike_R","Strike_R"],"score":695,"play_id":"116a51fb-b79a-4eea-9009-85f8a9d2d711","local_time":"20190324162058","is_ascension_mode":false,"campfire_choices":[{"data":"Armaments","floor":6.0,"key":"SMITH"},{"data":"Heavy Blade","floor":12.0,"key":"SMITH"},{"data":"Bash","floor":15.0,"key":"SMITH"},{"data":"Bash","floor":23.0,"key":"SMITH"},{"data":"Flex","floor":25.0,"key":"SMITH"},{"data":"Double Tap","floor":28.0,"key":"SMITH"},{"data":"Infernal Blade","floor":32.0,"key":"SMITH"},{"data":"Discovery","floor":40.0,"key":"SMITH"},{"data":"Panacea","floor":42.0,"key":"SMITH"},{"data":"Master of Strategy","floor":44.0,"key":"SMITH"},{"data":"Battle Trance","floor":47,"key":"SMITH"},{"data":"Battle Trance","floor":49,"key":"SMITH"}],"neow_cost":"NONE","seed_source_timestamp":0,"circlet_count":0,"master_deck":["Strike_R","Strike_R+1","Defend_R","Defend_R","Defend_R","Defend_R+1","Bash+1","Infernal Blade+1","Battle Trance+1","Bash+1","Impatience","Armaments+1","Cleave","Heavy Blade+1","Carnage","Double Tap+1","Infernal Blade+1","Flex+1","Whirlwind+1","Thunderclap","Demon Form+1","True Grit+1","Feed","Shockwave+1","Master of Strategy+1","Panacea+1","Discovery+1","Impatience","Battle Trance+1","Inflame+1","Heavy Blade+1"],"special_seed":0,"relics":["Burning Blood","Red Skull","Unceasing Top","Bronze Scales","Golden Idol","Sozu","Prayer Wheel","Frozen Egg 2","Dream Catcher","Coffee Dripper","Ginger","ClockworkSouvenir","Bottled Lightning","Lantern"],"potions_floor_usage":[50,50],"damage_taken":[{"damage":6.0,"enemies":"2 Louse","floor":1.0,"turns":3.0},{"damage":3.0,"enemies":"Jaw Worm","floor":5.0,"turns":3.0},{"damage":0.0,"enemies":"Cultist","floor":7.0,"turns":3.0},{"damage":23.0,"enemies":"Lagavulin","floor":10.0,"turns":5.0},{"damage":0.0,"enemies":"2 Fungi Beasts","floor":13.0,"turns":3.0},{"damage":2.0,"enemies":"Blue Slaver","floor":14.0,"turns":3.0},{"damage":28.0,"enemies":"Slime Boss","floor":16.0,"turns":8.0},{"damage":2.0,"enemies":"3 Byrds","floor":18.0,"turns":3.0},{"damage":10.0,"enemies":"Shell Parasite","floor":20.0,"turns":4.0},{"damage":20.0,"enemies":"Colosseum Slavers","floor":21.0,"turns":3.0},{"damage":24.0,"enemies":"Colosseum Nobs","floor":21.0,"turns":4.0},{"damage":3.0,"enemies":"Centurion and Healer","floor":22.0,"turns":4.0},{"damage":7.0,"enemies":"Cultist and Chosen","floor":24.0,"turns":4.0},{"damage":0.0,"enemies":"Snecko","floor":27.0,"turns":2.0},{"damage":9.0,"enemies":"Shelled Parasite and Fungi","floor":29.0,"turns":3.0},{"damage":1.0,"enemies":"Centurion and Healer","floor":30.0,"turns":3.0},{"damage":47.0,"enemies":"Collector","floor":33.0,"turns":8.0},{"damage":12.0,"enemies":"3 Shapes","floor":35.0,"turns":3.0},{"damage":0.0,"enemies":"2 Orb Walkers","floor":37.0,"turns":1.0},{"damage":5.0,"enemies":"3 Darklings","floor":45.0,"turns":3.0},{"damage":16,"enemies":"Transient","floor":46,"turns":5},{"damage":32,"enemies":"Time Eater","floor":50,"turns":5}],"seed_played":"2791447914584663017","potions_obtained":[{"floor":1.0,"key":"Swift Potion"},{"floor":13.0,"key":"PowerPotion"},{"floor":14.0,"key":"Poison Potion"},{"floor":16.0,"key":"Explosive Potion"}],"is_trial":false,"path_per_floor":["M","?","?","?","M","R","M","$","T","E","?","R","M","M","R","B",null,"M","?","M","?","M","R","M","R","T","M","R","M","M","?","R","B",null,"M","$","?","$","?","R","?","R","T","R","M","M","R","?","R","B",null],"character_chosen":"IRONCLAD","items_purchased":["Red Skull","Master of Strategy","ClockworkSouvenir","Bottled Lightning"],"campfire_rested":0,"item_purchase_floors":[8,36,38,38],"current_hp_per_floor":[80,64,57,57,60,60,66,66,66,49,49,49,55,59,59,37,74,74,67,63,31,34,34,33,33,33,39,39,36,41,84,84,43,84,81,81,87,87,77,77,69,69,69,69,70,60,60,60,60,34],"gold":225,"neow_bonus":"HUNDRED_GOLD","is_prod":false,"is_daily":false,"chose_seed":false,"campfire_upgraded":12,"win_rate":0,"timestamp":1553466058,"path_taken":["M","?","?","?","M","R","?","$","T","E","?","R","M","M","R","BOSS","BOSS","M","?","?","?","M","R","M","R","T","M","R","M","M","?","R","BOSS","M","$","?","$","?","R","?","R","T","R","M","?","R","?","R","BOSS"],"build_version":"2019-01-23","purchased_purges":2,"victory":true,"max_hp_per_floor":[80,80,80,80,80,80,80,80,80,80,74,74,74,74,74,74,74,74,74,74,74,74,74,74,74,74,74,74,74,74,84,84,84,84,87,87,87,87,87,87,87,87,87,87,87,87,87,87,87,87],"card_choices":[{"not_picked":["Burning Pact","Cleave"],"picked":"Infernal Blade","floor":1.0},{"not_picked":["Perfected Strike","Cleave"],"picked":"Armaments","floor":5.0},{"not_picked":["Heavy Blade","Clash"],"picked":"Cleave","floor":7.0},{"not_picked":["Bloodletting","Shrug It Off"],"picked":"Heavy Blade","floor":10.0},{"not_picked":["Sword Boomerang","Entrench"],"picked":"Carnage","floor":13.0},{"not_picked":["Pommel Strike","Thunderclap","True Grit"],"picked":"SKIP","floor":14.0},{"not_picked":["Berserk","Dark Embrace"],"picked":"Double Tap","floor":16.0},{"not_picked":["Anger","Searing Blow","Burning Pact"],"picked":"SKIP","floor":18.0},{"not_picked":["Heavy Blade","Anger","Headbutt"],"picked":"SKIP","floor":20.0},{"not_picked":["Sentinel","Perfected Strike","Thunderclap+1"],"picked":"SKIP","floor":22.0},{"not_picked":["Flame Barrier+1","Ghostly Armor","Infernal Blade+1"],"picked":"SKIP","floor":22.0},{"not_picked":["Flame Barrier+1","Ghostly Armor"],"picked":"Infernal Blade+1","floor":22.0},{"not_picked":["Sentinel","Perfected Strike","Thunderclap+1"],"picked":"SKIP","floor":22.0},{"not_picked":["Hemokinesis","Heavy Blade","Double Tap"],"picked":"SKIP","floor":24.0},{"not_picked":["Sword Boomerang","True Grit","Flex"],"picked":"SKIP","floor":24.0},{"not_picked":["Hemokinesis","Heavy Blade"],"picked":"Double Tap","floor":24.0},{"not_picked":["Sword Boomerang","True Grit"],"picked":"Flex","floor":24.0},{"not_picked":["Flex","Perfected Strike"],"picked":"Whirlwind+1","floor":27.0},{"not_picked":["Perfected Strike+1","Iron Wave"],"picked":"Thunderclap","floor":27.0},{"not_picked":["Body Slam","Heavy Blade"],"picked":"Demon Form+1","floor":29.0},{"not_picked":["Ghostly Armor","Pommel Strike"],"picked":"True Grit+1","floor":29.0},{"not_picked":["Pommel Strike","Clothesline","Body Slam"],"picked":"SKIP","floor":30.0},{"not_picked":["Body Slam","Evolve+1","Havoc"],"picked":"SKIP","floor":30.0},{"not_picked":["Barricade+1","Exhume"],"picked":"Feed","floor":33.0},{"not_picked":["Perfected Strike","Metallicize+1"],"picked":"Shockwave+1","floor":35.0},{"not_picked":["Combust+1","Armaments","Anger"],"picked":"SKIP","floor":35.0},{"not_picked":["Mind Blast","Jack Of All Trades"],"picked":"Panacea","floor":39.0},{"not_picked":["Jack Of All Trades","HandOfGreed"],"picked":"Discovery","floor":39.0},{"not_picked":["Dramatic Entrance","Madness"],"picked":"Impatience","floor":39.0},{"not_picked":["Corruption+1","Anger+1"],"picked":"Battle Trance","floor":45.0},{"not_picked":["Warcry","Havoc","Reckless Charge"],"picked":"SKIP","floor":45.0},{"not_picked":["Thunderclap","Cleave+1"],"picked":"Inflame+1","floor":46},{"not_picked":["Cleave","Clothesline+1"],"picked":"Heavy Blade+1","floor":46}],"player_experience":1128569,"relics_obtained":[{"floor":9.0,"key":"Unceasing Top"},{"floor":10.0,"key":"Bronze Scales"},{"floor":21.0,"key":"Prayer Wheel"},{"floor":21.0,"key":"Frozen Egg 2"},{"floor":26.0,"key":"Dream Catcher"},{"floor":37.0,"key":"Ginger"},{"floor":43.0,"key":"Lantern"}],"event_choices":[{"damage_healed":0.0,"max_hp_gain":0.0,"max_hp_loss":0.0,"gold_gain":0.0,"event_name":"Shining Light","player_choice":"Entered Light","floor":2.0,"gold_loss":0.0,"damage_taken":16.0,"cards_upgraded":["Strike_R","Defend_R"]},{"cards_removed":["Strike_R"],"damage_healed":0.0,"max_hp_gain":0.0,"max_hp_loss":0.0,"gold_gain":0.0,"event_name":"Golden Wing","player_choice":"Card Removal","floor":3.0,"gold_loss":0.0,"damage_taken":7.0},{"damage_healed":0.0,"max_hp_gain":0.0,"max_hp_loss":0.0,"gold_gain":0.0,"event_name":"Match and Keep!","player_choice":"3 cards matched","floor":4.0,"gold_loss":0.0,"damage_taken":0.0,"cards_obtained":["Battle Trance","Bash","Impatience"]},{"damage_healed":0.0,"max_hp_gain":0.0,"max_hp_loss":6.0,"gold_gain":0.0,"event_name":"Golden Idol","player_choice":"Lose Max HP","floor":11.0,"gold_loss":0.0,"damage_taken":0.0,"relics_obtained":["Golden Idol"]},{"damage_healed":0.0,"max_hp_gain":0.0,"max_hp_loss":0.0,"gold_gain":75.0,"event_name":"FaceTrader","player_choice":"Touch","floor":19.0,"gold_loss":0.0,"damage_taken":7.0},{"damage_healed":0.0,"max_hp_gain":0.0,"max_hp_loss":0.0,"gold_gain":0.0,"event_name":"Colosseum","player_choice":"Fight","floor":21.0,"gold_loss":0.0,"damage_taken":0.0},{"damage_healed":0.0,"max_hp_gain":0.0,"max_hp_loss":0.0,"gold_gain":0.0,"event_name":"Colosseum","player_choice":"Fought Nobs","floor":21.0,"gold_loss":0.0,"damage_taken":0.0},{"cards_removed":["Double Tap"],"damage_healed":33.0,"max_hp_gain":10.0,"max_hp_loss":0.0,"gold_gain":0.0,"event_name":"Bonfire Elementals","player_choice":"Offered Rare","floor":31.0,"gold_loss":0.0,"damage_taken":0.0},{"damage_healed":0.0,"max_hp_gain":0.0,"max_hp_loss":0.0,"gold_gain":0.0,"event_name":"Mysterious Sphere","player_choice":"Fight","floor":37.0,"gold_loss":0.0,"damage_taken":0.0},{"damage_healed":0.0,"max_hp_gain":0.0,"max_hp_loss":0.0,"gold_gain":0.0,"event_name":"SensoryStone","player_choice":"Memory 3","floor":39.0,"gold_loss":0.0,"damage_taken":10.0},{"damage_healed":0.0,"max_hp_gain":0.0,"max_hp_loss":0.0,"gold_gain":0.0,"event_name":"Wheel of Change","player_choice":"Damaged","floor":41.0,"gold_loss":0.0,"damage_taken":8.0},{"damage_healed":0,"gold_gain":100,"player_choice":"Pray","damage_taken":0,"max_hp_gain":0,"max_hp_loss":0,"event_name":"Golden Shrine","floor":48,"gold_loss":0}],"is_beta":false,"boss_relics":[{"not_picked":["White Beast Statue","Runic Cube"],"picked":"Sozu"},{"not_picked":["Runic Pyramid","Black Blood"],"picked":"Coffee Dripper"}],"items_purged_floors":[36,38],"is_endless":false,"potions_floor_spawned":[1,13,14,16,21,22,29,30,33,45,46],"ascension_level":0}