{"gold_per_floor":[118,118,11,30,30,60,60,89,89,101,126,149,171,201,213,302,314,344,373,385,45,56,56,56,56,80,100,111,111],"floor_reached":29,"playtime":3577,"items_purged":[],"score":549,"play_id":"182cdbbe-58aa-448c-a55c-9e42fc589ea1","local_time":"20190207001007","is_ascension_mode":true,"campfire_choices":[{"data":"Zap","floor":7,"key":"SMITH"},{"data":"Hologram","floor":10,"key":"SMITH"},{"floor":15,"key":"REST"},{"floor":23,"key":"REST"},{"data":"Defragment","floor":25,"key":"SMITH"}],"neow_cost":"NONE","seed_source_timestamp":15504296534238,"circlet_count":0,"master_deck":["AscendersBane","Defend_B","Defend_B","Defend_B","Defend_B","Zap+1","Dualcast","Doom and Gloom","Ball Lightning","Compile Driver","Cold Snap","Sunder","Go for the Eyes","Hologram+1","Conserve Battery","White Noise","Turbo","Biased Cognition","Coolheaded","Bite","Bite","Bite","Bite","Bite","Defragment+1","Thunder Strike","Conserve Battery"],"relics":["Cracked Core","NeowsBlessing","Singing Bowl","Question Card","MawBank","Inserter","Shuriken","Art of War"],"potions_floor_usage":[8,16,16,27,28],"damage_taken":[{"damage":0,"enemies":"Jaw Worm","floor":1,"turns":1},{"damage":0,"enemies":"2 Louse","floor":4,"turns":1},{"damage":0,"enemies":"Lagavulin","floor":6,"turns":1},{"damage":20,"enemies":"3 Sentries","floor":8,"turns":4},{"damage":0,"enemies":"Cultist","floor":11,"turns":2},{"damage":10,"enemies":"Looter","floor":12,"turns":3},{"damage":18,"enemies":"Large Slime","floor":13,"turns":5},{"damage":0,"enemies":"3 Louse","floor":14,"turns":3},{"damage":33,"enemies":"Hexaghost","floor":16,"turns":11},{"damage":19,"enemies":"Chosen","floor":18,"turns":4},{"damage":15,"enemies":"3 Byrds","floor":19,"turns":5},{"damage":11,"enemies":"Snecko","floor":22,"turns":6},{"damage":41,"enemies":"Snake Plant","floor":27,"turns":6},{"damage":9,"enemies":"Cultist and Chosen","floor":28,"turns":5},{"damage":13,"enemies":"Sentry and Sphere","floor":29,"turns":3}],"seed_played":"-5117198525172014380","potions_obtained":[{"floor":1,"key":"FearPotion"},{"floor":8,"key":"SpeedPotion"},{"floor":14,"key":"EssenceOfSteel"},{"floor":19,"key":"SpeedPotion"},{"floor":27,"key":"Weak Potion"}],"is_trial":false,"path_per_floor":["M","?","$","M","$","E","R","E","T","R","M","M","M","M","R","B",null,"M","M","?","$","M","R","$","R","T","M","M","M"],"character_chosen":"DEFECT","items_purchased":["Compile Driver","Cold Snap","Shuriken","Defragment"],"campfire_rested":2,"item_purchase_floors":[3,3,21,21],"current_hp_per_floor":[64,64,64,64,64,64,64,44,44,44,44,34,16,16,37,6,56,37,24,24,24,23,38,38,38,38,5,6,0],"gold":111,"neow_bonus":"THREE_ENEMY_KILL","is_prod":false,"is_daily":false,"chose_seed":false,"campfire_upgraded":3,"win_rate":0,"timestamp":1549516207,"path_taken":["M","?","$","M","$","E","R","E","T","R","M","M","M","M","R","BOSS","M","M","?","$","M","R","$","R","T","M","M","M"],"build_version":"2019-01-23","purchased_purges":0,"victory":false,"max_hp_per_floor":[71,71,71,71,71,71,71,71,71,71,71,71,71,71,71,73,73,73,75,52,52,52,52,52,52,52,54,54,54],"card_choices":[{"not_picked":["Capacitor","Recycle"],"picked":"Doom and Gloom","floor":1},{"not_picked":["Cold Snap","Turbo"],"picked":"Sunder","floor":4},{"not_picked":["Fusion","Turbo"],"picked":"Go for the Eyes","floor":6},{"not_picked":["Go for the Eyes","Steam Power"],"picked":"Hologram","floor":8},{"not_picked":["Sweeping Beam","BootSequence","Steam Power"],"picked":"Conserve Battery","floor":11},{"not_picked":["Reinforced Body","Ball Lightning","Aggregate"],"picked":"White Noise","floor":12},{"not_picked":["Leap","Auto Shields","Aggregate"],"picked":"Turbo","floor":13},{"not_picked":["Auto Shields","Gash","Consume"],"picked":"Biased Cognition","floor":14},{"not_picked":["Meteor Strike","Creative AI","Reboot","Buffer"],"picked":"Singing Bowl","floor":16},{"not_picked":["Fusion","Redo","Stack+1"],"picked":"Coolheaded","floor":18},{"not_picked":["Conserve Battery","Aggregate","Melter","Leap"],"picked":"Singing Bowl","floor":19},{"not_picked":["Compile Driver","Beam Cell","Turbo"],"picked":"Thunder Strike","floor":22},{"not_picked":["Beam Cell","Glacier","Force Field","Ball Lightning"],"picked":"Singing Bowl","floor":27},{"not_picked":["Loop","Doom and Gloom","Rebound"],"picked":"Conserve Battery","floor":28}],"player_experience":3219635,"relics_obtained":[{"floor":6,"key":"Singing Bowl"},{"floor":8,"key":"Question Card"},{"floor":9,"key":"MawBank"},{"floor":26,"key":"Art of War"}],"event_choices":[{"damage_healed":0,"gold_gain":0,"cards_transformed":["Strike_B"],"player_choice":"Change","damage_taken":0,"max_hp_gain":0,"max_hp_loss":0,"event_name":"Living Wall","floor":2,"gold_loss":0,"cards_obtained":["Ball Lightning"]},{"damage_healed":0,"gold_gain":0,"player_choice":"Became a vampire","damage_taken":0,"max_hp_gain":0,"max_hp_loss":23,"event_name":"Vampires","floor":20,"gold_loss":0,"cards_obtained":["Bite","Bite","Bite","Bite","Bite"]}],"is_beta":false,"boss_relics":[{"not_picked":["Empty Cage","Coffee Dripper"],"picked":"Inserter"}],"items_purged_floors":[],"is_endless":false,"potions_floor_spawned":[1,8,14,19,27],"killed_by":"Sentry and Sphere","ascension_level":20}