{"gold_per_floor":[111,111,36,36,50,84,84,62,62,82,82,97,122,137,137,236,236,252,252,269,27,37,37,0,0,25,25,25,56,72,72,72,72],"floor_reached":33,"playtime":1428,"items_purged":["Regret","Regret"],"score":323,"play_id":"5dc16fee-2cfc-4a18-88fd-14f325ba2bad","local_time":"20190221095109","is_ascension_mode":false,"campfire_choices":[{"data":"Poisoned Stab","floor":7,"key":"SMITH"},{"data":"Flying Knee","floor":15,"key":"SMITH"},{"data":"Die Die Die","floor":23,"key":"SMITH"},{"floor":28,"key":"REST"},{"data":"Flying Knee","floor":32,"key":"SMITH"}],"neow_cost":"NONE","seed_source_timestamp":374512241429016,"circlet_count":0,"master_deck":["Defend_G","Defend_G","Defend_G","Defend_G","Strike_G","Strike_G","Strike_G","Strike_G","Strike_G","Survivor","Neutralize","Bouncing Flask","Poisoned Stab+1","Dagger Spray","Flying Knee+1","Flying Knee+1","Die Die Die+1","Writhe","Regret","RitualDagger+1","Backstab+1","Corpse Explosion"],"relics":["Ring of the Snake","NeowsBlessing","Ornamental Fan","Incense Burner","Bird Faced Urn","Dream Catcher","Calling Bell","Bag of Marbles","Molten Egg 2","Du-Vu Doll","MutagenicStrength","Pen Nib","Ginger","PreservedInsect"],"potions_floor_usage":[13,16,20,33],"damage_taken":[{"damage":0,"enemies":"2 Louse","floor":1,"turns":1},{"damage":0,"enemies":"Jaw Worm","floor":5,"turns":1},{"damage":0,"enemies":"3 Sentries","floor":6,"turns":1},{"damage":0,"enemies":"Small Slimes","floor":10,"turns":3},{"damage":12,"enemies":"Exordium Thugs","floor":12,"turns":5},{"damage":10,"enemies":"Gremlin Nob","floor":13,"turns":4},{"damage":1,"enemies":"3 Louse","floor":14,"turns":2},{"damage":30,"enemies":"Slime Boss","floor":16,"turns":10},{"damage":0,"enemies":"3 Byrds","floor":18,"turns":2},{"damage":18,"enemies":"2 Thieves","floor":20,"turns":3},{"damage":10,"enemies":"3 Cultists","floor":22,"turns":4},{"damage":1,"enemies":"Gremlin Leader","floor":29,"turns":3},{"damage":0,"enemies":"Shelled Parasite and Fungi","floor":30,"turns":1},{"damage":72,"enemies":"Automaton","floor":33,"turns":6}],"seed_played":"-6615724803671207849","potions_obtained":[{"floor":10,"key":"Poison Potion"},{"floor":14,"key":"AttackPotion"},{"floor":18,"key":"LiquidBronze"},{"floor":22,"key":"AttackPotion"}],"is_trial":false,"path_per_floor":["M","?","$","?","M","E","R","$","T","M","?","M","E","M","R","B",null,"M","?","M","$","M","R","?","?","T","T","R","E","M","$","R","B"],"character_chosen":"THE_SILENT","items_purchased":["Dagger Spray","Corpse Explosion"],"campfire_rested":1,"item_purchase_floors":[8,21],"current_hp_per_floor":[70,70,70,70,70,70,70,70,70,70,70,58,48,47,47,17,70,70,64,46,46,36,36,36,36,36,36,57,56,56,56,56,0],"gold":72,"neow_bonus":"THREE_ENEMY_KILL","is_prod":false,"is_daily":false,"chose_seed":false,"campfire_upgraded":4,"win_rate":0.0,"timestamp":1550760669,"path_taken":["M","?","$","?","M","E","R","$","T","M","?","?","E","M","R","BOSS","M","?","M","$","M","R","?","?","T","?","R","E","M","?","R","BOSS"],"build_version":"2019-01-23","purchased_purges":2,"victory":false,"max_hp_per_floor":[70,70,70,70,70,70,70,70,70,70,70,70,70,70,70,70,70,70,70,70,70,70,70,70,70,70,70,70,70,70,70,70,70],"card_choices":[{"not_picked":["Backflip","Dagger Throw","Blade Dance"],"picked":"SKIP","floor":1},{"not_picked":["Outmaneuver","Riddle With Holes"],"picked":"Bouncing Flask","floor":5},{"not_picked":["Blade Dance","Sucker Punch"],"picked":"Poisoned Stab","floor":6},{"not_picked":["Sucker Punch","Bane"],"picked":"Flying Knee","floor":10},{"not_picked":["Underhanded Strike","Dodge and Roll","Outmaneuver"],"picked":"SKIP","floor":12},{"not_picked":["Unload","Bane"],"picked":"Flying Knee","floor":13},{"not_picked":["Riddle With Holes","Masterful Stab","Finisher"],"picked":"SKIP","floor":14},{"not_picked":["Malaise","Grand Finale"],"picked":"Die Die Die","floor":16},{"not_picked":["Flechettes+1","Blade Dance","PiercingWail"],"picked":"SKIP","floor":18},{"not_picked":["Dodge and Roll","Quick Slash+1"],"picked":"Backstab+1","floor":20},{"not_picked":["Deflect","Cloak And Dagger","Concentrate+1"],"picked":"SKIP","floor":22},{"not_picked":["PiercingWail","Poisoned Stab+1","Noxious Fumes+1"],"picked":"SKIP","floor":29},{"not_picked":["PiercingWail+1","Deadly Poison","Sucker Punch+1"],"picked":"SKIP","floor":30}],"player_experience":59419,"relics_obtained":[{"floor":6,"key":"Incense Burner"},{"floor":9,"key":"Bird Faced Urn"},{"floor":13,"key":"Dream Catcher"},{"floor":17,"key":"Bag of Marbles"},{"floor":17,"key":"Molten Egg 2"},{"floor":17,"key":"Du-Vu Doll"},{"floor":26,"key":"Pen Nib"},{"floor":27,"key":"Ginger"},{"floor":29,"key":"PreservedInsect"}],"event_choices":[{"damage_healed":0,"gold_gain":0,"player_choice":"Box","damage_taken":0,"relics_obtained":["Ornamental Fan"],"max_hp_gain":0,"max_hp_loss":0,"event_name":"Big Fish","floor":2,"gold_loss":0,"cards_obtained":["Regret"]},{"damage_healed":0,"gold_gain":0,"player_choice":"Ignored","damage_taken":0,"max_hp_gain":0,"max_hp_loss":0,"event_name":"Liars Game","floor":4,"gold_loss":0},{"cards_removed":["Defend_G"],"damage_healed":0,"gold_gain":0,"player_choice":"Offered Basic","damage_taken":0,"max_hp_gain":0,"max_hp_loss":0,"event_name":"Bonfire Elementals","floor":11,"gold_loss":0},{"damage_healed":0,"gold_gain":0,"player_choice":"Joined the Cult","damage_taken":6,"max_hp_gain":0,"max_hp_loss":0,"event_name":"Nest","floor":19,"gold_loss":0,"cards_obtained":["RitualDagger"]},{"damage_healed":0,"gold_gain":0,"player_choice":"Paid Fearfully","damage_taken":0,"max_hp_gain":0,"max_hp_loss":0,"event_name":"Masked Bandits","floor":24,"gold_loss":37},{"damage_healed":0,"gold_gain":0,"player_choice":"Inject Mutagens","damage_taken":0,"relics_obtained":["MutagenicStrength"],"max_hp_gain":0,"max_hp_loss":0,"event_name":"Drug Dealer","floor":25,"gold_loss":0}],"is_beta":false,"boss_relics":[{"not_picked":["HoveringKite","Lizard Tail"],"picked":"Calling Bell"}],"items_purged_floors":[3,21],"is_endless":false,"potions_floor_spawned":[10,14,18,22],"killed_by":"Automaton","ascension_level":0}