{"gold_per_floor":[20,35,46,57,71,98,110,110,110,141,141,156,168,133,133,210,210,222,198,41,41,56,56,70,83,109,109],"floor_reached":27,"playtime":4623,"items_purged":[],"score":450,"play_id":"54737e6b-efc6-45cb-9512-6eafbfe2c12b","local_time":"20190117073824","is_ascension_mode":true,"campfire_choices":[{"floor":8.0,"key":"REST"},{"floor":11.0,"key":"REST"},{"floor":15,"key":"REST"},{"floor":23,"key":"REST"}],"neow_cost":"NO_GOLD","seed_source_timestamp":0,"circlet_count":0,"master_deck":["AscendersBane","Survivor","Neutralize","Leg Sweep+1","PiercingWail","Crippling Poison","Blade Dance","Backflip","Envenom","Bane","Infinite Blades","Backflip","Finisher","Bullet Time","Phantasmal Killer","Caltrops","Die Die Die","Heel Hook","Prepared","Noxious Fumes","Reflex","Bullet Time+1","Accuracy","Malaise","Backflip+1","Leg Sweep","Well Laid Plans"],"special_seed":0,"relics":["Ring of the Snake","Dead Branch","Peace Pipe","Bottled Flame","Darkstone Periapt","Pandora\u0027s Box","War Paint","Art of War"],"potions_floor_usage":[13,24,25],"damage_taken":[{"damage":4.0,"enemies":"Jaw Worm","floor":1.0,"turns":4.0},{"damage":0.0,"enemies":"Small Slimes","floor":2.0,"turns":3.0},{"damage":3.0,"enemies":"2 Louse","floor":3.0,"turns":4.0},{"damage":7.0,"enemies":"Red Slaver","floor":4.0,"turns":8.0},{"damage":0.0,"enemies":"Lots of Slimes","floor":5.0,"turns":4.0},{"damage":26.0,"enemies":"Lagavulin","floor":6.0,"turns":7.0},{"damage":5.0,"enemies":"Exordium Thugs","floor":7.0,"turns":4.0},{"damage":20.0,"enemies":"3 Sentries","floor":10.0,"turns":8.0},{"damage":16.0,"enemies":"Gremlin Gang","floor":12.0,"turns":6.0},{"damage":0,"enemies":"Looter","floor":13,"turns":4},{"damage":34,"enemies":"Slime Boss","floor":16,"turns":8},{"damage":20,"enemies":"Shell Parasite","floor":18,"turns":7},{"damage":25,"enemies":"2 Thieves","floor":19,"turns":4},{"damage":6,"enemies":"Snecko","floor":22,"turns":5},{"damage":4,"enemies":"Snake Plant","floor":24,"turns":5},{"damage":16,"enemies":"Cultist and Chosen","floor":25,"turns":5},{"damage":0,"enemies":"Shelled Parasite and Fungi","floor":27,"turns":1}],"seed_played":"-7870872056328727572","potions_obtained":[{"floor":1.0,"key":"PowerPotion"},{"floor":2.0,"key":"Block Potion"},{"floor":6.0,"key":"Block Potion"},{"floor":12.0,"key":"Block Potion"},{"floor":13,"key":"SpeedPotion"},{"floor":19,"key":"GhostInAJar"},{"floor":24,"key":"EssenceOfSteel"},{"floor":25,"key":"Swift Potion"}],"is_trial":false,"path_per_floor":["M","M","M","M","M","E","M","R","T","E","R","M","M","?","R","B",null,"M","M","$","?","M","R","M","M","T","M"],"character_chosen":"THE_SILENT","items_purchased":["War Paint"],"campfire_rested":4,"item_purchase_floors":[20],"current_hp_per_floor":[55,55,52,45,45,19,14,33,33,13,32,16,16,32,51,17,54,34,9,9,9,3,22,18,2,2,2],"gold":109,"neow_bonus":"ONE_RARE_RELIC","is_prod":false,"is_daily":false,"chose_seed":false,"campfire_upgraded":0,"win_rate":0,"timestamp":1547728704,"path_taken":["M","M","M","M","M","E","M","R","T","E","R","M","M","?","R","BOSS","M","M","$","?","M","R","M","M","T","M"],"build_version":"2019-01-10","purchased_purges":0,"victory":false,"max_hp_per_floor":[66,66,66,66,66,66,66,66,66,66,66,66,66,66,66,66,66,66,66,66,66,66,66,66,66,66,66],"card_choices":[{"not_picked":["Masterful Stab","Acrobatics"],"picked":"Leg Sweep","floor":1.0},{"not_picked":["Terror","Escape Plan"],"picked":"PiercingWail","floor":2.0},{"not_picked":["Escape Plan","Slice"],"picked":"Crippling Poison","floor":3.0},{"not_picked":["Masterful Stab","Deflect"],"picked":"Blade Dance","floor":4.0},{"not_picked":["Quick Slash","Flechettes"],"picked":"Backflip","floor":5.0},{"not_picked":["Cloak And Dagger","Quick Slash"],"picked":"Envenom","floor":6.0},{"not_picked":["All Out Attack","Sucker Punch"],"picked":"Bane","floor":7.0},{"not_picked":["Corpse Explosion","Flying Knee"],"picked":"Infinite Blades","floor":10.0},{"not_picked":["Accuracy","All Out Attack"],"picked":"Backflip","floor":12.0},{"not_picked":["Prepared","Backflip"],"picked":"Finisher","floor":13},{"not_picked":["Burst","Envenom"],"picked":"Bullet Time","floor":16},{"not_picked":["Deflect","PiercingWail+1"],"picked":"Backflip+1","floor":18},{"not_picked":["Underhanded Strike","Quick Slash"],"picked":"Leg Sweep","floor":19},{"not_picked":["Outmaneuver","Heel Hook","Poisoned Stab"],"picked":"SKIP","floor":22},{"not_picked":["Distraction","Burst"],"picked":"Well Laid Plans","floor":24},{"not_picked":["Slice","Sucker Punch","Bane"],"picked":"SKIP","floor":25}],"player_experience":2943526,"relics_obtained":[{"floor":6.0,"key":"Peace Pipe"},{"floor":9.0,"key":"Bottled Flame"},{"floor":10.0,"key":"Darkstone Periapt"},{"floor":26,"key":"Art of War"}],"event_choices":[{"damage_healed":16,"gold_gain":0,"player_choice":"Healed","damage_taken":0,"max_hp_gain":0,"max_hp_loss":0,"event_name":"The Cleric","floor":14,"gold_loss":35},{"damage_healed":0,"gold_gain":0,"player_choice":"Ignored","damage_taken":0,"max_hp_gain":0,"max_hp_loss":0,"event_name":"Beggar","floor":21,"gold_loss":0}],"is_beta":false,"boss_relics":[{"not_picked":["Sozu","Ring of the Serpent"],"picked":"Pandora\u0027s Box"}],"items_purged_floors":[],"is_endless":false,"potions_floor_spawned":[1,2,6,12,13,19,24,25],"killed_by":"Shelled Parasite and Fungi","ascension_level":19}