{"gold_per_floor":[117,117,127,59,77,138,158,158,181,212,63,33,52,52,52,154,154,168,34,52,62,75,75,75,85,85,119,119,139,165,178,178,282,282,301,312,322,340,0,0,34,34,34,34,34,34,44,60,60,60,60,60,9,39,39],"floor_reached":56,"playtime":6232,"items_purged":["Strike_B","Pain","Parasite"],"score":1281,"play_id":"1be8d253-8f45-4adc-a4e3-954f4256c9b8","local_time":"20190304021040","is_ascension_mode":false,"campfire_choices":[{"data":"Zap","floor":8,"key":"SMITH"},{"floor":15,"key":"REST"},{"floor":23,"key":"RECALL"},{"data":"Defragment","floor":32,"key":"SMITH"},{"data":"Seek","floor":42,"key":"SMITH"},{"data":"Hologram","floor":44,"key":"SMITH"},{"data":"Blizzard","floor":49,"key":"SMITH"},{"data":"Ghostly","floor":52,"key":"SMITH"}],"neow_cost":"NONE","seed_source_timestamp":1274978494001,"circlet_count":0,"master_deck":["Strike_B","Strike_B","Strike_B","Defend_B","Defend_B","Defend_B","Defend_B","Zap+1","Dualcast","Coolheaded","Go for the Eyes","Glacier","Sweeping Beam","Ball Lightning","Glacier","Auto Shields","Doom and Gloom","Seek+1","Blizzard+1","Defragment+1","Cold Snap","Ball Lightning","Genetic Algorithm","Hologram+1","Ghostly+1","Ghostly","Ghostly","Ghostly","Ghostly","Self Repair+1","Echo Form","Hologram+1","Redo+1","Blizzard+1","Defragment+1"],"relics":["Cracked Core","NeowsBlessing","Ancient Tea Set","Tiny Chest","DataDisk","Gremlin Horn","WarpedTongs","Inserter","Bottled Lightning","Lantern","Philosopher\u0027s Stone","PreservedInsect","Gambling Chip","Darkstone Periapt","Pantograph"],"potions_floor_usage":[7,16,20,30,55,55],"damage_taken":[{"damage":0,"enemies":"2 Louse","floor":1,"turns":1},{"damage":0,"enemies":"Cultist","floor":3,"turns":1},{"damage":0,"enemies":"Jaw Worm","floor":5,"turns":1},{"damage":28,"enemies":"Gremlin Nob","floor":6,"turns":6},{"damage":0,"enemies":"Red Slaver","floor":7,"turns":3},{"damage":11,"enemies":"3 Sentries","floor":10,"turns":11},{"damage":0,"enemies":"Looter","floor":13,"turns":2},{"damage":20,"enemies":"The Guardian","floor":16,"turns":13},{"damage":3,"enemies":"Spheric Guardian","floor":18,"turns":9},{"damage":1,"enemies":"Chosen","floor":20,"turns":5},{"damage":18,"enemies":"Snake Plant","floor":21,"turns":5},{"damage":0,"enemies":"Snecko","floor":22,"turns":6},{"damage":16,"enemies":"Sentry and Sphere","floor":25,"turns":4},{"damage":17,"enemies":"Book of Stabbing","floor":27,"turns":6},{"damage":0,"enemies":"Centurion and Healer","floor":29,"turns":7},{"damage":5,"enemies":"Slavers","floor":30,"turns":8},{"damage":1,"enemies":"Snecko","floor":31,"turns":10},{"damage":11,"enemies":"Champ","floor":33,"turns":12},{"damage":0,"enemies":"Orb Walker","floor":35,"turns":6},{"damage":0,"enemies":"3 Darklings","floor":36,"turns":6},{"damage":0,"enemies":"Spire Growth","floor":37,"turns":7},{"damage":8,"enemies":"Writhing Mass","floor":38,"turns":9},{"damage":11,"enemies":"Reptomancer","floor":41,"turns":9},{"damage":0,"enemies":"Maw","floor":47,"turns":7},{"damage":0,"enemies":"Sphere and 2 Shapes","floor":48,"turns":5},{"damage":0,"enemies":"Time Eater","floor":50,"turns":15},{"damage":0,"enemies":"Shield and Spear","floor":54,"turns":9},{"damage":32,"enemies":"The Heart","floor":55,"turns":13}],"seed_played":"927498387799599395","potions_obtained":[{"floor":1,"key":"SkillPotion"},{"floor":7,"key":"Fruit Juice"},{"floor":10,"key":"Swift Potion"},{"floor":12,"key":"SneckoOil"},{"floor":12,"key":"AttackPotion"},{"floor":18,"key":"SpeedPotion"},{"floor":20,"key":"Fruit Juice"},{"floor":22,"key":"Block Potion"},{"floor":35,"key":"SpeedPotion"}],"is_trial":false,"path_per_floor":["M","?","M","$","M","E","M","R","T","E","$","?","M","?","R","B",null,"M","$","M","M","M","R","$","M","T","E","?","M","E","M","R","B",null,"M","M","M","M","$","?","E","R","T","R","$","?","M","M","R","B",null,"R","$","E","B",null],"character_chosen":"DEFECT","items_purchased":["Glacier","Doom and Gloom","Defragment","Blizzard","PreservedInsect","PowerPotion"],"campfire_rested":1,"item_purchase_floors":[4,11,19,39,39,53],"current_hp_per_floor":[75,75,75,75,75,47,52,52,52,41,41,41,41,41,65,45,80,77,77,81,63,63,63,63,47,47,30,30,30,35,42,42,41,42,42,42,42,42,39,37,37,37,37,37,37,37,37,37,37,37,37,37,37,37,15],"gold":39,"neow_bonus":"THREE_ENEMY_KILL","is_prod":false,"is_daily":false,"chose_seed":false,"campfire_upgraded":6,"win_rate":0,"timestamp":1551683440,"path_taken":["M","?","?","?","?","E","M","R","T","E","$","?","?","?","R","BOSS","M","$","M","M","M","R","?","M","T","E","?","M","E","M","R","BOSS","M","M","M","M","$","?","E","R","T","R","$","?","?","M","R","BOSS","R","$","E","BOSS"],"build_version":"2019-01-23","purchased_purges":3,"victory":true,"max_hp_per_floor":[75,75,75,75,75,75,80,80,80,80,80,80,80,80,80,80,80,80,80,85,85,85,85,85,85,85,85,42,42,42,42,42,42,42,42,42,42,42,39,37,37,37,37,37,37,37,37,37,37,37,37,37,37,37,37],"card_choices":[{"not_picked":["Hello World","Leap"],"picked":"Coolheaded","floor":1},{"not_picked":["Redo","Rebound"],"picked":"Go for the Eyes","floor":3},{"not_picked":["Ball Lightning","Reprogram"],"picked":"Sweeping Beam","floor":5},{"not_picked":["Stack","Chill"],"picked":"Ball Lightning","floor":6},{"not_picked":["Machine Learning","Beam Cell"],"picked":"Glacier","floor":7},{"not_picked":["Streamline","Skim"],"picked":"Auto Shields","floor":10},{"not_picked":["Steam","Streamline","Reinforced Body"],"picked":"SKIP","floor":13},{"not_picked":["Meteor Strike","Creative AI"],"picked":"Seek","floor":16},{"not_picked":["Compile Driver","Beam Cell"],"picked":"Blizzard+1","floor":18},{"not_picked":["Tempest+1","Rip and Tear+1"],"picked":"Cold Snap","floor":20},{"not_picked":["Melter","Rebound"],"picked":"Ball Lightning","floor":21},{"not_picked":["Stack","Rebound"],"picked":"Genetic Algorithm","floor":22},{"not_picked":["Stack","Capacitor","Rebound"],"picked":"SKIP","floor":25},{"not_picked":["Stack+1","Leap"],"picked":"Hologram","floor":27},{"not_picked":["FTL","Turbo+1"],"picked":"Self Repair+1","floor":29},{"not_picked":["Beam Cell+1","Meteor Strike","Redo"],"picked":"SKIP","floor":30},{"not_picked":["Cold Snap","White Noise","Ball Lightning"],"picked":"SKIP","floor":31},{"not_picked":["Reboot","Thunder Strike"],"picked":"Echo Form","floor":33},{"not_picked":["Conserve Battery","Rebound+1"],"picked":"Hologram+1","floor":35},{"not_picked":["Darkness","Doom and Gloom"],"picked":"Redo+1","floor":36},{"not_picked":["Rebound","Cold Snap","Leap+1"],"picked":"SKIP","floor":37},{"not_picked":["Ball Lightning+1","Stack","Hello World"],"picked":"SKIP","floor":38},{"not_picked":["Cold Snap","Leap","Sweeping Beam"],"picked":"SKIP","floor":41},{"not_picked":["Stack","Tempest","Rip and Tear"],"picked":"SKIP","floor":47},{"not_picked":["Turbo+1","Cold Snap+1","Fusion"],"picked":"SKIP","floor":48},{"not_picked":["Electrodynamics","Rebound+1","Reboot"],"picked":"SKIP","floor":54}],"player_experience":162081,"relics_obtained":[{"floor":6,"key":"Tiny Chest"},{"floor":9,"key":"DataDisk"},{"floor":10,"key":"Gremlin Horn"},{"floor":27,"key":"Bottled Lightning"},{"floor":30,"key":"Lantern"},{"floor":41,"key":"Gambling Chip"},{"floor":43,"key":"Darkstone Periapt"},{"floor":54,"key":"Pantograph"}],"event_choices":[{"damage_healed":0,"gold_gain":0,"player_choice":"Gave Potion","damage_taken":0,"relics_obtained":["Ancient Tea Set"],"max_hp_gain":0,"max_hp_loss":0,"event_name":"WeMeetAgain","floor":2,"gold_loss":0},{"damage_healed":0,"gold_gain":0,"player_choice":"Bought 2 Potions","damage_taken":0,"max_hp_gain":0,"max_hp_loss":0,"event_name":"The Woman in Blue","floor":12,"gold_loss":0},{"damage_healed":0,"gold_gain":0,"player_choice":"Rummage","damage_taken":0,"relics_obtained":["WarpedTongs"],"max_hp_gain":0,"max_hp_loss":0,"event_name":"Accursed Blacksmith","floor":14,"gold_loss":0,"cards_obtained":["Pain"]},{"damage_healed":0,"gold_gain":0,"player_choice":"Became a Ghost","damage_taken":0,"max_hp_gain":0,"max_hp_loss":43,"event_name":"Ghosts","floor":28,"gold_loss":0,"cards_obtained":["Ghostly","Ghostly","Ghostly","Ghostly","Ghostly"]},{"damage_healed":0,"gold_gain":0,"player_choice":"Max HP","damage_taken":0,"max_hp_gain":0,"max_hp_loss":2,"event_name":"Winding Halls","floor":40,"gold_loss":0},{"damage_healed":0,"gold_gain":0,"player_choice":"Copied","damage_taken":0,"max_hp_gain":0,"max_hp_loss":0,"event_name":"Duplicator","floor":46,"gold_loss":0,"cards_obtained":["Defragment"]}],"is_beta":false,"boss_relics":[{"not_picked":["Empty Cage","Ectoplasm"],"picked":"Inserter"},{"not_picked":["Coffee Dripper","Snecko Eye"],"picked":"Philosopher\u0027s Stone"}],"items_purged_floors":[11,19,39],"is_endless":false,"potions_floor_spawned":[1,7,10,13,18,20,22,35,37,41],"ascension_level":0}