{"gold_per_floor":[215,230,243,255,273,306,306,33,33,51,51,94,94,115,115,239,239,260,279,84,84,84,84,84,84,158,178,178,260,285,303,303,303],"floor_reached":33,"playtime":2048,"items_purged":["Strike_R","Defend_R"],"score":336,"play_id":"35c6e5e2-fdf0-46fa-a651-98849d53a619","local_time":"20190323215105","is_ascension_mode":true,"campfire_choices":[{"data":"Flame Barrier","floor":7,"key":"SMITH"},{"data":"Shockwave","floor":13,"key":"SMITH"},{"floor":15,"key":"REST"},{"data":"Entrench","floor":23,"key":"SMITH"},{"data":"Barricade","floor":25,"key":"SMITH"},{"floor":28,"key":"REST"},{"floor":32,"key":"REST"}],"neow_cost":"NONE","seed_source_timestamp":120120957600,"circlet_count":0,"master_deck":["Strike_R+1","Strike_R+1","Strike_R+1","Strike_R+1","Defend_R+1","Defend_R+1","Defend_R+1","Bash","Flame Barrier+1","Shrug It Off","Sword Boomerang","Shockwave+1","Spot Weakness","Whirlwind","Sword Boomerang","Barricade+1","Shrug It Off","Shrug It Off","Pummel","True Grit","Pummel","Entrench+1","Shrug It Off","Flame Barrier","Flame Barrier","Body Slam"],"relics":["Burning Blood","Shuriken","Membership Card","Blue Candle","Golden Idol","Bag of Preparation","Orrery","Vajra","Question Card","Darkstone Periapt"],"potions_floor_usage":[10,12,16,30,33,33,33],"damage_taken":[{"damage":15,"enemies":"Small Slimes","floor":1,"turns":3},{"damage":11,"enemies":"Jaw Worm","floor":2,"turns":7},{"damage":4,"enemies":"2 Louse","floor":3,"turns":3},{"damage":2,"enemies":"Blue Slaver","floor":4,"turns":6},{"damage":3,"enemies":"Looter","floor":5,"turns":5},{"damage":22,"enemies":"3 Sentries","floor":6,"turns":13},{"damage":5,"enemies":"Gremlin Gang","floor":10,"turns":4},{"damage":34,"enemies":"Lagavulin","floor":12,"turns":8},{"damage":20,"enemies":"Large Slime","floor":14,"turns":4},{"damage":21,"enemies":"Hexaghost","floor":16,"turns":12},{"damage":4,"enemies":"3 Byrds","floor":18,"turns":5},{"damage":35,"enemies":"2 Thieves","floor":19,"turns":5},{"damage":18,"enemies":"Colosseum Slavers","floor":22,"turns":6},{"damage":26,"enemies":"Shelled Parasite and Fungi","floor":27,"turns":6},{"damage":20,"enemies":"Snake Plant","floor":30,"turns":6},{"damage":3,"enemies":"Snecko","floor":31,"turns":5},{"damage":80,"enemies":"Collector","floor":33,"turns":10}],"seed_played":"8938810780152740255","potions_obtained":[{"floor":1,"key":"Fire Potion"},{"floor":5,"key":"EssenceOfSteel"},{"floor":10,"key":"Weak Potion"},{"floor":12,"key":"Weak Potion"},{"floor":16,"key":"EssenceOfSteel"},{"floor":18,"key":"PowerPotion"},{"floor":30,"key":"FearPotion"}],"is_trial":false,"path_per_floor":["?","?","?","?","T","M"],"character_chosen":"IRONCLAD","items_purchased":["Membership Card","Whirlwind","Vajra","Shrug It Off","Flame Barrier"],"campfire_rested":3,"item_purchase_floors":[8,8,20,20,20],"current_hp_per_floor":[71,66,68,72,75,59,59,59,59,60,60,32,32,18,40,25,74,74,45,45,45,33,33,33,33,33,13,35,35,21,24,46,0],"gold":303,"neow_bonus":"HUNDRED_GOLD","is_prod":false,"is_daily":false,"chose_seed":false,"campfire_upgraded":4,"win_rate":0,"timestamp":1553392265,"path_taken":["M","M","M","M","M","E","R","$","T","M","?","E","R","M","R","BOSS","M","M","$","?","?","R","?","R","T","M","R","?","?","M","R","BOSS"],"build_version":"2019-01-23","purchased_purges":2,"victory":false,"max_hp_per_floor":[80,80,80,80,80,80,80,80,80,80,74,74,74,74,74,74,74,74,74,74,74,74,74,74,74,74,74,74,74,74,74,74,74],"card_choices":[{"not_picked":["Rampage","Armaments"],"picked":"Flame Barrier","floor":1},{"not_picked":["Sentinel","Armaments"],"picked":"Shrug It Off","floor":2},{"not_picked":["Combust","Entrench"],"picked":"Sword Boomerang","floor":3},{"not_picked":["Combust","Burning Pact"],"picked":"Shockwave","floor":4},{"not_picked":["Clash","Pommel Strike","Bloodletting"],"picked":"SKIP","floor":5},{"not_picked":["Sword Boomerang","Armaments"],"picked":"Spot Weakness","floor":6},{"not_picked":["Twin Strike","Cleave"],"picked":"Sword Boomerang","floor":10},{"not_picked":["Sword Boomerang","Perfected Strike"],"picked":"Barricade","floor":12},{"not_picked":["Shockwave","Havoc","Warcry"],"picked":"SKIP","floor":14},{"not_picked":["Reckless Charge","Whirlwind"],"picked":"Shrug It Off","floor":17},{"not_picked":["Anger","Armaments"],"picked":"Shrug It Off","floor":17},{"not_picked":["Combust","Headbutt"],"picked":"Pummel","floor":17},{"not_picked":["Clothesline","Whirlwind"],"picked":"True Grit","floor":17},{"not_picked":["Flex","Double Tap"],"picked":"Pummel","floor":18},{"not_picked":["Fire Breathing+1","Intimidate"],"picked":"Entrench","floor":19},{"not_picked":["Corruption","True Grit","Armaments"],"picked":"Body Slam","floor":27},{"not_picked":["Spot Weakness","Warcry+1","Shrug It Off","Wild Strike+1"],"picked":"SKIP","floor":30},{"not_picked":["Searing Blow","Clothesline+1","Iron Wave","Evolve+1"],"picked":"SKIP","floor":31}],"player_experience":236955,"relics_obtained":[{"floor":6,"key":"Shuriken"},{"floor":9,"key":"Blue Candle"},{"floor":12,"key":"Bag of Preparation"},{"floor":26,"key":"Question Card"},{"floor":29,"key":"Darkstone Periapt"}],"event_choices":[{"damage_healed":0,"gold_gain":0,"player_choice":"Lose Max HP","damage_taken":0,"relics_obtained":["Golden Idol"],"max_hp_gain":0,"max_hp_loss":6,"event_name":"Golden Idol","floor":11,"gold_loss":0},{"damage_healed":0,"gold_gain":0,"player_choice":"Simplicity","damage_taken":0,"max_hp_gain":0,"max_hp_loss":0,"event_name":"Back to Basics","floor":21,"gold_loss":0,"cards_upgraded":["Strike_R","Strike_R","Strike_R","Strike_R","Defend_R","Defend_R","Defend_R"]},{"damage_healed":0,"gold_gain":0,"player_choice":"Fight","damage_taken":0,"max_hp_gain":0,"max_hp_loss":0,"event_name":"Colosseum","floor":22,"gold_loss":0},{"damage_healed":0,"gold_gain":0,"player_choice":"Fled From Nobs","damage_taken":0,"max_hp_gain":0,"max_hp_loss":0,"event_name":"Colosseum","floor":22,"gold_loss":0},{"damage_healed":0,"gold_gain":0,"player_choice":"Read","damage_taken":0,"max_hp_gain":0,"max_hp_loss":0,"event_name":"The Library","floor":24,"gold_loss":0,"cards_obtained":["Flame Barrier"]}],"is_beta":false,"boss_relics":[{"not_picked":["Lizard Tail","Astrolabe"],"picked":"Orrery"}],"items_purged_floors":[8,20],"is_endless":false,"potions_floor_spawned":[1,5,10,12,16,18,22,30],"killed_by":"Collector","ascension_level":4}