{"gold_per_floor":[99,99,99,99,99,99,99,99,99,99,59,59,24,24,24,24,24,24,24,24,24,24],"floor_reached":22,"playtime":3166,"items_purged":[],"score":363,"play_id":"dc8674e4-5964-482b-952a-1c91d27498b6","local_time":"20190113120947","is_ascension_mode":true,"campfire_choices":[{"data":"Cloak And Dagger","floor":6.0,"key":"SMITH"},{"data":"Caltrops","floor":10.0,"key":"SMITH"},{"floor":12.0,"key":"REST"},{"floor":15.0,"key":"REST"}],"neow_cost":"NONE","seed_source_timestamp":313109148191308,"circlet_count":0,"master_deck":["AscendersBane","Survivor","Neutralize","Cloak And Dagger+1","Grand Finale","Escape Plan","Backflip","Caltrops+1","Night Terror","Skewer","Infinite Blades","Masterful Stab","Underhanded Strike","A Thousand Cuts","Envenom","Venomology","Finisher","Blade Dance","Dagger Spray","Dodge and Roll+1"],"special_seed":0,"relics":["Ectoplasm","Vajra","Omamori","Pandora\u0027s Box"],"potions_floor_usage":[21,21,21,21,21,21,22],"damage_taken":[{"damage":0.0,"enemies":"Jaw Worm","floor":1.0,"turns":5.0},{"damage":8.0,"enemies":"Small Slimes","floor":4.0,"turns":3.0},{"damage":0.0,"enemies":"Cultist","floor":5.0,"turns":3.0},{"damage":4.0,"enemies":"Blue Slaver","floor":7.0,"turns":3.0},{"damage":16.0,"enemies":"Exordium Wildlife","floor":8.0,"turns":3.0},{"damage":7.0,"enemies":"Exordium Thugs","floor":11.0,"turns":3.0},{"damage":51.0,"enemies":"Lagavulin","floor":14.0,"turns":7.0},{"damage":16.0,"enemies":"Hexaghost","floor":16.0,"turns":7.0},{"damage":33.0,"enemies":"Spheric Guardian","floor":18.0,"turns":5.0},{"damage":16,"enemies":"Shell Parasite","floor":21,"turns":5},{"damage":0,"enemies":"Snake Plant","floor":22,"turns":2}],"seed_played":"1451301748824020131","potions_obtained":[{"floor":11.0,"key":"Explosive Potion"},{"floor":14.0,"key":"SpeedPotion"},{"floor":21,"key":"Explosive Potion"}],"is_trial":false,"path_per_floor":["M","?","?","M","M","R","M","M","T","R","M","R","?","E","R","B",null,"M","?","$","M","M"],"character_chosen":"THE_SILENT","items_purchased":[],"campfire_rested":2,"item_purchase_floors":[],"current_hp_per_floor":[59,59,59,51,51,51,47,31,31,31,24,43,59,8,27,11,52,19,19,19,3,3],"gold":24,"neow_bonus":"BOSS_RELIC","is_prod":false,"is_daily":false,"chose_seed":false,"campfire_upgraded":2,"win_rate":0,"timestamp":1547399387,"path_taken":["M","?","?","M","?","R","M","M","T","R","M","R","?","E","R","BOSS","M","?","?","M","M"],"build_version":"2019-01-10","purchased_purges":0,"victory":false,"max_hp_per_floor":[66,66,66,66,66,66,66,66,66,66,66,66,66,66,66,66,66,66,66,66,66,66],"card_choices":[{"not_picked":["PiercingWail","Bane"],"picked":"Cloak And Dagger","floor":1.0},{"not_picked":["Flying Knee","Calculated Gamble"],"picked":"Escape Plan","floor":4.0},{"not_picked":["Dash","Bane","Reflex"],"picked":"SKIP","floor":5.0},{"not_picked":["Outmaneuver","Prepared"],"picked":"Backflip","floor":7.0},{"not_picked":["Endless Agony","Dagger Throw"],"picked":"Caltrops","floor":8.0},{"not_picked":["Blade Dance","PiercingWail","Cloak And Dagger"],"picked":"SKIP","floor":11.0},{"not_picked":["Dodge and Roll","Flechettes","Blade Dance"],"picked":"SKIP","floor":14.0},{"not_picked":["Venomology","Bullet Time"],"picked":"Night Terror","floor":16.0},{"not_picked":["Dash","Caltrops"],"picked":"Dagger Spray","floor":18.0},{"not_picked":["Deflect","Backstab"],"picked":"Dodge and Roll+1","floor":21}],"player_experience":2892703,"relics_obtained":[{"floor":9.0,"key":"Vajra"},{"floor":14.0,"key":"Omamori"}],"event_choices":[{"damage_healed":0.0,"max_hp_gain":0.0,"max_hp_loss":0.0,"gold_gain":0.0,"cards_transformed":["Defend_G"],"event_name":"Living Wall","player_choice":"Change","floor":2.0,"gold_loss":0.0,"damage_taken":0.0,"cards_obtained":["Grand Finale"]},{"damage_healed":0.0,"max_hp_gain":0.0,"max_hp_loss":0.0,"gold_gain":0.0,"event_name":"Wheel of Change","player_choice":"Cursed","floor":3.0,"gold_loss":0.0,"damage_taken":0.0,"cards_obtained":["Decay"]},{"damage_healed":16.0,"max_hp_gain":0.0,"max_hp_loss":0.0,"gold_gain":0.0,"event_name":"The Cleric","player_choice":"Healed","floor":13.0,"gold_loss":35.0,"damage_taken":0.0},{"cards_removed":["Decay"],"damage_healed":0.0,"max_hp_gain":0.0,"max_hp_loss":0.0,"gold_gain":0.0,"event_name":"Fountain of Cleansing","player_choice":"Removed Curses","floor":19.0,"gold_loss":0.0,"damage_taken":0.0}],"is_beta":false,"boss_relics":[{"not_picked":["Sozu","Coffee Dripper"],"picked":"Pandora\u0027s Box"}],"items_purged_floors":[],"is_endless":false,"potions_floor_spawned":[11,14,21],"killed_by":"Snake Plant","ascension_level":19}