{"gold_per_floor":[113,131,33,46,57,83,83,101,124,124,124,155,155,185,185,285,285,296,309,309,319,332,332,660,674,674,674,345,355,33,46,46,151,151,165,165,165,182,182,182,214,214,214,214,214,226,241,257,257,257],"floor_reached":50,"playtime":7924,"items_purged":["Regret","Normality"],"score":591,"play_id":"65c54389-23d5-470d-990e-2d69618109cc","local_time":"20190312180950","is_ascension_mode":true,"campfire_choices":[{"data":"Zap","floor":7,"key":"SMITH"},{"data":"Dualcast","floor":10,"key":"SMITH"},{"floor":13,"key":"REST"},{"floor":15,"key":"REST"},{"floor":23,"key":"REST"},{"floor":27,"key":"REST"},{"floor":32,"key":"REST"},{"floor":40,"key":"RECALL"},{"floor":42,"key":"DIG"},{"floor":45,"key":"DIG"},{"floor":49,"key":"REST"}],"neow_cost":"CURSE","seed_source_timestamp":49027586462114,"circlet_count":0,"master_deck":["Defend_B+1","Defend_B+1","Defend_B","Zap+1","Dualcast+1","Cold Snap","Capacitor","Conserve Battery","Go for the Eyes","Compile Driver","Rip and Tear","Ball Lightning","Sweeping Beam","Glacier","Rainbow","Consume","Compile Driver","White Noise","Darkness+1","Self Repair","Steam","Sweeping Beam","Metamorphosis","Turbo","Turbo","Core Surge","Go for the Eyes","Fission","Fusion+1","Doom and Gloom+1","Redo+1","Conserve Battery","Barrage+1","Cold Snap+1","Gash","Parasite","Redo+1","Hologram","Blizzard"],"relics":["Cracked Core","Pocketwatch","Blood Vial","PreservedInsect","WarpedTongs","War Paint","Bronze Scales","Cursed Key","Old Coin","Symbiotic Virus","Astrolabe","Shovel","Sundial","Mummified Hand"],"potions_floor_usage":[12,14,16,16,19,21,24,29,31,33,33,33,47,50],"damage_taken":[{"damage":6,"enemies":"Cultist","floor":1,"turns":3},{"damage":4,"enemies":"Jaw Worm","floor":2,"turns":2},{"damage":0,"enemies":"2 Louse","floor":4,"turns":3},{"damage":3,"enemies":"Exordium Thugs","floor":5,"turns":4},{"damage":7,"enemies":"3 Sentries","floor":6,"turns":7},{"damage":0,"enemies":"Large Slime","floor":8,"turns":5},{"damage":15,"enemies":"Gremlin Nob","floor":12,"turns":3},{"damage":13,"enemies":"3 Sentries","floor":14,"turns":3},{"damage":17,"enemies":"Slime Boss","floor":16,"turns":7},{"damage":0,"enemies":"Spheric Guardian","floor":18,"turns":3},{"damage":15,"enemies":"2 Thieves","floor":19,"turns":3},{"damage":0,"enemies":"Centurion and Healer","floor":21,"turns":5},{"damage":10,"enemies":"Snecko","floor":22,"turns":5},{"damage":48,"enemies":"Slavers","floor":24,"turns":7},{"damage":28,"enemies":"Shelled Parasite and Fungi","floor":25,"turns":4},{"damage":12,"enemies":"Snake Plant","floor":29,"turns":3},{"damage":0,"enemies":"Snecko","floor":31,"turns":4},{"damage":19,"enemies":"Automaton","floor":33,"turns":8},{"damage":6,"enemies":"Orb Walker","floor":35,"turns":3},{"damage":0,"enemies":"3 Shapes","floor":38,"turns":3},{"damage":30,"enemies":"Giant Head","floor":41,"turns":7},{"damage":24,"enemies":"Writhing Mass","floor":46,"turns":4},{"damage":15,"enemies":"3 Darklings","floor":47,"turns":3},{"damage":5,"enemies":"Jaw Worm Horde","floor":48,"turns":3},{"damage":75,"enemies":"Donu and Deca","floor":50,"turns":5}],"seed_played":"4490191647515337357","potions_obtained":[{"floor":5,"key":"Dexterity Potion"},{"floor":6,"key":"SkillPotion"},{"floor":8,"key":"Ancient Potion"},{"floor":12,"key":"AttackPotion"},{"floor":14,"key":"AttackPotion"},{"floor":16,"key":"Explosive Potion"},{"floor":19,"key":"PowerPotion"},{"floor":22,"key":"LiquidBronze"},{"floor":24,"key":"FocusPotion"},{"floor":25,"key":"LiquidBronze"},{"floor":29,"key":"LiquidBronze"},{"floor":31,"key":"Explosive Potion"},{"floor":38,"key":"FocusPotion"},{"floor":41,"key":"SpeedPotion"},{"floor":46,"key":"AttackPotion"},{"floor":48,"key":"AttackPotion"}],"is_trial":false,"path_per_floor":["M","M","$","M","M","E","R","M","T","R","?","E","R","E","R","B",null,"M","M","?","M","M","R","E","M","T","R","$","M","$","M","R","B",null,"M","T","?","M","$","R","E","R","T","?","R","M","M","M","R","B"],"character_chosen":"DEFECT","items_purchased":["Conserve Battery","Metamorphosis","Turbo","Core Surge","Symbiotic Virus"],"campfire_rested":6,"item_purchase_floors":[3,28,28,30,30],"current_hp_per_floor":[69,65,65,65,62,55,55,57,57,57,57,44,66,55,75,58,75,75,60,60,62,54,75,37,18,18,40,40,37,37,39,61,51,75,69,69,69,71,71,71,62,62,62,62,62,50,44,48,69,0],"gold":257,"neow_bonus":"ONE_RARE_RELIC","is_prod":false,"is_daily":false,"chose_seed":false,"campfire_upgraded":2,"win_rate":0,"timestamp":1552428590,"path_taken":["M","M","$","M","M","E","R","?","T","R","?","E","R","E","R","BOSS","M","M","?","M","M","R","E","M","T","R","?","M","$","M","R","BOSS","M","?","?","?","$","R","E","R","T","?","R","M","?","M","R","BOSS"],"build_version":"2019-01-23","purchased_purges":2,"victory":false,"max_hp_per_floor":[75,75,75,75,75,75,75,75,75,75,75,75,75,75,75,75,75,75,75,75,75,75,75,75,75,75,75,75,75,75,75,75,75,75,75,75,72,72,72,72,72,72,72,72,72,72,72,72,72,72],"card_choices":[{"not_picked":["Beam Cell","Conserve Battery"],"picked":"Cold Snap","floor":1},{"not_picked":["Go for the Eyes","Conserve Battery"],"picked":"Capacitor","floor":2},{"not_picked":["Force Field","Barrage"],"picked":"Go for the Eyes","floor":4},{"not_picked":["Tempest","Rebound"],"picked":"Compile Driver","floor":5},{"not_picked":["Hologram","Creative AI"],"picked":"Rip and Tear","floor":6},{"not_picked":["Go for the Eyes","Streamline"],"picked":"Ball Lightning","floor":8},{"not_picked":["Gash","Leap"],"picked":"Sweeping Beam","floor":12},{"not_picked":["Stack","Recycle"],"picked":"Glacier","floor":14},{"not_picked":["Thunder Strike","Fission"],"picked":"Rainbow","floor":16},{"not_picked":["Coolheaded+1","Stack"],"picked":"Consume","floor":18},{"not_picked":["Redo","Stack"],"picked":"Compile Driver","floor":19},{"not_picked":["Loop","Beam Cell"],"picked":"Darkness+1","floor":21},{"not_picked":["Melter","Steam"],"picked":"Self Repair","floor":22},{"not_picked":["Beam Cell","Meteor Strike"],"picked":"Steam","floor":24},{"not_picked":["Compile Driver","Steam"],"picked":"Sweeping Beam","floor":25},{"not_picked":["Compile Driver+1","Redo"],"picked":"Turbo","floor":29},{"not_picked":["Ball Lightning","Self Repair"],"picked":"Go for the Eyes","floor":31},{"not_picked":["Meteor Strike","Thunder Strike"],"picked":"Fission","floor":33},{"not_picked":["Rip and Tear","BootSequence"],"picked":"Conserve Battery","floor":35},{"not_picked":["Double Energy+1","FTL"],"picked":"Barrage+1","floor":38},{"not_picked":["Fusion+1","Machine Learning"],"picked":"Cold Snap+1","floor":41},{"not_picked":["Rip and Tear","Streamline"],"picked":"Redo+1","floor":46},{"not_picked":["BootSequence","Undo"],"picked":"Hologram","floor":47},{"not_picked":["Coolheaded","Steam+1"],"picked":"Blizzard","floor":48}],"player_experience":256759,"relics_obtained":[{"floor":6,"key":"Blood Vial"},{"floor":9,"key":"PreservedInsect"},{"floor":12,"key":"War Paint"},{"floor":14,"key":"Bronze Scales"},{"floor":24,"key":"Old Coin"},{"floor":41,"key":"Shovel"},{"floor":42,"key":"Sundial"},{"floor":45,"key":"Mummified Hand"}],"event_choices":[{"damage_healed":0,"gold_gain":0,"player_choice":"Rummage","damage_taken":0,"relics_obtained":["WarpedTongs"],"max_hp_gain":0,"max_hp_loss":0,"event_name":"Accursed Blacksmith","floor":11,"gold_loss":0,"cards_obtained":["Pain"]},{"damage_healed":0,"gold_gain":0,"cards_transformed":["Pain","Strike_B"],"player_choice":"Became Test Subject","damage_taken":0,"max_hp_gain":0,"max_hp_loss":0,"event_name":"Drug Dealer","floor":20,"gold_loss":0,"cards_obtained":["Normality","White Noise"]},{"cards_removed":["Parasite"],"damage_healed":0,"gold_gain":0,"player_choice":"Removed Curses","damage_taken":0,"max_hp_gain":0,"max_hp_loss":0,"event_name":"Fountain of Cleansing","floor":37,"gold_loss":0},{"damage_healed":0,"gold_gain":0,"cards_transformed":["Defend_B"],"player_choice":"Transformed","damage_taken":0,"max_hp_gain":0,"max_hp_loss":0,"event_name":"Transmorgrifier","floor":44,"gold_loss":0,"cards_obtained":["Gash"]}],"is_beta":false,"boss_relics":[{"not_picked":["Empty Cage","Runic Dome"],"picked":"Cursed Key"},{"not_picked":["White Beast Statue","Busted Crown"],"picked":"Astrolabe"}],"items_purged_floors":[3,28],"is_endless":false,"potions_floor_spawned":[5,6,8,12,14,16,19,22,24,25,29,31,38,41,46,48],"killed_by":"Donu and Deca","ascension_level":1}