{"gold_per_floor":[119,119,119,137,89,89,123,135,190,190,209,221,233,233],"floor_reached":14,"playtime":1609,"items_purged":[],"score":92,"play_id":"6d018ec8-28ca-4c12-8a3d-811158abef33","local_time":"20190325092852","is_ascension_mode":false,"campfire_choices":[{"data":"Barricade","floor":6.0,"key":"SMITH"},{"data":"Entrench","floor":10,"key":"SMITH"}],"neow_cost":"NONE","seed_source_timestamp":0,"circlet_count":0,"master_deck":["Strike_R","Strike_R","Strike_R","Strike_R","Defend_R","Defend_R","Defend_R","Defend_R","Bash","Barricade+1","True Grit","Entrench+1","Pommel Strike","Whirlwind","Evolve","Juggernaut"],"special_seed":0,"relics":["Burning Blood","Vajra","Boot"],"potions_floor_usage":[11],"damage_taken":[{"damage":10.0,"enemies":"Jaw Worm","floor":1.0,"turns":4.0},{"damage":11.0,"enemies":"Small Slimes","floor":4.0,"turns":4.0},{"damage":50.0,"enemies":"Lagavulin","floor":7.0,"turns":10.0},{"damage":6,"enemies":"Cultist","floor":8,"turns":3},{"damage":0,"enemies":"Lots of Slimes","floor":11,"turns":1},{"damage":0,"enemies":"3 Louse","floor":12,"turns":1},{"damage":26,"enemies":"Blue Slaver","floor":13,"turns":22},{"damage":13,"enemies":"2 Fungi Beasts","floor":14,"turns":2}],"seed_played":"-808653163369924314","potions_obtained":[{"floor":1.0,"key":"Block Potion"},{"floor":7,"key":"AttackPotion"},{"floor":13,"key":"FearPotion"}],"is_trial":false,"path_per_floor":["M","?","?","M","$","R","E","M","T","R","M","M","M","M"],"character_chosen":"IRONCLAD","items_purchased":["Pommel Strike"],"campfire_rested":0,"item_purchase_floors":[5],"current_hp_per_floor":[76,69,69,64,64,64,20,20,20,20,26,32,12,0],"gold":233,"neow_bonus":"ONE_RANDOM_RARE_CARD","is_prod":false,"is_daily":false,"chose_seed":false,"campfire_upgraded":2,"win_rate":0,"timestamp":1553520532,"path_taken":["M","?","?","?","$","R","E","M","T","R","M","M","M","M"],"build_version":"2019-01-23","purchased_purges":0,"victory":false,"max_hp_per_floor":[80,80,80,80,80,80,80,80,80,80,80,80,80,80],"card_choices":[{"not_picked":["Dual Wield","Havoc"],"picked":"True Grit","floor":1.0},{"not_picked":["Body Slam","Perfected Strike"],"picked":"Entrench","floor":4.0},{"not_picked":["Cleave","True Grit"],"picked":"Whirlwind","floor":7},{"not_picked":["Armaments","Corruption"],"picked":"Evolve","floor":8},{"not_picked":["Whirlwind","Clash","Perfected Strike"],"picked":"SKIP","floor":11},{"not_picked":["Pummel","Iron Wave","Flex"],"picked":"SKIP","floor":12},{"not_picked":["Thunderclap","Entrench"],"picked":"Juggernaut","floor":13}],"player_experience":266755,"relics_obtained":[{"floor":7,"key":"Vajra"},{"floor":9,"key":"Boot"}],"event_choices":[{"cards_removed":["Strike_R"],"damage_healed":0.0,"max_hp_gain":0.0,"max_hp_loss":0.0,"gold_gain":0.0,"event_name":"Golden Wing","player_choice":"Card Removal","floor":2.0,"gold_loss":0.0,"damage_taken":7.0},{"damage_healed":0.0,"max_hp_gain":0.0,"max_hp_loss":0.0,"gold_gain":0.0,"event_name":"NoteForYourself","player_choice":"Ignored","floor":3.0,"gold_loss":0.0,"damage_taken":0.0}],"is_beta":false,"boss_relics":[],"items_purged_floors":[],"is_endless":false,"potions_floor_spawned":[1,7,13],"killed_by":"2 Fungi Beasts","ascension_level":0}