{"gold_per_floor":[115,115,127,52,52,85,102,132,132,132,151,151,163,180,180,279,279,289,299,314,29,46,46,79,79,106,206,233,252,252,269,269,367,367,382,394,294,305,325,325,92,92,92,92,92,111,111,128,128,128,128,128,3,34,34],"floor_reached":55,"playtime":5123,"items_purged":["Strike_R","Strike_R","Warcry+1"],"score":721,"play_id":"d77797b2-4edf-4318-894c-5a53c41720e2","local_time":"20190122032840","is_ascension_mode":false,"campfire_choices":[{"data":"Metallicize","floor":10.0,"key":"SMITH"},{"floor":15.0,"key":"REST"},{"floor":23.0,"key":"REST"},{"floor":25.0,"key":"REST"},{"floor":30.0,"key":"RECALL"},{"data":"1","floor":32.0,"key":"LIFT"},{"floor":40.0,"key":"REST"},{"data":"2","floor":44.0,"key":"LIFT"},{"data":"Demon Form","floor":47.0,"key":"SMITH"},{"data":"3","floor":49.0,"key":"LIFT"},{"data":"Inflame","floor":52.0,"key":"SMITH"}],"neow_cost":"NONE","seed_source_timestamp":1278452799779,"circlet_count":0,"master_deck":["Strike_R","Strike_R","Strike_R","Defend_R+1","Defend_R+1","Defend_R","Defend_R","Bash+1","Dropkick","Thunderclap","Metallicize+1","Armaments+1","Infernal Blade+1","Inflame+1","Twin Strike+1","Double Tap+1","Evolve","Whirlwind+1","Iron Wave+1","Iron Wave+1","Shrug It Off+1","Shrug It Off+1","Demon Form+1","Disarm+1","Heavy Blade+1","Flame Barrier+1","Uppercut+1"],"special_seed":0,"relics":["Burning Blood","NeowsBlessing","Toxic Egg 2","Kunai","Molten Egg 2","Velvet Choker","Ornamental Fan","Orichalcum","Girya","Cursed Key","Bronze Scales","Boot"],"potions_floor_usage":[55],"damage_taken":[{"damage":0.0,"enemies":"2 Louse","floor":1.0,"turns":1.0},{"damage":0.0,"enemies":"Small Slimes","floor":3.0,"turns":1.0},{"damage":0.0,"enemies":"3 Sentries","floor":6.0,"turns":1.0},{"damage":0.0,"enemies":"Jaw Worm","floor":7.0,"turns":4.0},{"damage":22.0,"enemies":"Lagavulin","floor":8.0,"turns":5.0},{"damage":5.0,"enemies":"Lots of Slimes","floor":11.0,"turns":4.0},{"damage":9.0,"enemies":"Red Slaver","floor":13.0,"turns":4.0},{"damage":9.0,"enemies":"Exordium Thugs","floor":14.0,"turns":4.0},{"damage":48.0,"enemies":"Hexaghost","floor":16.0,"turns":10.0},{"damage":5.0,"enemies":"Chosen","floor":18.0,"turns":3.0},{"damage":18.0,"enemies":"2 Thieves","floor":19.0,"turns":4.0},{"damage":33.0,"enemies":"Snake Plant","floor":20.0,"turns":3.0},{"damage":16.0,"enemies":"Chosen and Byrds","floor":22.0,"turns":4.0},{"damage":24.0,"enemies":"Slavers","floor":24.0,"turns":4.0},{"damage":17.0,"enemies":"Gremlin Leader","floor":28.0,"turns":6.0},{"damage":5.0,"enemies":"Snecko","floor":29.0,"turns":5.0},{"damage":5.0,"enemies":"Shelled Parasite and Fungi","floor":31.0,"turns":4.0},{"damage":49.0,"enemies":"Collector","floor":33.0,"turns":7.0},{"damage":3.0,"enemies":"3 Shapes","floor":35.0,"turns":3.0},{"damage":20.0,"enemies":"3 Darklings","floor":36.0,"turns":4.0},{"damage":45.0,"enemies":"Writhing Mass","floor":38.0,"turns":7.0},{"damage":10.0,"enemies":"4 Shapes","floor":39.0,"turns":3.0},{"damage":0.0,"enemies":"Sphere and 2 Shapes","floor":46.0,"turns":4.0},{"damage":0.0,"enemies":"Spire Growth","floor":48.0,"turns":2.0},{"damage":52.0,"enemies":"Time Eater","floor":50.0,"turns":9.0},{"damage":55.0,"enemies":"Shield and Spear","floor":54.0,"turns":5.0},{"damage":51,"enemies":"The Heart","floor":55,"turns":3}],"seed_played":"5353501107524054985","potions_obtained":[{"floor":1.0,"key":"Poison Potion"},{"floor":3.0,"key":"Strength Potion"},{"floor":16.0,"key":"Strength Potion"},{"floor":18.0,"key":"Regen Potion"},{"floor":19.0,"key":"PowerPotion"},{"floor":22.0,"key":"FearPotion"},{"floor":31.0,"key":"SkillPotion"},{"floor":35.0,"key":"Regen Potion"},{"floor":46.0,"key":"Weak Potion"},{"floor":54.0,"key":"BloodPotion"}],"is_trial":false,"path_per_floor":["M","?","M","$","?","E","M","E","T","R","M","?","M","M","R","B",null,"M","M","M","$","M","R","E","R","T","?","E","M","R","M","R","B",null,"M","M","$","M","M","R","$","?","T","R","$","M","R","M","R","B",null,"R","$","E","B"],"character_chosen":"IRONCLAD","items_purchased":["Ornamental Fan","Iron Wave+1","Bronze Scales","Heavy Blade+1","Flame Barrier+1"],"campfire_rested":4,"item_purchase_floors":[21,21,41,41,41],"current_hp_per_floor":[80,64,70,70,70,76,80,64,64,64,65,70,67,64,85,43,85,85,73,46,46,48,73,55,80,80,80,69,70,70,71,71,28,85,85,71,71,32,37,62,62,62,62,62,62,68,68,74,74,28,85,85,85,36,0],"gold":34,"neow_bonus":"THREE_ENEMY_KILL","is_prod":false,"is_daily":false,"chose_seed":false,"campfire_upgraded":3,"win_rate":0,"timestamp":1548145720,"path_taken":["M","?","M","$","?","E","M","E","T","R","M","?","M","M","R","BOSS","M","M","M","$","M","R","E","R","T","?","E","M","R","?","R","BOSS","M","M","$","M","M","R","$","?","T","R","?","M","R","M","R","BOSS","R","$","E","BOSS"],"build_version":"2019-01-17v2","purchased_purges":3,"victory":false,"max_hp_per_floor":[80,80,80,80,80,80,80,80,80,80,80,85,85,85,85,85,85,85,85,85,85,85,85,85,85,85,85,85,85,85,85,85,85,85,85,85,85,85,85,85,85,85,85,85,85,85,85,85,85,85,85,85,85,85,85],"card_choices":[{"not_picked":["True Grit","Power Through"],"picked":"Dropkick","floor":1.0},{"not_picked":["Second Wind","Combust"],"picked":"Thunderclap","floor":3.0},{"not_picked":["Clash","Fire Breathing"],"picked":"Metallicize","floor":6.0},{"not_picked":["Perfected Strike","Dark Embrace"],"picked":"Warcry+1","floor":7.0},{"not_picked":["Demon Form","Warcry+1"],"picked":"Armaments+1","floor":8.0},{"not_picked":["Pummel+1","Thunderclap+1"],"picked":"Infernal Blade+1","floor":11.0},{"not_picked":["Evolve","Uppercut+1"],"picked":"Inflame","floor":13.0},{"not_picked":["Sever Soul+1","Clash+1"],"picked":"Twin Strike+1","floor":14.0},{"not_picked":["Berserk","Juggernaut"],"picked":"Double Tap+1","floor":16.0},{"not_picked":["Thunderclap+1","Sever Soul+1"],"picked":"Evolve","floor":18.0},{"not_picked":["Spot Weakness+1","Havoc+1"],"picked":"Whirlwind+1","floor":19.0},{"not_picked":["Thunderclap+1","Rage+1","Pummel+1"],"picked":"SKIP","floor":20.0},{"not_picked":["Blood for Blood+1","Spot Weakness+1"],"picked":"Iron Wave+1","floor":22.0},{"not_picked":["Thunderclap+1","Armaments+1"],"picked":"Shrug It Off+1","floor":24.0},{"not_picked":["Anger+1","Sever Soul+1","Flex+1"],"picked":"SKIP","floor":28.0},{"not_picked":["Anger+1","Headbutt+1","Cleave+1"],"picked":"SKIP","floor":29.0},{"not_picked":["Inflame","Rupture"],"picked":"Shrug It Off+1","floor":31.0},{"not_picked":["Feed+1","Barricade"],"picked":"Demon Form","floor":33.0},{"not_picked":["True Grit+1","Armaments+1"],"picked":"Disarm+1","floor":35.0},{"not_picked":["Warcry+1","Infernal Blade+1","Anger+1"],"picked":"SKIP","floor":36.0},{"not_picked":["Wild Strike+1","Havoc+1","Infernal Blade+1"],"picked":"SKIP","floor":38.0},{"not_picked":["Warcry+1","Ghostly Armor+1","True Grit+1"],"picked":"SKIP","floor":39.0},{"not_picked":["Rupture+1","Twin Strike+1","Shrug It Off+1"],"picked":"SKIP","floor":46.0},{"not_picked":["Carnage+1","Flame Barrier+1","Burning Pact+1"],"picked":"SKIP","floor":48.0},{"not_picked":["Bludgeon+1","Iron Wave+1"],"picked":"Uppercut+1","floor":54.0}],"player_experience":3015789,"relics_obtained":[{"floor":6.0,"key":"Toxic Egg 2"},{"floor":8.0,"key":"Kunai"},{"floor":9.0,"key":"Molten Egg 2"},{"floor":24.0,"key":"Orichalcum"},{"floor":28.0,"key":"Girya"},{"floor":54.0,"key":"Boot"}],"event_choices":[{"damage_healed":0.0,"max_hp_gain":0.0,"max_hp_loss":0.0,"gold_gain":0.0,"event_name":"Shining Light","player_choice":"Entered Light","floor":2.0,"gold_loss":0.0,"damage_taken":16.0,"cards_upgraded":["Defend_R","Defend_R"]},{"damage_healed":0.0,"max_hp_gain":0.0,"max_hp_loss":0.0,"gold_gain":0.0,"event_name":"Living Wall","player_choice":"Grow","floor":5.0,"gold_loss":0.0,"damage_taken":0.0,"cards_upgraded":["Bash"]},{"damage_healed":0.0,"max_hp_gain":5.0,"max_hp_loss":0.0,"gold_gain":0.0,"event_name":"Big Fish","player_choice":"Donut","floor":12.0,"gold_loss":0.0,"damage_taken":0.0},{"damage_healed":0.0,"max_hp_gain":0.0,"max_hp_loss":0.0,"gold_gain":100.0,"event_name":"Golden Shrine","player_choice":"Pray","floor":27.0,"gold_loss":0.0,"damage_taken":0.0},{"damage_healed":0.0,"max_hp_gain":0.0,"max_hp_loss":0.0,"gold_gain":0.0,"event_name":"SecretPortal","player_choice":"Ignored","floor":42.0,"gold_loss":0.0,"damage_taken":0.0}],"is_beta":false,"boss_relics":[{"not_picked":["Black Star","Runic Cube"],"picked":"Velvet Choker"},{"not_picked":["Coffee Dripper","Fusion Hammer"],"picked":"Cursed Key"}],"items_purged_floors":[4,37,53],"is_endless":false,"potions_floor_spawned":[1,3,16,18,19,22,31,35,46,54],"killed_by":"The Heart","ascension_level":0}