{"gold_per_floor":[13,30,49,67,86,121,133,171,183,216,239,271,283,314,326,438,450,476,488,516,528,432,432,357,457,457,470,524,524,524,535,535,633,633,647,647,647,657,657,657,657,64,89,89,89,123,123,142,142,142],"floor_reached":51,"playtime":3786,"items_purged":["Strike_G","Strike_G"],"score":685,"play_id":"42da1939-bfe5-4cbd-8fe2-2580dc3612d4","local_time":"20190201201025","is_ascension_mode":false,"campfire_choices":[{"data":"Dagger Spray","floor":7,"key":"SMITH"},{"floor":13,"key":"REST"},{"data":"Neutralize","floor":15,"key":"SMITH"},{"data":"Bane","floor":23,"key":"SMITH"},{"data":"After Image","floor":30,"key":"SMITH"},{"floor":32,"key":"REST"},{"data":"A Thousand Cuts","floor":40,"key":"SMITH"},{"data":"Footwork","floor":44,"key":"SMITH"},{"data":"Quick Slash","floor":47,"key":"SMITH"},{"floor":49,"key":"REST"}],"neow_cost":"NO_GOLD","seed_source_timestamp":26981064185055,"circlet_count":0,"master_deck":["Defend_G","Defend_G","Defend_G","Defend_G","Defend_G","Strike_G","Neutralize+1","Malaise","Quick Slash+1","Dagger Spray+1","After Image+1","After Image","Backstab","Noxious Fumes+1","Bane+1","Flying Knee","Malaise","Blur+1","Predator+1","Backstab","Infinite Blades","A Thousand Cuts+1","Dodge and Roll+1","Backstab","Footwork+1"],"relics":["Ring of the Snake","MawBank","Bronze Scales","Mercury Hourglass","Odd Mushroom","Busted Crown","Tingsha","Shuriken","Dodecahedron","Regal Pillow","Runic Pyramid","Pear","Gremlin Horn","Orichalcum","Singing Bowl"],"potions_floor_usage":[5,6,12,20,25,50,50],"damage_taken":[{"damage":0,"enemies":"Cultist","floor":1,"turns":6},{"damage":2,"enemies":"Jaw Worm","floor":2,"turns":6},{"damage":0,"enemies":"2 Louse","floor":3,"turns":3},{"damage":3,"enemies":"Red Slaver","floor":4,"turns":5},{"damage":0,"enemies":"2 Fungi Beasts","floor":5,"turns":3},{"damage":21,"enemies":"Lagavulin","floor":6,"turns":13},{"damage":18,"enemies":"3 Sentries","floor":8,"turns":9},{"damage":9,"enemies":"The Mushroom Lair","floor":10,"turns":3},{"damage":0,"enemies":"Looter","floor":11,"turns":2},{"damage":1,"enemies":"Large Slime","floor":12,"turns":4},{"damage":0,"enemies":"Exordium Thugs","floor":14,"turns":3},{"damage":2,"enemies":"The Guardian","floor":16,"turns":10},{"damage":5,"enemies":"Spheric Guardian","floor":18,"turns":4},{"damage":0,"enemies":"2 Thieves","floor":20,"turns":3},{"damage":4,"enemies":"Colosseum Slavers","floor":25,"turns":2},{"damage":0,"enemies":"Colosseum Nobs","floor":25,"turns":4},{"damage":10,"enemies":"Chosen and Byrds","floor":27,"turns":4},{"damage":2,"enemies":"3 Cultists","floor":31,"turns":4},{"damage":21,"enemies":"Automaton","floor":33,"turns":9},{"damage":0,"enemies":"Orb Walker","floor":35,"turns":3},{"damage":2,"enemies":"3 Darklings","floor":38,"turns":4},{"damage":13,"enemies":"Nemesis","floor":46,"turns":7},{"damage":0,"enemies":"Transient","floor":48,"turns":5},{"damage":41,"enemies":"Awakened One","floor":50,"turns":17}],"seed_played":"8772898959250885106","potions_obtained":[{"floor":2,"key":"Energy Potion"},{"floor":3,"key":"EssenceOfSteel"},{"floor":4,"key":"GhostInAJar"},{"floor":6,"key":"GamblersBrew"},{"floor":14,"key":"Poison Potion"},{"floor":16,"key":"Energy Potion"},{"floor":18,"key":"EssenceOfSteel"},{"floor":31,"key":"Explosive Potion"}],"is_trial":false,"path_per_floor":["M","?","?","M","?","?","?","T","?","?","?","M","?","T","?"],"character_chosen":"THE_SILENT","items_purchased":["Backstab","Backstab","Footwork","EssenceOfSteel","PowerPotion","Gremlin Horn"],"campfire_rested":3,"item_purchase_floors":[22,42,42,42,42,42],"current_hp_per_floor":[70,68,68,65,65,44,44,26,26,17,17,16,37,37,37,35,70,65,65,65,52,52,52,52,48,48,38,38,38,38,36,73,52,75,75,75,75,73,73,73,83,83,83,83,83,72,72,74,89,48],"gold":142,"neow_bonus":"THREE_RARE_CARDS","is_prod":false,"is_daily":false,"chose_seed":false,"campfire_upgraded":7,"win_rate":1,"timestamp":1549069825,"path_taken":["M","M","M","M","?","E","R","E","T","?","M","M","R","M","R","BOSS","M","?","?","?","$","R","?","?","T","M","?","?","R","M","R","BOSS","M","?","?","?","?","R","?","$","T","R","?","E","R","M","R","BOSS"],"build_version":"2019-01-23","purchased_purges":2,"victory":true,"max_hp_per_floor":[70,70,70,70,70,70,70,70,70,70,70,70,70,70,70,70,70,70,70,70,75,75,75,75,75,75,75,75,75,75,75,75,75,75,75,75,75,75,75,75,85,85,85,85,85,87,87,89,89,89],"card_choices":[{"not_picked":["Tools of the Trade","Glass Knife"],"picked":"Malaise","floor":0},{"not_picked":["PiercingWail","Predator"],"picked":"Quick Slash","floor":1},{"not_picked":["Acrobatics","PiercingWail"],"picked":"Dagger Spray","floor":2},{"not_picked":["Finisher","Prepared","Outmaneuver"],"picked":"SKIP","floor":3},{"not_picked":["Quick Slash","Crippling Poison","Acrobatics"],"picked":"SKIP","floor":4},{"not_picked":["Outmaneuver","Slice"],"picked":"After Image","floor":5},{"not_picked":["Reflex","Blade Dance"],"picked":"After Image","floor":6},{"not_picked":["Sucker Punch","Dagger Spray"],"picked":"Backstab","floor":8},{"not_picked":["Finisher","PiercingWail"],"picked":"Noxious Fumes","floor":10},{"not_picked":["Reflex","Heel Hook"],"picked":"Bane","floor":11},{"not_picked":["Underhanded Strike","Dodge and Roll","Blade Dance"],"picked":"SKIP","floor":12},{"not_picked":["Tactician","Prepared"],"picked":"Flying Knee","floor":14},{"not_picked":["A Thousand Cuts","Unload"],"picked":"Malaise","floor":16},{"not_picked":[],"picked":"Blur+1","floor":18},{"not_picked":[],"picked":"Predator+1","floor":20},{"not_picked":[],"picked":"Infinite Blades","floor":25},{"not_picked":["Slice"],"picked":"SKIP","floor":27},{"not_picked":["Blade Dance"],"picked":"SKIP","floor":31},{"not_picked":[],"picked":"A Thousand Cuts","floor":33},{"not_picked":[],"picked":"Dodge and Roll+1","floor":35},{"not_picked":["Tactician"],"picked":"SKIP","floor":38},{"not_picked":["Corpse Explosion"],"picked":"Singing Bowl","floor":46},{"not_picked":["Prepared"],"picked":"Singing Bowl","floor":48}],"player_experience":64749,"relics_obtained":[{"floor":6,"key":"MawBank"},{"floor":8,"key":"Bronze Scales"},{"floor":9,"key":"Mercury Hourglass"},{"floor":10,"key":"Odd Mushroom"},{"floor":25,"key":"Tingsha"},{"floor":25,"key":"Shuriken"},{"floor":26,"key":"Dodecahedron"},{"floor":28,"key":"Regal Pillow"},{"floor":41,"key":"Pear"},{"floor":43,"key":"Orichalcum"},{"floor":46,"key":"Singing Bowl"}],"event_choices":[{"damage_healed":0,"gold_gain":0,"player_choice":"Fought Mushrooms","damage_taken":0,"max_hp_gain":0,"max_hp_loss":0,"event_name":"Mushrooms","floor":10,"gold_loss":0},{"damage_healed":0,"gold_gain":0,"player_choice":"Forge","damage_taken":0,"max_hp_gain":0,"max_hp_loss":0,"event_name":"Accursed Blacksmith","floor":19,"gold_loss":0,"cards_upgraded":["Noxious Fumes"]},{"damage_healed":0,"gold_gain":0,"player_choice":"Shed Blood","damage_taken":18,"max_hp_gain":5,"max_hp_loss":0,"event_name":"Forgotten Altar","floor":21,"gold_loss":0},{"cards_removed":["Strike_G"],"damage_healed":0,"gold_gain":0,"player_choice":"Gave Gold","damage_taken":0,"max_hp_gain":0,"max_hp_loss":0,"event_name":"Beggar","floor":24,"gold_loss":75},{"damage_healed":0,"gold_gain":0,"player_choice":"Fight","damage_taken":0,"max_hp_gain":0,"max_hp_loss":0,"event_name":"Colosseum","floor":25,"gold_loss":0},{"damage_healed":0,"gold_gain":0,"player_choice":"Fought Nobs","damage_taken":0,"max_hp_gain":0,"max_hp_loss":0,"event_name":"Colosseum","floor":25,"gold_loss":0},{"damage_healed":0,"gold_gain":0,"player_choice":"Ignored","damage_taken":0,"max_hp_gain":0,"max_hp_loss":0,"event_name":"The Mausoleum","floor":29,"gold_loss":0},{"damage_healed":0,"gold_gain":0,"player_choice":"Ignored","damage_taken":0,"max_hp_gain":0,"max_hp_loss":0,"event_name":"Mysterious Sphere","floor":36,"gold_loss":0},{"damage_healed":0,"gold_gain":0,"player_choice":"Ignored","damage_taken":0,"max_hp_gain":0,"max_hp_loss":0,"event_name":"NoteForYourself","floor":37,"gold_loss":0},{"cards_removed":["Survivor"],"damage_healed":0,"gold_gain":0,"player_choice":"Removed Skill","damage_taken":0,"max_hp_gain":0,"max_hp_loss":0,"event_name":"Falling","floor":39,"gold_loss":0},{"cards_removed":["Strike_G"],"damage_healed":0,"gold_gain":0,"player_choice":"Offered Basic","damage_taken":0,"max_hp_gain":0,"max_hp_loss":0,"event_name":"Bonfire Elementals","floor":45,"gold_loss":0}],"is_beta":false,"boss_relics":[{"not_picked":["HoveringKite","Empty Cage"],"picked":"Busted Crown"},{"not_picked":["Sozu","Runic Dome"],"picked":"Runic Pyramid"}],"items_purged_floors":[22,42],"is_endless":false,"potions_floor_spawned":[2,3,4,6,14,16,18,31,46],"ascension_level":0}