{"gold_per_floor":[16,29,29,204,214,214,61,76,76,94,44,44,44,58,58,58],"floor_reached":16,"playtime":334,"items_purged":["Doubt"],"score":92,"play_id":"13905f5f-574d-44cd-9939-7ae4ec3bc98e","local_time":"20190321022909","is_ascension_mode":false,"campfire_choices":[{"data":"Searing Blow","floor":6,"key":"SMITH"},{"data":"Searing Blow+1","floor":12,"key":"SMITH"},{"data":"Searing Blow+2","floor":15,"key":"SMITH"}],"neow_cost":"NO_GOLD","seed_source_timestamp":62493377632733,"circlet_count":0,"master_deck":["Strike_R","Strike_R","Strike_R","Defend_R","Defend_R","Defend_R","Bash","Thunderclap","Cleave","Searing Blow+3","Intimidate","Havoc"],"relics":["Burning Blood","Unceasing Top","Golden Idol"],"potions_floor_usage":[16],"damage_taken":[{"damage":1,"enemies":"Jaw Worm","floor":1,"turns":4},{"damage":9,"enemies":"2 Louse","floor":2,"turns":2},{"damage":2,"enemies":"Small Slimes","floor":5,"turns":4},{"damage":11,"enemies":"Blue Slaver","floor":8,"turns":4},{"damage":27,"enemies":"Exordium Thugs","floor":10,"turns":6},{"damage":7,"enemies":"3 Louse","floor":14,"turns":3},{"damage":39,"enemies":"The Guardian","floor":16,"turns":7}],"seed_played":"3166062925842489088","potions_obtained":[{"floor":2,"key":"GamblersBrew"},{"floor":10,"key":"Ancient Potion"}],"is_trial":false,"path_per_floor":["M","M","?","?","M","R","$","M","T","M","?","R","?","M","R","B"],"character_chosen":"IRONCLAD","items_purchased":["Intimidate"],"campfire_rested":0,"item_purchase_floors":[7],"current_hp_per_floor":[80,77,82,82,85,85,85,80,80,59,59,59,38,37,37,0],"gold":58,"neow_bonus":"REMOVE_TWO","is_prod":false,"is_daily":false,"chose_seed":false,"campfire_upgraded":3,"win_rate":0,"timestamp":1553156949,"path_taken":["M","M","?","?","M","R","$","M","T","M","?","R","?","M","R","BOSS"],"build_version":"2019-01-23","purchased_purges":1,"victory":false,"max_hp_per_floor":[80,80,85,85,85,85,85,85,85,85,85,85,85,85,85,85],"card_choices":[{"not_picked":["Body Slam","Clothesline"],"picked":"Thunderclap","floor":1},{"not_picked":["Havoc","Perfected Strike"],"picked":"Cleave","floor":2},{"not_picked":["Body Slam","True Grit"],"picked":"Searing Blow","floor":5},{"not_picked":["Havoc","Heavy Blade","Thunderclap"],"picked":"SKIP","floor":8},{"not_picked":["Heavy Blade","Thunderclap"],"picked":"Havoc","floor":8},{"not_picked":["Thunderclap","Power Through","Evolve"],"picked":"SKIP","floor":10},{"not_picked":["Carnage","Hemokinesis","Anger"],"picked":"SKIP","floor":14}],"player_experience":1100298,"relics_obtained":[{"floor":9,"key":"Unceasing Top"}],"event_choices":[{"damage_healed":0,"gold_gain":0,"player_choice":"Donut","damage_taken":0,"max_hp_gain":5,"max_hp_loss":0,"event_name":"Big Fish","floor":3,"gold_loss":0},{"damage_healed":0,"gold_gain":175,"player_choice":"AGREE","damage_taken":0,"max_hp_gain":0,"max_hp_loss":0,"event_name":"Liars Game","floor":4,"gold_loss":0,"cards_obtained":["Doubt"]},{"cards_removed":["Strike_R"],"damage_healed":0,"gold_gain":0,"player_choice":"Card Removal","damage_taken":0,"max_hp_gain":0,"max_hp_loss":0,"event_name":"The Cleric","floor":11,"gold_loss":50},{"damage_healed":0,"gold_gain":0,"player_choice":"Take Damage","damage_taken":21,"relics_obtained":["Golden Idol"],"max_hp_gain":0,"max_hp_loss":0,"event_name":"Golden Idol","floor":13,"gold_loss":0}],"is_beta":false,"boss_relics":[],"items_purged_floors":[7],"is_endless":false,"potions_floor_spawned":[2,10],"killed_by":"The Guardian","ascension_level":0}