{"gold_per_floor":[116,116,132,6,81,114,114,132,132,145,45,45,45,45,45,141,141,158,112,112,112,112,141,216,216,216,231,264,278,304,318,318,421,421,435,454,454,19,33,33,46,46,73,100,112,147,147,173,173,173],"floor_reached":51,"playtime":3967,"items_purged":["Defend_R","Strike_R","Bite"],"score":766,"play_id":"f5431d02-a7f3-46a6-bd99-88b919a81ef1","local_time":"20190306123901","is_ascension_mode":false,"campfire_choices":[{"data":"Combust","floor":7,"key":"SMITH"},{"data":"Flex","floor":12,"key":"SMITH"},{"data":"Headbutt","floor":15,"key":"SMITH"},{"data":"Rupture","floor":25,"key":"SMITH"},{"data":"Iron Wave","floor":32,"key":"SMITH"},{"data":"Juggernaut","floor":40,"key":"SMITH"},{"data":"Metallicize","floor":42,"key":"SMITH"},{"data":"Shrug It Off","floor":47,"key":"SMITH"},{"floor":49,"key":"REST"}],"neow_cost":"TEN_PERCENT_HP_LOSS","seed_source_timestamp":666025055178474,"circlet_count":0,"master_deck":["Defend_R","Defend_R","Bash+1","Thunderclap","Headbutt+1","Combust+1","Flex+1","Metallicize+1","Shrug It Off+1","Bite","Bite","Bite","Bite","Rupture+1","Bloodletting+1","Battle Trance+1","Iron Wave","Iron Wave+1","Juggernaut+1","Shrug It Off+1","Pommel Strike+1","Shockwave+1","Parasite","Demon Form"],"relics":["Burning Blood","FossilizedHelix","Charon\u0027s Ashes","Magic Flower","Pantograph","Sozu","Bag of Preparation","Bronze Scales","The Courier","Toxic Egg 2","Blood Vial","Runic Cube","Mango","Red Skull","Ornamental Fan","Whetstone","Mercury Hourglass"],"potions_floor_usage":[6,33,35],"damage_taken":[{"damage":0,"enemies":"2 Louse","floor":1,"turns":3},{"damage":0,"enemies":"Small Slimes","floor":3,"turns":3},{"damage":26,"enemies":"3 Sentries","floor":6,"turns":7},{"damage":7,"enemies":"Jaw Worm","floor":8,"turns":2},{"damage":16,"enemies":"Exordium Wildlife","floor":10,"turns":4},{"damage":48,"enemies":"Slime Boss","floor":16,"turns":7},{"damage":5,"enemies":"Spheric Guardian","floor":18,"turns":3},{"damage":41,"enemies":"Slavers","floor":23,"turns":4},{"damage":1,"enemies":"3 Byrds","floor":27,"turns":2},{"damage":41,"enemies":"Gremlin Leader","floor":28,"turns":5},{"damage":7,"enemies":"Centurion and Healer","floor":29,"turns":3},{"damage":23,"enemies":"Slavers","floor":30,"turns":5},{"damage":6,"enemies":"Cultist and Chosen","floor":31,"turns":4},{"damage":46,"enemies":"Collector","floor":33,"turns":8},{"damage":20,"enemies":"3 Darklings","floor":35,"turns":4},{"damage":8,"enemies":"3 Shapes","floor":36,"turns":3},{"damage":18,"enemies":"Writhing Mass","floor":39,"turns":4},{"damage":32,"enemies":"Spire Growth","floor":41,"turns":4},{"damage":39,"enemies":"Giant Head","floor":44,"turns":8},{"damage":34,"enemies":"Sphere and 2 Shapes","floor":45,"turns":4},{"damage":27,"enemies":"Nemesis","floor":46,"turns":7},{"damage":18,"enemies":"Giant Head","floor":48,"turns":7},{"damage":78,"enemies":"Awakened One","floor":50,"turns":10}],"seed_played":"2428300279869146788","potions_obtained":[{"floor":3,"key":"Fire Potion"},{"floor":8,"key":"Energy Potion"},{"floor":16,"key":"Weak Potion"}],"is_trial":false,"path_per_floor":["M","?","M","$","?","E","R","M","T","M","$","R","T","$","R","B",null,"M","$","?","T","?","E","?","R","T","M","E","M","E","M","R","B",null,"M","M","?","$","M","R","M","R","T","E","M","E","R","E","R","B",null],"character_chosen":"IRONCLAD","items_purchased":["Headbutt","Shrug It Off","Pommel Strike","Shockwave+1","Mango"],"campfire_rested":1,"item_purchase_floors":[4,19,38,38,38],"current_hp_per_floor":[72,65,71,71,60,40,40,39,39,32,32,32,32,32,32,31,72,72,72,50,50,50,33,28,28,28,42,34,48,48,50,50,43,50,46,50,50,64,61,61,44,44,44,44,34,31,31,40,59,13],"gold":173,"neow_bonus":"ONE_RARE_RELIC","is_prod":false,"is_daily":false,"chose_seed":false,"campfire_upgraded":8,"win_rate":0,"timestamp":1551893941,"path_taken":["M","?","M","$","?","E","R","M","T","?","$","R","?","?","R","BOSS","M","$","?","?","?","E","?","R","T","?","E","M","E","M","R","BOSS","M","?","?","$","M","R","?","R","T","E","M","E","R","E","R","BOSS"],"build_version":"2019-01-23","purchased_purges":3,"victory":true,"max_hp_per_floor":[72,72,72,72,72,72,72,72,72,72,72,72,72,72,72,72,72,72,72,50,50,50,50,50,50,50,50,50,50,50,50,50,50,50,50,50,50,64,64,64,64,64,64,64,64,64,64,64,64,64],"card_choices":[{"not_picked":["Twin Strike","Armaments"],"picked":"Thunderclap","floor":1},{"not_picked":["Searing Blow","Entrench","Clash"],"picked":"SKIP","floor":3},{"not_picked":["Wild Strike","Heavy Blade"],"picked":"Combust","floor":6},{"not_picked":["Clash","Disarm","Ghostly Armor"],"picked":"SKIP","floor":8},{"not_picked":["Body Slam","Thunderclap"],"picked":"Flex","floor":10},{"not_picked":["Cleave","Twin Strike+1"],"picked":"Metallicize","floor":18},{"not_picked":["Limit Break","Dark Embrace"],"picked":"Rupture","floor":23},{"not_picked":["Whirlwind","Sword Boomerang"],"picked":"Bloodletting+1","floor":27},{"not_picked":["Headbutt","Heavy Blade+1"],"picked":"Battle Trance","floor":28},{"not_picked":["Flex+1","Warcry+1"],"picked":"Iron Wave","floor":29},{"not_picked":["Pummel","Flex+1","Thunderclap"],"picked":"SKIP","floor":30},{"not_picked":["Warcry+1","Dropkick+1"],"picked":"Iron Wave","floor":31},{"not_picked":["Bludgeon","Brutality"],"picked":"Juggernaut","floor":33},{"not_picked":["Thunderclap+1","Havoc+1"],"picked":"Shrug It Off+1","floor":35},{"not_picked":["Thunderclap","Havoc+1","Armaments+1"],"picked":"SKIP","floor":36},{"not_picked":["Infernal Blade+1","Flame Barrier+1","Headbutt+1"],"picked":"SKIP","floor":39},{"not_picked":["Spot Weakness+1","Infernal Blade+1","Whirlwind"],"picked":"SKIP","floor":41},{"not_picked":["Impervious+1","Armaments+1","Seeing Red+1"],"picked":"SKIP","floor":44},{"not_picked":["Bloodletting+1","Sword Boomerang","Pommel Strike"],"picked":"SKIP","floor":45},{"not_picked":["Flex+1","Twin Strike+1","Cleave+1"],"picked":"SKIP","floor":46},{"not_picked":["Blood for Blood","Flex+1"],"picked":"Demon Form","floor":48}],"player_experience":82981,"relics_obtained":[{"floor":6,"key":"Charon\u0027s Ashes"},{"floor":9,"key":"Magic Flower"},{"floor":13,"key":"Pantograph"},{"floor":21,"key":"Bag of Preparation"},{"floor":23,"key":"Bronze Scales"},{"floor":26,"key":"The Courier"},{"floor":28,"key":"Toxic Egg 2"},{"floor":30,"key":"Blood Vial"},{"floor":43,"key":"Red Skull"},{"floor":44,"key":"Ornamental Fan"},{"floor":46,"key":"Whetstone"},{"floor":48,"key":"Mercury Hourglass"}],"event_choices":[{"cards_removed":["Defend_R"],"damage_healed":0,"gold_gain":0,"player_choice":"Card Removal","damage_taken":7,"max_hp_gain":0,"max_hp_loss":0,"event_name":"Golden Wing","floor":2,"gold_loss":0},{"damage_healed":0,"gold_gain":75,"player_choice":"Gather Gold","damage_taken":11,"max_hp_gain":0,"max_hp_loss":0,"event_name":"World of Goop","floor":5,"gold_loss":0},{"damage_healed":0,"gold_gain":0,"player_choice":"Became a vampire","damage_taken":0,"max_hp_gain":0,"max_hp_loss":22,"event_name":"Vampires","floor":20,"gold_loss":0,"cards_obtained":["Bite","Bite","Bite","Bite","Bite"]},{"damage_healed":0,"gold_gain":0,"player_choice":"Ignored","damage_taken":0,"max_hp_gain":0,"max_hp_loss":0,"event_name":"Ghosts","floor":22,"gold_loss":0},{"damage_healed":0,"gold_gain":75,"player_choice":"Touch","damage_taken":5,"max_hp_gain":0,"max_hp_loss":0,"event_name":"FaceTrader","floor":24,"gold_loss":0},{"damage_healed":0,"gold_gain":0,"player_choice":"Bought 0 Potions","damage_taken":0,"max_hp_gain":0,"max_hp_loss":0,"event_name":"The Woman in Blue","floor":37,"gold_loss":0}],"is_beta":false,"boss_relics":[{"not_picked":["Lizard Tail","Black Blood"],"picked":"Sozu"},{"not_picked":["Busted Crown","Empty Cage"],"picked":"Runic Cube"}],"items_purged_floors":[4,11,38],"is_endless":false,"potions_floor_spawned":[3,8,16,23,28,31,41,44,45,48],"ascension_level":0}