{"gold_per_floor":[109,109,120,18,34,51,51,86,111,121,132,32,32,49,49,152,152,167,183,183,183,203,236,236,36,36,36,53,63,63,63,63,160,160,177,196,206,81,81,81,81,98,125,125,142,162,176,195,195,195],"floor_reached":50,"playtime":3191,"items_purged":["Strike_R","Defend_R","Battle Trance"],"score":470,"play_id":"c1642505-1aea-4d03-a1db-d103fc8fbdfc","local_time":"20190301140428","is_ascension_mode":false,"campfire_choices":[{"data":"Pommel Strike","floor":7,"key":"SMITH"},{"data":"Pommel Strike","floor":13,"key":"SMITH"},{"data":"Shrug It Off","floor":15,"key":"SMITH"},{"data":"Iron Wave","floor":24,"key":"SMITH"},{"data":"Twin Strike","floor":27,"key":"SMITH"},{"data":"Bash","floor":32,"key":"SMITH"},{"data":"Strike_R","floor":40,"key":"SMITH"},{"data":"Strike_R","floor":44,"key":"SMITH"},{"floor":49,"key":"REST"}],"neow_cost":"NONE","seed_source_timestamp":574517506445126,"circlet_count":0,"master_deck":["Strike_R","Strike_R+1","Strike_R+1","Strike_R+1","Defend_R","Defend_R","Defend_R","Bash+1","Iron Wave+1","Iron Wave+1","Twin Strike+1","Pommel Strike+1","Pommel Strike+1","Twin Strike+1","Shrug It Off+1","Pommel Strike+1","Parasite"],"relics":["Burning Blood","Bronze Scales","Dream Catcher","Bag of Preparation","Busted Crown","Potion Belt","Whetstone","Sundial","Sozu","Pen Nib"],"potions_floor_usage":[5,16,16,23,29,33,33,33],"damage_taken":[{"damage":7,"enemies":"Small Slimes","floor":1,"turns":3},{"damage":0,"enemies":"Cultist","floor":3,"turns":4},{"damage":3,"enemies":"Jaw Worm","floor":5,"turns":3},{"damage":9,"enemies":"Exordium Thugs","floor":6,"turns":4},{"damage":15,"enemies":"3 Sentries","floor":8,"turns":8},{"damage":4,"enemies":"Blue Slaver","floor":10,"turns":3},{"damage":0,"enemies":"Looter","floor":11,"turns":3},{"damage":27,"enemies":"Exordium Thugs","floor":14,"turns":5},{"damage":42,"enemies":"Hexaghost","floor":16,"turns":9},{"damage":6,"enemies":"3 Byrds","floor":18,"turns":5},{"damage":17,"enemies":"Spheric Guardian","floor":19,"turns":4},{"damage":10,"enemies":"Chosen and Byrds","floor":22,"turns":4},{"damage":20,"enemies":"Slavers","floor":23,"turns":6},{"damage":10,"enemies":"Snecko","floor":28,"turns":4},{"damage":2,"enemies":"Snake Plant","floor":29,"turns":3},{"damage":71,"enemies":"Champ","floor":33,"turns":11},{"damage":21,"enemies":"3 Darklings","floor":35,"turns":5},{"damage":28,"enemies":"3 Shapes","floor":36,"turns":3},{"damage":37,"enemies":"Maw","floor":37,"turns":7},{"damage":23,"enemies":"Sphere and 2 Shapes","floor":42,"turns":4},{"damage":28,"enemies":"Writhing Mass","floor":45,"turns":4},{"damage":26,"enemies":"Spire Growth","floor":46,"turns":3},{"damage":3,"enemies":"Jaw Worm Horde","floor":47,"turns":4},{"damage":2,"enemies":"4 Shapes","floor":48,"turns":5},{"damage":44,"enemies":"Time Eater","floor":50,"turns":3}],"seed_played":"1274033101327246548","potions_obtained":[{"floor":3,"key":"Ancient Potion"},{"floor":10,"key":"Swift Potion"},{"floor":11,"key":"FairyPotion"},{"floor":14,"key":"Poison Potion"},{"floor":18,"key":"Fire Potion"},{"floor":23,"key":"SkillPotion"},{"floor":28,"key":"SteroidPotion"},{"floor":29,"key":"Swift Potion"}],"is_trial":false,"path_per_floor":["M","?","M","$","M","M","R","E","T","M","M","$","R","M","R","B",null,"M","M","?","?","M","E","R","$","T","R","M","M","$","?","R","B",null,"M","M","M","$","?","R","$","M","T","R","M","M","M","M","R","B"],"character_chosen":"IRONCLAD","items_purchased":["Twin Strike","Whetstone","Explosive Potion"],"campfire_rested":1,"item_purchase_floors":[4,25,25],"current_hp_per_floor":[79,79,80,80,80,77,77,68,68,70,76,76,76,55,55,19,80,80,69,69,69,65,51,51,51,51,51,47,51,51,51,51,9,80,65,43,12,12,70,70,70,53,53,53,31,11,14,18,39,0],"gold":195,"neow_bonus":"RANDOM_COMMON_RELIC","is_prod":false,"is_daily":false,"chose_seed":false,"campfire_upgraded":8,"win_rate":0,"timestamp":1551467068,"path_taken":["M","?","M","?","M","M","R","E","T","M","M","?","R","?","R","BOSS","M","M","?","?","M","E","R","$","T","R","?","M","$","?","R","BOSS","M","?","M","$","?","R","?","M","T","R","M","M","M","M","R","BOSS"],"build_version":"2019-01-23","purchased_purges":3,"victory":false,"max_hp_per_floor":[80,80,80,80,80,80,80,80,80,80,80,80,80,80,80,80,80,80,80,80,80,80,80,80,80,80,80,80,80,80,80,80,80,80,80,80,80,80,70,70,70,70,70,70,70,70,70,70,70,70],"card_choices":[{"not_picked":["Cleave","Headbutt"],"picked":"Iron Wave","floor":1},{"not_picked":["Twin Strike","Entrench"],"picked":"Iron Wave","floor":3},{"not_picked":["Flex","Perfected Strike"],"picked":"Pommel Strike","floor":5},{"not_picked":["Fiend Fire","Body Slam"],"picked":"Pommel Strike","floor":6},{"not_picked":["Inflame","Hemokinesis","Spot Weakness"],"picked":"SKIP","floor":8},{"not_picked":["Body Slam","Pommel Strike","Clash"],"picked":"SKIP","floor":10},{"not_picked":["Carnage","Exhume"],"picked":"Twin Strike","floor":11},{"not_picked":["Perfected Strike","Battle Trance"],"picked":"Shrug It Off","floor":14},{"not_picked":["Feed","Impervious"],"picked":"Limit Break","floor":16},{"not_picked":["Battle Trance"],"picked":"SKIP","floor":18},{"not_picked":["Whirlwind"],"picked":"SKIP","floor":19},{"not_picked":["Twin Strike"],"picked":"SKIP","floor":22},{"not_picked":["Dropkick+1"],"picked":"SKIP","floor":23},{"not_picked":["Anger"],"picked":"SKIP","floor":28},{"not_picked":["Wild Strike"],"picked":"SKIP","floor":29},{"not_picked":[],"picked":"Pommel Strike+1","floor":35},{"not_picked":["Hemokinesis"],"picked":"SKIP","floor":36},{"not_picked":["Seeing Red"],"picked":"SKIP","floor":37},{"not_picked":["Sword Boomerang+1"],"picked":"SKIP","floor":42},{"not_picked":["Headbutt+1"],"picked":"SKIP","floor":45},{"not_picked":["Bloodletting+1"],"picked":"SKIP","floor":46},{"not_picked":["Whirlwind+1"],"picked":"SKIP","floor":47},{"not_picked":["Anger+1"],"picked":"SKIP","floor":48}],"player_experience":76399,"relics_obtained":[{"floor":8,"key":"Dream Catcher"},{"floor":9,"key":"Bag of Preparation"},{"floor":23,"key":"Potion Belt"},{"floor":26,"key":"Sundial"},{"floor":43,"key":"Pen Nib"}],"event_choices":[{"damage_healed":0,"gold_gain":0,"player_choice":"0 cards matched","damage_taken":0,"max_hp_gain":0,"max_hp_loss":0,"event_name":"Match and Keep!","floor":2,"gold_loss":0,"cards_obtained":[]},{"damage_healed":0,"gold_gain":0,"player_choice":"Ignored","damage_taken":0,"max_hp_gain":0,"max_hp_loss":0,"event_name":"Ghosts","floor":20,"gold_loss":0},{"damage_healed":0,"gold_gain":0,"player_choice":"Upgraded","damage_taken":0,"max_hp_gain":0,"max_hp_loss":0,"event_name":"Upgrade Shrine","floor":21,"gold_loss":0,"cards_upgraded":["Iron Wave"]},{"damage_healed":0,"gold_gain":0,"cards_transformed":["Limit Break"],"player_choice":"Transformed","damage_taken":0,"max_hp_gain":0,"max_hp_loss":0,"event_name":"Transmorgrifier","floor":31,"gold_loss":0,"cards_obtained":["Battle Trance"]},{"damage_healed":70,"gold_gain":0,"player_choice":"Heal","damage_taken":0,"max_hp_gain":0,"max_hp_loss":10,"event_name":"The Moai Head","floor":39,"gold_loss":0}],"is_beta":false,"boss_relics":[{"not_picked":["Fusion Hammer","Orrery"],"picked":"Busted Crown"},{"not_picked":["Runic Pyramid","Black Star"],"picked":"Sozu"}],"items_purged_floors":[4,12,38],"is_endless":false,"potions_floor_spawned":[3,10,11,14,18,23,28,29,35,36,45,48],"killed_by":"Time Eater","ascension_level":0}