{"gold_per_floor":[117,31,31,51,61,87,99,111,172,184,196],"floor_reached":11,"playtime":181,"items_purged":[],"score":142,"play_id":"ead141ac-dc40-44a6-9fcf-6809f3541876","local_time":"20190325212353","is_ascension_mode":true,"campfire_choices":[{"data":"Consume","floor":7,"key":"SMITH"}],"neow_cost":"NONE","seed_source_timestamp":468968934620882,"circlet_count":0,"master_deck":["AscendersBane","Strike_B","Strike_B","Strike_B","Defend_B","Defend_B","Defend_B","Defend_B","Zap","Dualcast","Streamline","Capacitor","Genetic Algorithm","Core Surge","Barrage","Zap","Chill","Ball Lightning","Consume+1"],"special_seed":0,"relics":["Cracked Core","NeowsBlessing","MawBank","Ancient Tea Set","Vajra"],"potions_floor_usage":[],"damage_taken":[{"damage":0.0,"enemies":"Small Slimes","floor":1.0,"turns":1.0},{"damage":0,"enemies":"Cultist","floor":4,"turns":1},{"damage":0,"enemies":"2 Louse","floor":5,"turns":1},{"damage":28,"enemies":"3 Sentries","floor":6,"turns":7},{"damage":13,"enemies":"Large Slime","floor":11,"turns":1}],"seed_played":"-592518838748908941","potions_obtained":[{"floor":4,"key":"Ancient Potion"}],"is_trial":false,"path_per_floor":["M","$","?","M","M","E","R","?","T","?","M"],"character_chosen":"DEFECT","items_purchased":["Capacitor"],"campfire_rested":0,"item_purchase_floors":[2],"current_hp_per_floor":[64,64,64,64,64,36,36,29,29,11,0],"gold":196,"neow_bonus":"THREE_ENEMY_KILL","is_prod":false,"is_daily":false,"chose_seed":false,"campfire_upgraded":1,"win_rate":0,"timestamp":1553545433,"path_taken":["M","$","?","M","?","E","R","?","T","?","M"],"build_version":"2019-01-23","purchased_purges":0,"victory":false,"max_hp_per_floor":[71,71,71,71,71,71,71,71,71,71,71],"card_choices":[{"not_picked":["Cold Snap","Go for the Eyes"],"picked":"Streamline","floor":1.0},{"not_picked":["Doom and Gloom","Hologram"],"picked":"Chill","floor":4},{"not_picked":["Beam Cell","Barrage"],"picked":"Ball Lightning","floor":5},{"not_picked":["Genetic Algorithm","Gash"],"picked":"Consume","floor":6}],"player_experience":1116823,"relics_obtained":[{"floor":6,"key":"MawBank"},{"floor":9,"key":"Ancient Tea Set"}],"event_choices":[{"damage_healed":0,"gold_gain":0,"player_choice":"4 cards matched","damage_taken":0,"max_hp_gain":0,"max_hp_loss":0,"event_name":"Match and Keep!","floor":3,"gold_loss":0,"cards_obtained":["Genetic Algorithm","Core Surge","Barrage","Zap"]},{"cards_removed":["Strike_B"],"damage_healed":0,"gold_gain":0,"player_choice":"Card Removal","damage_taken":7,"max_hp_gain":0,"max_hp_loss":0,"event_name":"Golden Wing","floor":8,"gold_loss":0},{"damage_healed":0,"gold_gain":0,"player_choice":"Success","damage_taken":18,"relics_obtained":["Vajra"],"max_hp_gain":0,"max_hp_loss":0,"event_name":"Scrap Ooze","floor":10,"gold_loss":0}],"is_beta":false,"boss_relics":[],"items_purged_floors":[],"is_endless":false,"potions_floor_spawned":[4],"killed_by":"Large Slime","ascension_level":20}