{"gold_per_floor":[118,65,240,240,139,139,150,150,150,52,69,94,94,94,94,94],"floor_reached":16,"playtime":903,"items_purged":["Doubt"],"score":96,"play_id":"217d5d71-b363-436f-86f0-28f3ca1b55fd","local_time":"20190306113212","is_ascension_mode":false,"campfire_choices":[{"data":"Flex","floor":6,"key":"SMITH"},{"data":"Armaments","floor":8,"key":"SMITH"},{"data":"Shrug It Off","floor":13,"key":"SMITH"},{"data":"Pommel Strike","floor":15,"key":"SMITH"}],"neow_cost":"NONE","seed_source_timestamp":665103432526960,"circlet_count":0,"master_deck":["Strike_R","Strike_R","Strike_R","Strike_R","Strike_R","Defend_R","Defend_R","Defend_R","Defend_R","Bash","Anger+1","Armaments+1","Flex+1","Shrug It Off+1","Pommel Strike","Thunderclap","Pommel Strike+1"],"relics":["Burning Blood","Magic Flower","Omamori"],"potions_floor_usage":[12,16,16,16],"damage_taken":[{"damage":7,"enemies":"Small Slimes","floor":1,"turns":5},{"damage":11,"enemies":"2 Louse","floor":7,"turns":3},{"damage":1,"enemies":"Cultist","floor":11,"turns":3},{"damage":40,"enemies":"Gremlin Nob","floor":12,"turns":5},{"damage":49,"enemies":"Hexaghost","floor":16,"turns":10}],"seed_played":"-617580886921287744","potions_obtained":[{"floor":11,"key":"PowerPotion"},{"floor":12,"key":"GamblersBrew"},{"floor":14,"key":"SteroidPotion"},{"floor":14,"key":"SkillPotion"}],"is_trial":false,"path_per_floor":["M","$","?","?","$","R","M","R","T","$","M","E","R","?","R","B"],"character_chosen":"IRONCLAD","items_purchased":["Armaments","Flex","Shrug It Off","Pommel Strike"],"campfire_rested":0,"item_purchase_floors":[2,5,10,10],"current_hp_per_floor":[79,79,79,79,79,79,74,74,74,74,80,49,49,49,49,0],"gold":94,"neow_bonus":"THREE_CARDS","is_prod":false,"is_daily":false,"chose_seed":false,"campfire_upgraded":4,"win_rate":0,"timestamp":1551889932,"path_taken":["M","$","?","?","$","R","?","R","T","$","M","E","R","?","R","BOSS"],"build_version":"2019-01-23","purchased_purges":1,"victory":false,"max_hp_per_floor":[80,80,80,80,80,80,80,80,80,80,80,80,80,80,80,80],"card_choices":[{"not_picked":["Dual Wield","Havoc"],"picked":"Anger","floor":0},{"not_picked":["Warcry","Perfected Strike","Wild Strike"],"picked":"SKIP","floor":1},{"not_picked":["Reckless Charge","Second Wind","Power Through"],"picked":"SKIP","floor":7},{"not_picked":["Pummel","Dual Wield"],"picked":"Thunderclap","floor":11},{"not_picked":["Sword Boomerang","Cleave"],"picked":"Pommel Strike","floor":12}],"player_experience":82078,"relics_obtained":[{"floor":9,"key":"Magic Flower"},{"floor":12,"key":"Omamori"}],"event_choices":[{"damage_healed":0,"gold_gain":175,"player_choice":"AGREE","damage_taken":0,"max_hp_gain":0,"max_hp_loss":0,"event_name":"Liars Game","floor":3,"gold_loss":0,"cards_obtained":["Doubt"]},{"damage_healed":0,"gold_gain":0,"player_choice":"Upgraded","damage_taken":0,"max_hp_gain":0,"max_hp_loss":0,"event_name":"Upgrade Shrine","floor":4,"gold_loss":0,"cards_upgraded":["Anger"]},{"damage_healed":0,"gold_gain":0,"player_choice":"Got Potions","damage_taken":0,"max_hp_gain":0,"max_hp_loss":0,"event_name":"Lab","floor":14,"gold_loss":0}],"is_beta":false,"boss_relics":[],"items_purged_floors":[5],"is_endless":false,"potions_floor_spawned":[11,12],"killed_by":"Hexaghost","ascension_level":0}