{"gold_per_floor":[126,156,243,255,284,296,336,348,360,388,418,430,442,43,43,138,138,149,149,169,1,100,100,128,128,128,128,128,128,141,153,153,251,251,262,237,249,249,133,133,133,133,133,153,153,153,169,182,182,182,182,182,23,53,53],"floor_reached":55,"playtime":6844,"items_purged":[],"score":683,"play_id":"0b06a6f1-4f1b-4fc8-9d76-f309e1565813","local_time":"20190303023205","is_ascension_mode":false,"campfire_choices":[{"data":"Zap","floor":6,"key":"SMITH"},{"data":"Streamline","floor":13,"key":"SMITH"},{"data":"Turbo","floor":15,"key":"SMITH"},{"data":"Buffer","floor":23,"key":"SMITH"},{"data":"Consume","floor":25,"key":"SMITH"},{"data":"Tempest","floor":29,"key":"SMITH"},{"data":"Dualcast","floor":32,"key":"SMITH"},{"floor":40,"key":"RECALL"},{"data":"Defragment","floor":42,"key":"SMITH"},{"data":"Thunder Strike","floor":45,"key":"SMITH"},{"floor":49,"key":"REST"},{"data":"Seek","floor":52,"key":"SMITH"}],"neow_cost":"NONE","seed_source_timestamp":1012244696206,"circlet_count":0,"master_deck":["Strike_B+1","Strike_B+1","Strike_B+1","Defend_B+1","Defend_B+1","Defend_B+1","Defend_B+1","Zap+1","Dualcast+1","Sweeping Beam","Turbo+1","Streamline+1","Consume+1","Conserve Battery","Panacea","Seek+1","Tempest+1","FTL","Buffer+1","Redo+1","Cold Snap+1","Doom and Gloom","Ball Lightning","Genetic Algorithm","Sunder+1","Double Energy","Leap+1","Thunder Strike+1","Steam","Undo+1","Defragment+1","Compile Driver","Dark Shackles","Ball Lightning","Ball Lightning+1","Lockon+1","Panacea+1","Defragment","Undo+1"],"relics":["Cracked Core","MawBank","Cables","Orichalcum","Nuclear Battery","Ice Cream","Happy Flower","Ancient Tea Set","Sozu","Toxic Egg 2","Blood Vial"],"potions_floor_usage":[7,7,24,33,54,55,55],"damage_taken":[{"damage":1,"enemies":"Jaw Worm","floor":1,"turns":4},{"damage":6,"enemies":"2 Louse","floor":2,"turns":3},{"damage":1,"enemies":"Cultist","floor":5,"turns":3},{"damage":26,"enemies":"Lagavulin","floor":7,"turns":5},{"damage":10,"enemies":"Exordium Thugs","floor":10,"turns":3},{"damage":0,"enemies":"3 Louse","floor":11,"turns":2},{"damage":10,"enemies":"Slime Boss","floor":16,"turns":5},{"damage":6,"enemies":"Shell Parasite","floor":18,"turns":2},{"damage":14,"enemies":"2 Thieves","floor":20,"turns":4},{"damage":10,"enemies":"Gremlin Leader","floor":24,"turns":6},{"damage":11,"enemies":"Snake Plant","floor":30,"turns":3},{"damage":2,"enemies":"Sentry and Sphere","floor":31,"turns":4},{"damage":12,"enemies":"Champ","floor":33,"turns":9},{"damage":0,"enemies":"3 Shapes","floor":35,"turns":2},{"damage":12,"enemies":"3 Darklings","floor":37,"turns":3},{"damage":4,"enemies":"Sphere and 2 Shapes","floor":44,"turns":3},{"damage":2,"enemies":"4 Shapes","floor":47,"turns":3},{"damage":11,"enemies":"Spire Growth","floor":48,"turns":3},{"damage":62,"enemies":"Donu and Deca","floor":50,"turns":8},{"damage":45,"enemies":"Shield and Spear","floor":54,"turns":5},{"damage":32,"enemies":"The Heart","floor":55,"turns":3}],"seed_played":"-1270279775529048978","potions_obtained":[{"floor":1,"key":"Explosive Potion"},{"floor":5,"key":"Fire Potion"},{"floor":11,"key":"LiquidBronze"},{"floor":24,"key":"Regen Potion"},{"floor":30,"key":"Block Potion"},{"floor":31,"key":"Weak Potion"},{"floor":33,"key":"EssenceOfSteel"}],"is_trial":false,"path_per_floor":["M","M","?","?","M","R","E","?","T","M","M","T","R","$","R","B",null,"M","?","M","$","?","R","E","R","T","?","?","R","M","M","R","B",null,"M","$","M","?","$","R","?","R","T","M","R","?","M","M","R","B",null,"R","$","E","B"],"character_chosen":"DEFECT","items_purchased":["Self Repair","Panacea","Seek","Tempest","FTL","Doom and Gloom","Ball Lightning","Genetic Algorithm","Steam","Defragment","Compile Driver","Panacea+1","Defragment"],"campfire_rested":1,"item_purchase_floors":[14,14,14,14,14,21,21,21,36,39,39,53,53],"current_hp_per_floor":[74,68,57,50,49,49,23,75,75,65,65,65,65,65,65,55,75,69,69,62,62,62,62,59,59,59,59,59,59,55,60,60,70,75,75,75,70,70,70,70,70,70,70,66,66,66,64,53,71,9,71,71,71,26,0],"gold":53,"neow_bonus":"RANDOM_COMMON_RELIC","is_prod":false,"is_daily":false,"chose_seed":false,"campfire_upgraded":10,"win_rate":0,"timestamp":1551598325,"path_taken":["M","M","?","?","M","R","E","?","T","M","?","?","R","?","R","BOSS","M","?","M","$","?","R","E","R","T","?","?","R","?","M","R","BOSS","M","$","?","?","$","R","?","R","T","M","R","?","M","M","R","BOSS","R","$","E","BOSS"],"build_version":"2019-01-23","purchased_purges":0,"victory":false,"max_hp_per_floor":[75,75,75,75,75,75,75,75,75,75,75,75,75,75,75,75,75,75,75,75,75,75,75,75,75,75,75,75,75,75,75,75,75,75,75,75,75,75,75,75,75,75,75,75,75,71,71,71,71,71,71,71,71,71,71],"card_choices":[{"not_picked":["Recycle","Glacier"],"picked":"Sweeping Beam","floor":1},{"not_picked":["Gash","Hologram"],"picked":"Turbo","floor":2},{"not_picked":["Stack","Leap"],"picked":"Streamline","floor":5},{"not_picked":["White Noise","Turbo"],"picked":"Double Energy","floor":7},{"not_picked":["Streamline","Hologram"],"picked":"Consume","floor":10},{"not_picked":["Streamline","Beam Cell"],"picked":"Conserve Battery","floor":11},{"not_picked":["Amplify","Core Surge"],"picked":"Buffer","floor":16},{"not_picked":["Hologram","Sweeping Beam+1"],"picked":"Redo+1","floor":18},{"not_picked":["Barrage","Beam Cell"],"picked":"Cold Snap+1","floor":20},{"not_picked":["Reboot","Conserve Battery"],"picked":"Sunder+1","floor":24},{"not_picked":["Streamline","Beam Cell+1"],"picked":"Double Energy","floor":30},{"not_picked":["Chill","Conserve Battery+1"],"picked":"Leap+1","floor":31},{"not_picked":["Rainbow","Core Surge"],"picked":"Thunder Strike","floor":33},{"not_picked":["Gash","Streamline+1","Redo"],"picked":"SKIP","floor":35},{"not_picked":["Barrage+1","Leap"],"picked":"Undo+1","floor":37},{"not_picked":["Madness","Impatience"],"picked":"Dark Shackles","floor":41},{"not_picked":["Genetic Algorithm+1","Turbo+1"],"picked":"Ball Lightning","floor":44},{"not_picked":["Force Field+1","Undo+1"],"picked":"Ball Lightning+1","floor":47},{"not_picked":["Recycle+1","Reprogram+1"],"picked":"Lockon+1","floor":48},{"not_picked":["Machine Learning","Sweeping Beam+1"],"picked":"Undo+1","floor":54}],"player_experience":138362,"relics_obtained":[{"floor":7,"key":"Cables"},{"floor":9,"key":"Orichalcum"},{"floor":24,"key":"Happy Flower"},{"floor":26,"key":"Ancient Tea Set"},{"floor":43,"key":"Toxic Egg 2"},{"floor":54,"key":"Blood Vial"}],"event_choices":[{"damage_healed":0,"gold_gain":75,"player_choice":"Gather Gold","damage_taken":11,"max_hp_gain":0,"max_hp_loss":0,"event_name":"World of Goop","floor":3,"gold_loss":0},{"cards_removed":["Strike_B"],"damage_healed":0,"gold_gain":0,"player_choice":"Card Removal","damage_taken":7,"max_hp_gain":0,"max_hp_loss":0,"event_name":"Golden Wing","floor":4,"gold_loss":0},{"cards_removed":["Double Energy"],"damage_healed":52,"gold_gain":0,"player_choice":"Offered Uncommon","damage_taken":0,"max_hp_gain":0,"max_hp_loss":0,"event_name":"Bonfire Elementals","floor":8,"gold_loss":0},{"damage_healed":0,"gold_gain":0,"player_choice":"Opened","damage_taken":0,"relics_obtained":["Ice Cream"],"max_hp_gain":0,"max_hp_loss":0,"event_name":"The Mausoleum","floor":19,"gold_loss":0},{"damage_healed":0,"gold_gain":99,"player_choice":"Stole From Cult","damage_taken":0,"max_hp_gain":0,"max_hp_loss":0,"event_name":"Nest","floor":22,"gold_loss":0},{"damage_healed":0,"gold_gain":0,"player_choice":"Simplicity","damage_taken":0,"max_hp_gain":0,"max_hp_loss":0,"event_name":"Back to Basics","floor":27,"gold_loss":0,"cards_upgraded":["Strike_B","Strike_B","Strike_B","Defend_B","Defend_B","Defend_B","Defend_B"]},{"damage_healed":0,"gold_gain":0,"player_choice":"Ignored","damage_taken":0,"max_hp_gain":0,"max_hp_loss":0,"event_name":"NoteForYourself","floor":28,"gold_loss":0},{"cards_removed":["Self Repair"],"damage_healed":0,"gold_gain":0,"player_choice":"Removed Power","damage_taken":0,"max_hp_gain":0,"max_hp_loss":0,"event_name":"Falling","floor":38,"gold_loss":0},{"damage_healed":0,"gold_gain":0,"player_choice":"Memory 1","damage_taken":0,"max_hp_gain":0,"max_hp_loss":0,"event_name":"SensoryStone","floor":41,"gold_loss":0},{"damage_healed":0,"gold_gain":0,"player_choice":"Max HP","damage_taken":0,"max_hp_gain":0,"max_hp_loss":4,"event_name":"Winding Halls","floor":46,"gold_loss":0}],"is_beta":false,"boss_relics":[{"not_picked":["Lizard Tail","Calling Bell"],"picked":"Nuclear Battery"},{"not_picked":["Empty Cage","Snecko Eye"],"picked":"Sozu"}],"items_purged_floors":[],"is_endless":false,"potions_floor_spawned":[1,5,11,24,30,31,33,44,48],"killed_by":"The Heart","ascension_level":0}