{"gold_per_floor":[110,121,2,19,38,38,55,55,55,55,67,86,86,47,47,47],"floor_reached":16,"playtime":1167,"items_purged":[],"score":183,"play_id":"d6035611-d479-4327-9c8d-3ca469c2c8a7","local_time":"20190103010713","is_ascension_mode":true,"campfire_choices":[{"floor":6.0,"key":"REST"},{"data":"True Grit","floor":8.0,"key":"SMITH"},{"data":"Inflame","floor":13,"key":"SMITH"},{"data":"Bash","floor":15,"key":"SMITH"}],"neow_cost":"TEN_PERCENT_HP_LOSS","seed_source_timestamp":112439286141170,"circlet_count":0,"master_deck":["AscendersBane","Strike_R","Strike_R","Strike_R","Strike_R","Strike_R","Defend_R","Defend_R","Defend_R","Defend_R","Bash+1","Cleave","Inflame+1","Thunderclap","Heavy Blade","True Grit+1","Dropkick","Battle Trance"],"special_seed":0,"relics":["Burning Blood","Champion Belt","Pantograph"],"potions_floor_usage":[11,12,16],"damage_taken":[{"damage":12.0,"enemies":"Jaw Worm","floor":1.0,"turns":4.0},{"damage":4.0,"enemies":"Small Slimes","floor":2.0,"turns":3.0},{"damage":1.0,"enemies":"Cultist","floor":4.0,"turns":3.0},{"damage":47.0,"enemies":"Gremlin Gang","floor":5.0,"turns":5.0},{"damage":16.0,"enemies":"2 Fungi Beasts","floor":7.0,"turns":3.0},{"damage":21,"enemies":"Exordium Thugs","floor":11,"turns":4},{"damage":0,"enemies":"Exordium Wildlife","floor":12,"turns":4},{"damage":59,"enemies":"Slime Boss","floor":16,"turns":7}],"seed_played":"-6752532026453180877","potions_obtained":[{"floor":2.0,"key":"EssenceOfSteel"},{"floor":5.0,"key":"SpeedPotion"},{"floor":11,"key":"AttackPotion"}],"is_trial":false,"path_per_floor":["M","M","$","M","M","R","M","R","T","?","M","M","R","$","R","B"],"character_chosen":"IRONCLAD","items_purchased":["Inflame","Thunderclap","Battle Trance"],"campfire_rested":1,"item_purchase_floors":[3,3,14],"current_hp_per_floor":[62,64,64,68,27,47,37,37,37,37,22,28,28,28,28,0],"gold":47,"neow_bonus":"ONE_RARE_RELIC","is_prod":false,"is_daily":false,"chose_seed":false,"campfire_upgraded":3,"win_rate":0,"timestamp":1546495633,"path_taken":["M","M","$","M","M","R","M","R","T","?","M","M","R","$","R","BOSS"],"build_version":"2018-12-20","purchased_purges":0,"victory":false,"max_hp_per_floor":[68,68,68,68,68,68,68,68,68,68,68,68,68,68,68,68],"card_choices":[{"not_picked":["Perfected Strike","Clothesline"],"picked":"Cleave","floor":1.0},{"not_picked":["Perfected Strike","Sentinel"],"picked":"Iron Wave","floor":2.0},{"not_picked":["Sentinel","Warcry","Feel No Pain"],"picked":"SKIP","floor":4.0},{"not_picked":["Shrug It Off","Thunderclap"],"picked":"Heavy Blade","floor":5.0},{"not_picked":["Combust","Blood for Blood"],"picked":"True Grit","floor":7.0},{"not_picked":["Iron Wave","Dark Embrace","Cleave"],"picked":"SKIP","floor":11},{"not_picked":["Warcry","Iron Wave","Intimidate"],"picked":"SKIP","floor":12}],"player_experience":2779614,"relics_obtained":[{"floor":9.0,"key":"Pantograph"}],"event_choices":[{"damage_healed":0.0,"max_hp_gain":0.0,"max_hp_loss":0.0,"gold_gain":0.0,"cards_transformed":["Iron Wave"],"event_name":"Living Wall","player_choice":"Change","floor":10.0,"gold_loss":0.0,"damage_taken":0.0,"cards_obtained":["Dropkick"]}],"is_beta":false,"boss_relics":[],"items_purged_floors":[],"is_endless":false,"potions_floor_spawned":[2,5,11],"killed_by":"Slime Boss","ascension_level":19}