{"gold_per_floor":[109,109,122,46,58,58,78,78,132,132,167,167,179,197,197,274,274,293,293,7,23,34,34,34,62,62,62,262,274,10,28,28,105,105,122,137,156,156,167,167,186,186,186,105,122,122],"floor_reached":46,"playtime":5684,"items_purged":[],"score":940,"play_id":"5b0caeb6-7d67-4198-9893-8e4fc73c1d2f","local_time":"20190118135645","is_ascension_mode":true,"campfire_choices":[{"data":"Apotheosis","floor":6.0,"key":"SMITH"},{"floor":8.0,"key":"REST"},{"data":"Hologram","floor":10.0,"key":"SMITH"},{"floor":15.0,"key":"REST"},{"floor":23.0,"key":"REST"},{"floor":27.0,"key":"REST"},{"floor":32.0,"key":"REST"},{"floor":40.0,"key":"REST"},{"floor":42.0,"key":"REST"}],"neow_cost":"TEN_PERCENT_HP_LOSS","seed_source_timestamp":364674704479874,"circlet_count":0,"master_deck":["AscendersBane","Zap","Dualcast","Forethought","Apotheosis+1","Streamline","Cold Snap","Redo","Hologram+1","Genetic Algorithm","Turbo","Doom and Gloom","Loop+1","Sweeping Beam","Thunder Strike","Biased Cognition+1","Glacier+1","Sweeping Beam","Coolheaded","Seeing Red","Fusion","Compile Driver","After Image+1","True Grit","Distraction","Chrysalis","Go for the Eyes","Hologram","Sweeping Beam","Feel No Pain+1","Envenom+1","Barrage","Core Surge","Coolheaded","Biased Cognition+1","Gash","Undo","Loop+1","Backflip","Sunder","True Grit","Parasite","Storm of Steel","Evolve+1","Reckless Charge","Backflip","Self Repair+1"],"special_seed":0,"relics":["Cracked Core","Orichalcum","Dream Catcher","Frozen Egg 2","Fusion Hammer","Dead Branch","PrismaticShard","Pen Nib","Bottled Flame","Pandora\u0027s Box","Darkstone Periapt"],"potions_floor_usage":[46],"damage_taken":[{"damage":6.0,"enemies":"2 Louse","floor":1.0,"turns":2.0},{"damage":7.0,"enemies":"Jaw Worm","floor":3.0,"turns":3.0},{"damage":0.0,"enemies":"Cultist","floor":5.0,"turns":3.0},{"damage":8.0,"enemies":"Red Slaver","floor":7.0,"turns":3.0},{"damage":14.0,"enemies":"3 Sentries","floor":11.0,"turns":9.0},{"damage":0.0,"enemies":"Exordium Thugs","floor":13.0,"turns":3.0},{"damage":5.0,"enemies":"Blue Slaver","floor":14.0,"turns":4.0},{"damage":24.0,"enemies":"Slime Boss","floor":16.0,"turns":8.0},{"damage":17.0,"enemies":"Chosen","floor":18.0,"turns":5.0},{"damage":19.0,"enemies":"3 Byrds","floor":21.0,"turns":4.0},{"damage":0.0,"enemies":"Snecko","floor":22.0,"turns":5.0},{"damage":30.0,"enemies":"Slavers","floor":25.0,"turns":5.0},{"damage":4.0,"enemies":"Centurion and Healer","floor":29.0,"turns":6.0},{"damage":18.0,"enemies":"Sentry and Sphere","floor":31.0,"turns":4.0},{"damage":4.0,"enemies":"Champ","floor":33.0,"turns":7.0},{"damage":21.0,"enemies":"3 Shapes","floor":35.0,"turns":3.0},{"damage":8.0,"enemies":"Orb Walker","floor":36.0,"turns":3.0},{"damage":13.0,"enemies":"4 Shapes","floor":37.0,"turns":3.0},{"damage":7.0,"enemies":"Writhing Mass","floor":39.0,"turns":7.0},{"damage":15.0,"enemies":"Spire Growth","floor":41.0,"turns":4.0},{"damage":18.0,"enemies":"Maw","floor":45.0,"turns":8.0},{"damage":3,"enemies":"Reptomancer","floor":46,"turns":3}],"seed_played":"-7103008179753034489","potions_obtained":[{"floor":5.0,"key":"LiquidBronze"},{"floor":11.0,"key":"Regen Potion"},{"floor":16.0,"key":"AttackPotion"},{"floor":22.0,"key":"Energy Potion"},{"floor":29.0,"key":"SteroidPotion"},{"floor":31.0,"key":"Fire Potion"},{"floor":33.0,"key":"GamblersBrew"},{"floor":35.0,"key":"Fruit Juice"},{"floor":39.0,"key":"EssenceOfSteel"}],"is_trial":false,"path_per_floor":["M","?","M","$","M","R","M","R","T","R","E","?","M","M","R","B",null,"M","T","$","M","M","R","?","E","T","R","?","M","$","M","R","B",null,"M","M","M","?","M","R","M","R","T","$","M","E"],"character_chosen":"DEFECT","items_purchased":["Redo","Hologram","PrismaticShard","Sweeping Beam","Chrysalis","Go for the Eyes","Hologram","Self Repair+1"],"campfire_rested":7,"item_purchase_floors":[4,4,20,20,30,30,30,44],"current_hp_per_floor":[58,53,46,46,46,46,38,57,57,57,43,43,43,38,57,33,56,39,39,39,29,29,48,48,18,18,37,37,33,33,15,34,30,56,40,32,19,19,12,32,17,37,37,37,29,26],"gold":122,"neow_bonus":"RANDOM_COLORLESS_2","is_prod":false,"is_daily":false,"chose_seed":false,"campfire_upgraded":2,"win_rate":0,"timestamp":1547837805,"path_taken":["M","?","M","$","M","R","M","R","T","R","E","?","M","?","R","BOSS","M","?","?","M","M","R","?","E","T","R","?","M","$","?","R","BOSS","M","M","M","?","M","R","M","R","T","$","M","E"],"build_version":"2019-01-17v2","purchased_purges":0,"victory":false,"max_hp_per_floor":[64,64,64,64,64,64,64,64,64,64,64,64,64,64,64,64,64,64,64,64,64,64,64,64,64,64,64,64,64,64,64,64,64,64,69,69,69,69,69,69,69,69,69,69,69,69],"card_choices":[{"not_picked":["Conserve Battery","Force Field"],"picked":"Streamline","floor":1.0},{"not_picked":["Steam Power","Hello World"],"picked":"Cold Snap","floor":3.0},{"not_picked":["Beam Cell","White Noise"],"picked":"Genetic Algorithm","floor":5.0},{"not_picked":["Gash","Redo"],"picked":"Turbo","floor":7.0},{"not_picked":["Darkness","Rip and Tear"],"picked":"Doom and Gloom","floor":11.0},{"not_picked":["Scrape","Hello World+1"],"picked":"Loop+1","floor":13.0},{"not_picked":["Force Field","Turbo"],"picked":"Sweeping Beam","floor":14.0},{"not_picked":["Rebound","Barrage"],"picked":"Thunder Strike","floor":15.0},{"not_picked":["Hyperbeam","Rainbow"],"picked":"Biased Cognition+1","floor":16.0},{"not_picked":["Streamline","Go for the Eyes"],"picked":"Glacier+1","floor":18.0},{"not_picked":["Power Through","Masterful Stab"],"picked":"Coolheaded","floor":21.0},{"not_picked":["Sweeping Beam","Flying Knee"],"picked":"Seeing Red","floor":22.0},{"not_picked":["Twin Strike","Prepared"],"picked":"Fusion","floor":23.0},{"not_picked":["Capacitor+1","Madness"],"picked":"After Image+1","floor":25.0},{"not_picked":["FTL","Inflame+1"],"picked":"True Grit","floor":27.0},{"not_picked":["Bouncing Flask","Havoc"],"picked":"Distraction","floor":29.0},{"not_picked":["Slice","Ball Lightning"],"picked":"Sweeping Beam","floor":31.0},{"not_picked":["Power Through","Barrage"],"picked":"Feel No Pain+1","floor":32.0},{"not_picked":["Barricade+1","Creative AI+1"],"picked":"Envenom+1","floor":33.0},{"not_picked":["Cleave+1","Streamline"],"picked":"Backflip","floor":35.0},{"not_picked":["Slice","Conserve Battery"],"picked":"Sunder","floor":36.0},{"not_picked":["All Out Attack","Rebound"],"picked":"True Grit","floor":37.0},{"not_picked":["Acrobatics","Headbutt"],"picked":"Storm of Steel","floor":39.0},{"not_picked":["Clothesline","Cold Snap"],"picked":"Evolve+1","floor":40.0},{"not_picked":["Barrage","Streamline"],"picked":"Reckless Charge","floor":41.0},{"not_picked":["Sword Boomerang","Redo+1"],"picked":"Backflip","floor":42.0},{"not_picked":["Streamline","Clash","Dodge and Roll"],"picked":"SKIP","floor":45.0}],"player_experience":2964966,"relics_obtained":[{"floor":9.0,"key":"Dream Catcher"},{"floor":11.0,"key":"Frozen Egg 2"},{"floor":19.0,"key":"Dead Branch"},{"floor":25.0,"key":"Pen Nib"},{"floor":26.0,"key":"Bottled Flame"},{"floor":43.0,"key":"Darkstone Periapt"}],"event_choices":[{"damage_healed":0.0,"max_hp_gain":0.0,"max_hp_loss":0.0,"gold_gain":0.0,"event_name":"Scrap Ooze","player_choice":"Success","floor":2.0,"gold_loss":0.0,"damage_taken":5.0,"relics_obtained":["Orichalcum"]},{"damage_healed":0.0,"max_hp_gain":0.0,"max_hp_loss":0.0,"gold_gain":0.0,"event_name":"Lab","player_choice":"Got Potions","floor":12.0,"gold_loss":0.0,"damage_taken":0.0},{"damage_healed":0.0,"max_hp_gain":0.0,"max_hp_loss":0.0,"gold_gain":0.0,"event_name":"The Library","player_choice":"Read","floor":24.0,"gold_loss":0.0,"damage_taken":0.0,"cards_obtained":["Compile Driver"]},{"damage_healed":0.0,"max_hp_gain":0.0,"max_hp_loss":0.0,"gold_gain":200.0,"event_name":"Wheel of Change","player_choice":"Gold","floor":28.0,"gold_loss":0.0,"damage_taken":0.0},{"cards_removed":["Reboot"],"damage_healed":0.0,"max_hp_gain":0.0,"max_hp_loss":0.0,"gold_gain":0.0,"event_name":"Falling","player_choice":"Removed Skill","floor":38.0,"gold_loss":0.0,"damage_taken":0.0}],"is_beta":false,"boss_relics":[{"not_picked":["Empty Cage","Philosopher\u0027s Stone"],"picked":"Fusion Hammer"},{"not_picked":["Eternal Feather","Black Star"],"picked":"Pandora\u0027s Box"}],"items_purged_floors":[],"is_endless":false,"potions_floor_spawned":[5,11,14,16,22,29,31,33,35,39],"killed_by":"Reptomancer","ascension_level":19}