{"gold_per_floor":[112,36,36,48,22,22,48,62,85,85,100,100,2,20,20,20],"floor_reached":16,"playtime":1304,"items_purged":[],"score":244,"play_id":"73af86a2-4129-4b85-89da-8aa9147d4f3f","local_time":"20190109210903","is_ascension_mode":true,"campfire_choices":[{"data":"Armaments","floor":6.0,"key":"SMITH"},{"data":"Flame Barrier","floor":15.0,"key":"SMITH"}],"neow_cost":"NONE","seed_source_timestamp":2133050095584,"circlet_count":0,"master_deck":["AscendersBane","Strike_R","Strike_R","Strike_R","Strike_R","Strike_R","Defend_R","Defend_R","Defend_R","Defend_R","Bash","Clothesline","Shockwave+1","Heavy Blade","Armaments+1","Offering","Flame Barrier+1","Thunderclap","Burning Pact","Shrug It Off"],"special_seed":0,"relics":["Burning Blood","NeowsBlessing","Boot","Smiling Mask"],"potions_floor_usage":[],"damage_taken":[{"damage":0.0,"enemies":"2 Louse","floor":1.0,"turns":1.0},{"damage":0.0,"enemies":"Small Slimes","floor":4.0,"turns":1.0},{"damage":0.0,"enemies":"Lagavulin","floor":7.0,"turns":1.0},{"damage":4.0,"enemies":"Cultist","floor":8.0,"turns":4.0},{"damage":5.0,"enemies":"Blue Slaver","floor":11.0,"turns":5.0},{"damage":14.0,"enemies":"Large Slime","floor":14.0,"turns":7.0},{"damage":0,"enemies":"Slime Boss","floor":16,"turns":1}],"seed_played":"3318986113396874554","potions_obtained":[{"floor":7.0,"key":"SteroidPotion"},{"floor":14.0,"key":"SkillPotion"}],"is_trial":false,"path_per_floor":["M","$","?","M","$","R","E","M","T","?","M","?","$","M","R","B"],"character_chosen":"IRONCLAD","items_purchased":["Shockwave","Armaments","Burning Pact","Shrug It Off"],"campfire_rested":0,"item_purchase_floors":[2,5,13,13],"current_hp_per_floor":[74,74,74,75,75,75,75,75,75,75,75,75,75,67,67,67],"gold":20,"neow_bonus":"THREE_ENEMY_KILL","is_prod":false,"is_daily":false,"chose_seed":false,"campfire_upgraded":2,"win_rate":0,"timestamp":1547086143,"path_taken":["M","$","?","M","$","R","E","M","T","?","?","?","$","M","R","BOSS"],"build_version":"2019-01-03v4","purchased_purges":0,"victory":false,"max_hp_per_floor":[75,75,75,75,75,75,75,75,75,75,75,75,75,75,75,75],"card_choices":[{"not_picked":["Flex","Searing Blow"],"picked":"Clothesline","floor":1.0},{"not_picked":["Dropkick","Iron Wave"],"picked":"Heavy Blade","floor":4.0},{"not_picked":["True Grit","Fire Breathing"],"picked":"Offering","floor":7.0},{"not_picked":["Perfected Strike","Rampage"],"picked":"Flame Barrier","floor":8.0},{"not_picked":["Havoc","Bloodletting"],"picked":"Thunderclap","floor":11.0},{"not_picked":["Havoc","Heavy Blade","Armaments"],"picked":"SKIP","floor":14.0}],"player_experience":2851687,"relics_obtained":[{"floor":7.0,"key":"Boot"},{"floor":9.0,"key":"Smiling Mask"}],"event_choices":[{"damage_healed":0.0,"max_hp_gain":0.0,"max_hp_loss":0.0,"gold_gain":0.0,"event_name":"The Cleric","player_choice":"Leave","floor":3.0,"gold_loss":0.0,"damage_taken":0.0},{"damage_healed":0.0,"max_hp_gain":0.0,"max_hp_loss":0.0,"gold_gain":0.0,"event_name":"Upgrade Shrine","player_choice":"Upgraded","floor":10.0,"gold_loss":0.0,"damage_taken":0.0,"cards_upgraded":["Shockwave"]},{"damage_healed":0.0,"max_hp_gain":0.0,"max_hp_loss":0.0,"gold_gain":0.0,"event_name":"Scrap Ooze","player_choice":"Fled","floor":12.0,"gold_loss":0.0,"damage_taken":0.0}],"is_beta":false,"boss_relics":[],"items_purged_floors":[],"is_endless":false,"potions_floor_spawned":[7,14],"killed_by":"Slime Boss","ascension_level":19}