{"gold_per_floor":[113,129,2,2,16,16,35,35,61,93,93,108,128,160,160,263,263,277,202,202,217,230,230],"floor_reached":23,"playtime":1390,"items_purged":[],"score":354,"play_id":"d0ec1b46-68ab-495f-a6b2-9e044d5bd927","local_time":"20190318091856","is_ascension_mode":true,"campfire_choices":[{"data":"True Grit","floor":6,"key":"SMITH"},{"data":"Flame Barrier","floor":8,"key":"SMITH"},{"floor":15,"key":"REST"}],"neow_cost":"NONE","seed_source_timestamp":894006674655033,"circlet_count":0,"master_deck":["Strike_R","Strike_R","Strike_R","Strike_R","Defend_R","Defend_R","Defend_R","Defend_R","Bash+1","Exhume","True Grit+1","Wild Strike","Flame Barrier+1","Headbutt","Carnage","Heavy Blade","Cleave","Immolate","Feed"],"relics":["Burning Blood","Lantern","Ancient Tea Set","Ornamental Fan","Mummified Hand","Mark of Pain","Smiling Mask"],"potions_floor_usage":[10,13,14,18,23,23],"damage_taken":[{"damage":7,"enemies":"Jaw Worm","floor":1,"turns":3},{"damage":6,"enemies":"Cultist","floor":2,"turns":4},{"damage":5,"enemies":"Small Slimes","floor":5,"turns":2},{"damage":21,"enemies":"Exordium Wildlife","floor":7,"turns":6},{"damage":21,"enemies":"3 Sentries","floor":10,"turns":10},{"damage":8,"enemies":"Large Slime","floor":12,"turns":4},{"damage":11,"enemies":"Exordium Thugs","floor":13,"turns":3},{"damage":31,"enemies":"Lagavulin","floor":14,"turns":4},{"damage":0,"enemies":"Slime Boss","floor":16,"turns":5},{"damage":4,"enemies":"Chosen","floor":18,"turns":6},{"damage":12,"enemies":"Shell Parasite","floor":21,"turns":4},{"damage":22,"enemies":"Centurion and Healer","floor":22,"turns":6},{"damage":70,"enemies":"Gremlin Leader","floor":23,"turns":7}],"seed_played":"-625902857867440815","potions_obtained":[{"floor":1,"key":"Regen Potion"},{"floor":7,"key":"Ancient Potion"},{"floor":10,"key":"Poison Potion"},{"floor":13,"key":"AttackPotion"},{"floor":14,"key":"Block Potion"},{"floor":16,"key":"FearPotion"},{"floor":22,"key":"BloodPotion"}],"is_trial":false,"path_per_floor":["M","M","$","?","M","R","M","R","T","E","T","M","M","E","R","B",null,"M","?","?","M","M","E"],"character_chosen":"IRONCLAD","items_purchased":["Flame Barrier","Headbutt"],"campfire_rested":1,"item_purchase_floors":[3,3],"current_hp_per_floor":[71,71,71,71,72,72,57,57,57,57,57,55,50,25,49,55,74,76,76,76,70,54,0],"gold":230,"neow_bonus":"ONE_RANDOM_RARE_CARD","is_prod":false,"is_daily":false,"chose_seed":false,"campfire_upgraded":2,"win_rate":0,"timestamp":1552915136,"path_taken":["M","M","$","?","M","R","M","R","T","E","?","M","M","E","R","BOSS","M","?","?","?","M","E"],"build_version":"2019-01-23","purchased_purges":0,"victory":false,"max_hp_per_floor":[80,80,80,80,80,80,80,80,80,80,80,80,80,80,80,80,80,80,80,80,80,80,80],"card_choices":[{"not_picked":["Rage","Havoc"],"picked":"True Grit","floor":1},{"not_picked":["Clash","Thunderclap"],"picked":"Wild Strike","floor":2},{"not_picked":["Body Slam","Blood for Blood","Wild Strike"],"picked":"SKIP","floor":5},{"not_picked":["Combust","Thunderclap"],"picked":"Carnage","floor":7},{"not_picked":["Havoc","Demon Form"],"picked":"Heavy Blade","floor":10},{"not_picked":["Flex","Reckless Charge"],"picked":"Cleave","floor":12},{"not_picked":["Combust","Dropkick","True Grit"],"picked":"SKIP","floor":13},{"not_picked":["Exhume","Thunderclap"],"picked":"Immolate","floor":14},{"not_picked":["Demon Form","Bludgeon"],"picked":"Feed","floor":16},{"not_picked":["Flex","Metallicize","Cleave"],"picked":"SKIP","floor":18},{"not_picked":["Rampage","Clash","Power Through"],"picked":"SKIP","floor":21},{"not_picked":["Sever Soul","Body Slam","Rage"],"picked":"SKIP","floor":22}],"player_experience":230408,"relics_obtained":[{"floor":9,"key":"Lantern"},{"floor":10,"key":"Ancient Tea Set"},{"floor":11,"key":"Ornamental Fan"},{"floor":14,"key":"Mummified Hand"}],"event_choices":[{"damage_healed":0,"gold_gain":0,"player_choice":"Grow","damage_taken":0,"max_hp_gain":0,"max_hp_loss":0,"event_name":"Living Wall","floor":4,"gold_loss":0,"cards_upgraded":["Bash"]},{"cards_removed":["Strike_R"],"damage_healed":0,"gold_gain":0,"player_choice":"Gave Gold","damage_taken":0,"max_hp_gain":0,"max_hp_loss":0,"event_name":"Beggar","floor":19,"gold_loss":75},{"damage_healed":0,"gold_gain":0,"player_choice":"Gave Potion","damage_taken":0,"relics_obtained":["Smiling Mask"],"max_hp_gain":0,"max_hp_loss":0,"event_name":"WeMeetAgain","floor":20,"gold_loss":0}],"is_beta":false,"boss_relics":[{"not_picked":["Tiny House","Eternal Feather"],"picked":"Mark of Pain"}],"items_purged_floors":[],"is_endless":false,"potions_floor_spawned":[1,7,10,13,14,16,22],"killed_by":"Gremlin Leader","ascension_level":8}