{"gold_per_floor":[110,129,129,142,142,142,204,222,245,258,329,340,352,369,369,471,471,490,400,160,160,170,170,185,218,218,218],"floor_reached":27,"playtime":3040,"items_purged":[],"score":249,"play_id":"b770486f-bce4-44b4-9123-93482f8ad2ed","local_time":"20190308235608","is_ascension_mode":true,"campfire_choices":[{"data":"Zap","floor":6,"key":"SMITH"},{"floor":15,"key":"REST"},{"data":"Darkness","floor":23,"key":"SMITH"}],"neow_cost":"NONE","seed_source_timestamp":4627594997664,"circlet_count":0,"master_deck":["Strike_B+1","Strike_B+1","Defend_B+1","Defend_B+1","Defend_B+1","Defend_B+1","Zap+1","Dualcast","Darkness+1","Sweeping Beam","Electrodynamics","Hologram+1","Stack","Conserve Battery","Ball Lightning","Skim+1","Redo","Conserve Battery","Echo Form","Melter","Go for the Eyes","Loop","Compile Driver"],"relics":["Cracked Core","Dream Catcher","Orichalcum","Tiny Chest","Blue Candle","Philosopher\u0027s Stone","War Paint","Matryoshka","Ancient Tea Set","Mummified Hand"],"potions_floor_usage":[8,16,25,27,27],"damage_taken":[{"damage":1,"enemies":"Cultist","floor":1,"turns":3},{"damage":1,"enemies":"2 Louse","floor":2,"turns":2},{"damage":9,"enemies":"Jaw Worm","floor":4,"turns":4},{"damage":18,"enemies":"Gremlin Nob","floor":7,"turns":4},{"damage":0,"enemies":"3 Louse","floor":8,"turns":1},{"damage":12,"enemies":"Exordium Thugs","floor":10,"turns":3},{"damage":0,"enemies":"2 Fungi Beasts","floor":12,"turns":2},{"damage":1,"enemies":"Red Slaver","floor":13,"turns":3},{"damage":0,"enemies":"Exordium Wildlife","floor":14,"turns":2},{"damage":34,"enemies":"The Guardian","floor":16,"turns":11},{"damage":20,"enemies":"2 Thieves","floor":18,"turns":3},{"damage":0,"enemies":"Shell Parasite","floor":22,"turns":4},{"damage":18,"enemies":"Snake Plant","floor":24,"turns":4},{"damage":31,"enemies":"Slavers","floor":25,"turns":4},{"damage":17,"enemies":"Shelled Parasite and Fungi","floor":27,"turns":2}],"seed_played":"3351332081613753804","potions_obtained":[{"floor":2,"key":"SkillPotion"},{"floor":7,"key":"SteroidPotion"},{"floor":8,"key":"SneckoOil"},{"floor":16,"key":"SteroidPotion"},{"floor":18,"key":"Fire Potion"},{"floor":22,"key":"SpeedPotion"},{"floor":24,"key":"Poison Potion"}],"is_trial":false,"path_per_floor":["M","M","?","M","?","R","E","M","T","M","T","M","M","M","R","B",null,"M","?","$","?","M","R","M","E","T","M"],"character_chosen":"DEFECT","items_purchased":["Go for the Eyes","War Paint","Loop"],"campfire_rested":1,"item_purchase_floors":[20,20,20],"current_hp_per_floor":[74,73,66,57,50,50,32,32,32,20,20,20,19,19,41,7,75,55,55,55,55,55,55,37,6,6,0],"gold":218,"neow_bonus":"RANDOM_COMMON_RELIC","is_prod":false,"is_daily":false,"chose_seed":false,"campfire_upgraded":2,"win_rate":0,"timestamp":1552107368,"path_taken":["M","M","?","M","?","R","E","M","T","M","?","M","M","M","R","BOSS","M","?","?","?","M","R","M","E","T","M"],"build_version":"2019-01-23","purchased_purges":0,"victory":false,"max_hp_per_floor":[75,75,75,75,75,75,75,75,75,75,75,75,75,75,75,75,75,75,75,75,75,75,75,75,75,75,75],"card_choices":[{"not_picked":["Beam Cell","Gash"],"picked":"Darkness","floor":1},{"not_picked":["Go for the Eyes","Blizzard"],"picked":"Sweeping Beam","floor":2},{"not_picked":["Leap","Barrage"],"picked":"Electrodynamics","floor":4},{"not_picked":["Aggregate","Rebound"],"picked":"Hologram","floor":7},{"not_picked":["Heatsinks","Barrage"],"picked":"Stack","floor":8},{"not_picked":["Consume","Hello World"],"picked":"Conserve Battery","floor":10},{"not_picked":["Sweeping Beam","Redo"],"picked":"Ball Lightning","floor":12},{"not_picked":["BootSequence","Sweeping Beam"],"picked":"Skim","floor":13},{"not_picked":["Heatsinks","Stack"],"picked":"Redo","floor":14},{"not_picked":["Force Field","Creative AI"],"picked":"Conserve Battery","floor":15},{"not_picked":["Buffer","Thunder Strike"],"picked":"Echo Form","floor":16},{"not_picked":["Storm","Leap"],"picked":"Melter","floor":18},{"not_picked":["Barrage","Lockon"],"picked":"Compile Driver","floor":22},{"not_picked":["Lockon","Leap","Hello World+1"],"picked":"SKIP","floor":24},{"not_picked":["Storm","Chaos","Skim"],"picked":"SKIP","floor":25}],"player_experience":231485,"relics_obtained":[{"floor":7,"key":"Tiny Chest"},{"floor":11,"key":"Blue Candle"},{"floor":25,"key":"Matryoshka"},{"floor":26,"key":"Ancient Tea Set"},{"floor":26,"key":"Mummified Hand"}],"event_choices":[{"damage_healed":0,"gold_gain":0,"player_choice":"Success","damage_taken":7,"relics_obtained":["Orichalcum"],"max_hp_gain":0,"max_hp_loss":0,"event_name":"Scrap Ooze","floor":3,"gold_loss":0},{"cards_removed":["Strike_B"],"damage_healed":0,"gold_gain":0,"player_choice":"Card Removal","damage_taken":7,"max_hp_gain":0,"max_hp_loss":0,"event_name":"Golden Wing","floor":5,"gold_loss":0},{"cards_removed":["Strike_B"],"damage_healed":0,"gold_gain":0,"player_choice":"Upgrade and Remove","damage_taken":0,"max_hp_gain":0,"max_hp_loss":0,"event_name":"Designer","floor":19,"gold_loss":90,"cards_upgraded":["Skim"]},{"damage_healed":0,"gold_gain":0,"player_choice":"Simplicity","damage_taken":0,"max_hp_gain":0,"max_hp_loss":0,"event_name":"Back to Basics","floor":21,"gold_loss":0,"cards_upgraded":["Strike_B","Strike_B","Defend_B","Defend_B","Defend_B"]}],"is_beta":false,"boss_relics":[{"not_picked":["Black Star","Runic Pyramid"],"picked":"Philosopher\u0027s Stone"}],"items_purged_floors":[],"is_endless":false,"potions_floor_spawned":[2,7,8,16,18,22,24],"killed_by":"Shelled Parasite and Fungi","ascension_level":1}