{"gold_per_floor":[113,130,51,69,88,120,137,60,60,60,60,60,60,71,71,169,169,180,105,105,124,17,17,17,17,17,34,34,34,62,78,78,173,173,184,184,184,93,138,138,138,138,164,176,276,276,327,174,174,174,174,174,78,104,104],"floor_reached":55,"playtime":5441,"items_purged":["Normality"],"score":854,"play_id":"3ce41e74-544f-4e6f-bed1-747b866aadbf","local_time":"20190110135618","is_ascension_mode":false,"campfire_choices":[{"floor":10.0,"key":"REST"},{"data":"Burst","floor":15.0,"key":"SMITH"},{"data":"Envenom","floor":23.0,"key":"SMITH"},{"data":"Footwork","floor":29.0,"key":"SMITH"},{"floor":32.0,"key":"REST"},{"floor":40.0,"key":"REST"},{"floor":42.0,"key":"RECALL"},{"data":"Corpse Explosion","floor":49.0,"key":"SMITH"},{"data":"Bouncing Flask","floor":52.0,"key":"SMITH"}],"neow_cost":"NONE","seed_source_timestamp":0,"circlet_count":0,"master_deck":["Defend_G","Defend_G","Defend_G","Defend_G","Defend_G","Strike_G","Strike_G","Strike_G","Strike_G","Survivor","Neutralize","Decay","Parasite","Adrenaline","Well Laid Plans","Noxious Fumes","Crippling Poison","Bouncing Flask+1","Bane","Noxious Fumes","Corpse Explosion+1","Parasite","Good Instincts","Neutralize","Burst+1","Envenom+1","Writhe","Footwork+1","Footwork","Dash","Adrenaline","Shame","Backflip+1","Terror+1","Bouncing Flask+1","Venomology+1","Backflip+1","Writhe","Finesse+1","Leg Sweep+1","Cloak And Dagger+1","Die Die Die","Impatience+1","Blade Dance+1"],"special_seed":0,"relics":["Calling Bell","Snake Skull","Question Card","Dead Branch","Blue Candle","Meat on the Bone","Eternal Feather","Potion Belt","WingedGreaves","Bottled Tornado","Toxic Egg 2","Lizard Tail","Mango","Lantern","FossilizedHelix","Oddly Smooth Stone","Sundial"],"potions_floor_usage":[55,55],"damage_taken":[{"damage":0.0,"enemies":"2 Louse","floor":1.0,"turns":3.0},{"damage":0.0,"enemies":"Small Slimes","floor":2.0,"turns":4.0},{"damage":0.0,"enemies":"Cultist","floor":4.0,"turns":4.0},{"damage":8.0,"enemies":"3 Louse","floor":5.0,"turns":5.0},{"damage":15.0,"enemies":"Lagavulin","floor":6.0,"turns":7.0},{"damage":18.0,"enemies":"Large Slime","floor":7.0,"turns":7.0},{"damage":6.0,"enemies":"Looter","floor":14.0,"turns":4.0},{"damage":3.0,"enemies":"Slime Boss","floor":16.0,"turns":3.0},{"damage":8.0,"enemies":"Spheric Guardian","floor":18.0,"turns":4.0},{"damage":12.0,"enemies":"Shell Parasite","floor":21.0,"turns":8.0},{"damage":36.0,"enemies":"Sentry and Sphere","floor":27.0,"turns":6.0},{"damage":33.0,"enemies":"Slavers","floor":30.0,"turns":3.0},{"damage":29.0,"enemies":"Snake Plant","floor":31.0,"turns":4.0},{"damage":31.0,"enemies":"Automaton","floor":33.0,"turns":8.0},{"damage":14.0,"enemies":"Orb Walker","floor":35.0,"turns":4.0},{"damage":67.0,"enemies":"2 Orb Walkers","floor":39.0,"turns":6.0},{"damage":31.0,"enemies":"3 Darklings","floor":44.0,"turns":4.0},{"damage":16.0,"enemies":"Mind Bloom Boss Battle","floor":45.0,"turns":7.0},{"damage":53.0,"enemies":"Donu and Deca","floor":50.0,"turns":8.0},{"damage":59.0,"enemies":"Shield and Spear","floor":54.0,"turns":6.0},{"damage":26,"enemies":"The Heart","floor":55,"turns":3}],"seed_played":"5505355034336318737","potions_obtained":[{"floor":2.0,"key":"SteroidPotion"},{"floor":5.0,"key":"Block Potion"},{"floor":14.0,"key":"Swift Potion"},{"floor":18.0,"key":"Fire Potion"},{"floor":33.0,"key":"Fire Potion"},{"floor":39.0,"key":"SneckoOil"},{"floor":45.0,"key":"SpeedPotion"}],"is_trial":false,"path_per_floor":["M","M","$","M","M","E","M","$","T","R","?","?","$","M","R","B",null,"M","$","?","M","$","R","?","?","T","M","?","R","E","M","R","B",null,"M","?","?","$","?","R","T","R","T","M","?","?","T","$","R","B",null,"R","$","E","B"],"character_chosen":"THE_SILENT","items_purchased":["Noxious Fumes","Corpse Explosion","Endless Agony","Footwork","Finesse+1","Swift Potion","SkillPotion","PowerPotion","EntropicBrew"],"campfire_rested":3,"item_purchase_floors":[3,8,22,22,38,48,48,48,53],"current_hp_per_floor":[70,70,70,70,62,47,29,29,29,50,67,67,67,61,61,58,70,62,62,62,50,50,68,68,68,68,44,67,70,37,20,62,43,70,56,56,70,70,29,78,78,84,84,53,49,49,49,49,73,32,84,84,84,37,11],"gold":104,"neow_bonus":"BOSS_RELIC","is_prod":false,"is_daily":false,"chose_seed":false,"campfire_upgraded":5,"win_rate":0,"timestamp":1547146578,"path_taken":["M","M","$","M","M","E","M","$","T","R","?","?","$","?","R","BOSS","M","$","?","M","$","R","?","?","T","M","?","R","E","M","R","BOSS","M","?","?","$","?","R","?","R","T","M","?","?","?","?","R","BOSS","R","$","E","BOSS"],"build_version":"2019-01-03v4","purchased_purges":1,"victory":false,"max_hp_per_floor":[70,70,70,70,70,70,70,70,70,70,70,70,70,70,70,70,70,70,70,70,70,70,70,70,70,70,70,70,70,70,70,70,70,70,70,70,70,70,84,84,84,84,84,84,84,84,84,84,84,84,84,84,84,84,84],"card_choices":[{"not_picked":["Underhanded Strike","Cloak And Dagger","Flying Knee"],"picked":"Adrenaline","floor":1.0},{"not_picked":["Blade Dance","Calculated Gamble","Underhanded Strike"],"picked":"Well Laid Plans","floor":2.0},{"not_picked":["Slice","Outmaneuver","Setup"],"picked":"Crippling Poison","floor":4.0},{"not_picked":["Masterful Stab","Poisoned Stab","Endless Agony"],"picked":"Bouncing Flask","floor":5.0},{"not_picked":["Prepared","Reflex","Sucker Punch"],"picked":"Bane","floor":6.0},{"not_picked":["Tactician","Concentrate","Blade Dance"],"picked":"Noxious Fumes","floor":7.0},{"not_picked":["Masterful Stab","Outmaneuver","Poisoned Stab"],"picked":"Burst","floor":14.0},{"not_picked":["Malaise","Unload","Burst"],"picked":"Envenom","floor":16.0},{"not_picked":["Accuracy","Expertise+1","Dagger Spray+1"],"picked":"Prepared","floor":18.0},{"not_picked":["Flechettes+1","Calculated Gamble","Deadly Poison"],"picked":"Footwork","floor":21.0},{"not_picked":["Prepared","Noxious Fumes+1","Skewer+1"],"picked":"Backflip+1","floor":27.0},{"not_picked":["Distraction+1","Skewer+1","Blade Dance"],"picked":"Terror","floor":30.0},{"not_picked":["Outmaneuver+1","Masterful Stab","Dagger Spray+1"],"picked":"Bouncing Flask+1","floor":31.0},{"not_picked":["Envenom","Bullet Time+1","Doppelganger+1"],"picked":"Venomology+1","floor":33.0},{"not_picked":["Predator","Dodge and Roll+1","Flying Knee+1"],"picked":"Backflip+1","floor":35.0},{"not_picked":["Dodge and Roll+1","Riddle With Holes","Slice"],"picked":"Leg Sweep+1","floor":39.0},{"not_picked":["Quick Slash","Outmaneuver+1","Poisoned Stab"],"picked":"Cloak And Dagger+1","floor":44.0},{"not_picked":["Acrobatics+1","Setup+1","Cloak And Dagger+1"],"picked":"Die Die Die","floor":45.0},{"not_picked":["Transmutation+1","HandOfGreed","Panache"],"picked":"Impatience+1","floor":46.0},{"not_picked":["Dagger Spray+1","Accuracy","Dagger Throw"],"picked":"Blade Dance+1","floor":54.0}],"player_experience":2857605,"relics_obtained":[{"floor":0.0,"key":"Snake Skull"},{"floor":0.0,"key":"Question Card"},{"floor":0.0,"key":"Dead Branch"},{"floor":6.0,"key":"Blue Candle"},{"floor":9.0,"key":"Meat on the Bone"},{"floor":26.0,"key":"Bottled Tornado"},{"floor":30.0,"key":"Toxic Egg 2"},{"floor":39.0,"key":"Mango"},{"floor":41.0,"key":"Lantern"},{"floor":45.0,"key":"FossilizedHelix"},{"floor":47.0,"key":"Oddly Smooth Stone"},{"floor":54.0,"key":"Sundial"}],"event_choices":[{"damage_healed":17.0,"max_hp_gain":0.0,"max_hp_loss":0.0,"gold_gain":0.0,"event_name":"Mushrooms","player_choice":"Healed and dodged fight","floor":11.0,"gold_loss":0.0,"damage_taken":0.0,"cards_obtained":["Parasite"]},{"damage_healed":0.0,"max_hp_gain":0.0,"max_hp_loss":0.0,"gold_gain":0.0,"event_name":"Match and Keep!","player_choice":"2 cards matched","floor":12.0,"gold_loss":0.0,"damage_taken":0.0,"cards_obtained":["Good Instincts","Neutralize"]},{"damage_healed":0.0,"max_hp_gain":0.0,"max_hp_loss":0.0,"gold_gain":0.0,"event_name":"The Mausoleum","player_choice":"Opened","floor":20.0,"gold_loss":0.0,"damage_taken":0.0,"relics_obtained":["Potion Belt"],"cards_obtained":["Writhe"]},{"damage_healed":0.0,"max_hp_gain":0.0,"max_hp_loss":0.0,"gold_gain":0.0,"cards_transformed":["Strike_G","Prepared"],"event_name":"Drug Dealer","player_choice":"Became Test Subject","floor":24.0,"gold_loss":0.0,"damage_taken":0.0,"cards_obtained":["Dash","Adrenaline"]},{"damage_healed":0.0,"max_hp_gain":0.0,"max_hp_loss":0.0,"gold_gain":0.0,"event_name":"Addict","player_choice":"Stole Relic","floor":25.0,"gold_loss":0.0,"damage_taken":0.0,"relics_obtained":["WingedGreaves"],"cards_obtained":["Shame"]},{"damage_healed":23.0,"max_hp_gain":0.0,"max_hp_loss":0.0,"gold_gain":0.0,"event_name":"The Library","player_choice":"Heal","floor":28.0,"gold_loss":0.0,"damage_taken":0.0},{"cards_removed":["Endless Agony"],"damage_healed":0.0,"max_hp_gain":0.0,"max_hp_loss":0.0,"gold_gain":0.0,"event_name":"Falling","player_choice":"Removed Attack","floor":36.0,"gold_loss":0.0,"damage_taken":0.0},{"damage_healed":18.0,"max_hp_gain":0.0,"max_hp_loss":0.0,"gold_gain":0.0,"event_name":"Winding Halls","player_choice":"Writhe","floor":37.0,"gold_loss":0.0,"damage_taken":0.0,"cards_obtained":["Writhe"]},{"damage_healed":0.0,"max_hp_gain":0.0,"max_hp_loss":0.0,"gold_gain":0.0,"event_name":"Mysterious Sphere","player_choice":"Fight","floor":39.0,"gold_loss":0.0,"damage_taken":0.0},{"damage_healed":0.0,"max_hp_gain":0.0,"max_hp_loss":0.0,"gold_gain":0.0,"event_name":"MindBloom","player_choice":"Fight","floor":45.0,"gold_loss":0.0,"damage_taken":0.0},{"damage_healed":0.0,"max_hp_gain":0.0,"max_hp_loss":0.0,"gold_gain":0.0,"event_name":"SensoryStone","player_choice":"Memory 1","floor":46.0,"gold_loss":0.0,"damage_taken":0.0}],"is_beta":false,"boss_relics":[{"not_picked":["Orrery","White Beast Statue"],"picked":"Eternal Feather"},{"not_picked":["Runic Dome","Tiny House"],"picked":"Lizard Tail"}],"items_purged_floors":[19],"is_endless":false,"potions_floor_spawned":[2,5,14,18,33,39,45],"killed_by":"The Heart","ascension_level":0}