{"gold_per_floor":[113,113,123,135,85,85,117,117,117,117,130,159,169,179,179,275,275,287,300,300,311,311,311,256,286,311,339,339],"floor_reached":28,"playtime":1711,"items_purged":[],"score":268,"play_id":"335bbaa6-005f-4064-a7f9-63c549bc8fac","local_time":"20190219122204","is_ascension_mode":false,"campfire_choices":[{"data":"Poisoned Stab","floor":6.0,"key":"SMITH"},{"floor":8.0,"key":"REST"},{"floor":10.0,"key":"REST"},{"floor":15,"key":"REST"},{"floor":23,"key":"REST"}],"neow_cost":"TEN_PERCENT_HP_LOSS","seed_source_timestamp":0,"circlet_count":0,"master_deck":["Defend_G","Defend_G","Defend_G","Defend_G","Strike_G","Strike_G","Strike_G","Strike_G","Strike_G","Survivor","Neutralize","Poisoned Stab","Catalyst","Poisoned Stab+1","Distraction","Backflip","Envenom","Deadly Poison","Adrenaline","Dagger Spray","Catalyst","Noxious Fumes","Injury"],"special_seed":0,"relics":["Ring of the Snake","Mango","Matryoshka","Mercury Hourglass","Happy Flower","Bronze Scales","Cursed Key","Art of War","Tiny Chest","Centennial Puzzle","Orichalcum","Boot","Ancient Tea Set"],"potions_floor_usage":[18,21,27],"damage_taken":[{"damage":2.0,"enemies":"2 Louse","floor":1.0,"turns":3.0},{"damage":4.0,"enemies":"Cultist","floor":3.0,"turns":3.0},{"damage":3.0,"enemies":"Jaw Worm","floor":4.0,"turns":4.0},{"damage":44.0,"enemies":"3 Sentries","floor":7.0,"turns":9.0},{"damage":4.0,"enemies":"3 Louse","floor":11.0,"turns":2.0},{"damage":7.0,"enemies":"Gremlin Nob","floor":12.0,"turns":3.0},{"damage":23.0,"enemies":"Gremlin Gang","floor":13.0,"turns":4.0},{"damage":0,"enemies":"2 Fungi Beasts","floor":14,"turns":2},{"damage":21,"enemies":"Slime Boss","floor":16,"turns":9},{"damage":17,"enemies":"2 Thieves","floor":18,"turns":3},{"damage":19,"enemies":"3 Byrds","floor":19,"turns":3},{"damage":15,"enemies":"Snake Plant","floor":21,"turns":3},{"damage":13,"enemies":"Colosseum Slavers","floor":22,"turns":4},{"damage":18,"enemies":"Book of Stabbing","floor":25,"turns":4},{"damage":16,"enemies":"Gremlin Leader","floor":27,"turns":4},{"damage":6,"enemies":"3 Cultists","floor":28,"turns":2}],"seed_played":"-7820225179590744363","potions_obtained":[{"floor":7.0,"key":"Energy Potion"},{"floor":11.0,"key":"Dexterity Potion"},{"floor":12.0,"key":"LiquidBronze"},{"floor":19,"key":"GamblersBrew"},{"floor":25,"key":"Energy Potion"}],"is_trial":false,"path_per_floor":["M","?","M","M","?","R","E","R","T","R","M","E","M","M","R","B",null,"M","M","?","M","?","R","?","E","T","E","M"],"character_chosen":"THE_SILENT","items_purchased":[],"campfire_rested":4,"item_purchase_floors":[],"current_hp_per_floor":[75,68,64,61,61,61,17,40,40,63,59,52,29,29,52,31,77,60,41,41,26,13,36,36,18,18,2,0],"gold":339,"neow_bonus":"ONE_RARE_RELIC","is_prod":false,"is_daily":false,"chose_seed":false,"campfire_upgraded":1,"win_rate":0.0,"timestamp":1550596924,"path_taken":["M","?","?","?","?","R","E","R","T","R","M","E","M","M","R","BOSS","M","M","?","?","?","R","?","E","T","E","M"],"build_version":"2019-01-23","purchased_purges":0,"victory":false,"max_hp_per_floor":[77,77,77,77,77,77,77,77,77,77,77,77,77,77,77,77,77,77,77,77,77,77,77,77,77,77,77,77],"card_choices":[{"not_picked":["Acrobatics","Bane"],"picked":"Poisoned Stab","floor":1.0},{"not_picked":["Riddle With Holes","Cloak And Dagger"],"picked":"Catalyst","floor":3.0},{"not_picked":["PiercingWail","Skewer"],"picked":"Poisoned Stab","floor":4.0},{"not_picked":["Reflex","Leg Sweep"],"picked":"Distraction","floor":7.0},{"not_picked":["Sucker Punch","Acrobatics"],"picked":"Backflip","floor":11.0},{"not_picked":["Blur","All Out Attack"],"picked":"Envenom","floor":12.0},{"not_picked":["Deflect","Masterful Stab"],"picked":"Deadly Poison","floor":13},{"not_picked":["Cloak And Dagger","Dagger Throw","Endless Agony"],"picked":"SKIP","floor":14},{"not_picked":["Venomology","A Thousand Cuts"],"picked":"Adrenaline","floor":16},{"not_picked":["Reflex+1","Infinite Blades","Blade Dance"],"picked":"SKIP","floor":18},{"not_picked":["Caltrops","Prepared"],"picked":"Dagger Spray","floor":19},{"not_picked":["Escape Plan","Predator"],"picked":"Catalyst","floor":21},{"not_picked":["Escape Plan","Eviscerate"],"picked":"Noxious Fumes","floor":25},{"not_picked":["Heel Hook","Deadly Poison","Glass Knife"],"picked":"SKIP","floor":27}],"player_experience":54562,"relics_obtained":[{"floor":7.0,"key":"Matryoshka"},{"floor":9.0,"key":"Mercury Hourglass"},{"floor":9.0,"key":"Happy Flower"},{"floor":12.0,"key":"Bronze Scales"},{"floor":25,"key":"Centennial Puzzle"},{"floor":26,"key":"Orichalcum"},{"floor":26,"key":"Boot"},{"floor":27,"key":"Ancient Tea Set"}],"event_choices":[{"damage_healed":0.0,"max_hp_gain":0.0,"max_hp_loss":0.0,"gold_gain":0.0,"event_name":"Wheel of Change","player_choice":"Damaged","floor":2.0,"gold_loss":0.0,"damage_taken":7.0},{"cards_removed":["Defend_G"],"damage_healed":0.0,"max_hp_gain":0.0,"max_hp_loss":0.0,"gold_gain":0.0,"event_name":"The Cleric","player_choice":"Card Removal","floor":5.0,"gold_loss":50.0,"damage_taken":0.0},{"damage_healed":0,"gold_gain":0,"player_choice":"Gave Potion","damage_taken":0,"relics_obtained":["Art of War"],"max_hp_gain":0,"max_hp_loss":0,"event_name":"WeMeetAgain","floor":20,"gold_loss":0},{"damage_healed":0,"gold_gain":0,"player_choice":"Fight","damage_taken":0,"max_hp_gain":0,"max_hp_loss":0,"event_name":"Colosseum","floor":22,"gold_loss":0},{"damage_healed":0,"gold_gain":0,"player_choice":"Fled From Nobs","damage_taken":0,"max_hp_gain":0,"max_hp_loss":0,"event_name":"Colosseum","floor":22,"gold_loss":0},{"damage_healed":0,"gold_gain":0,"player_choice":"Obtained Relic","damage_taken":0,"relics_obtained":["Tiny Chest"],"max_hp_gain":0,"max_hp_loss":0,"event_name":"Addict","floor":24,"gold_loss":85}],"is_beta":false,"boss_relics":[{"not_picked":["Lizard Tail","Tiny House"],"picked":"Cursed Key"}],"items_purged_floors":[],"is_endless":false,"potions_floor_spawned":[7,11,12,19,25],"killed_by":"3 Cultists","ascension_level":0}