{"gold_per_floor":[112,112,60,60,72,72,105,105,105,117,150,168,178,203,203,282,282,282,282,207,207,207,207,20,20,20,20,20,20,20,20,20,20,20,20,20,20,20,20,20,20,20,20,20,20,20,20,20,20,20],"floor_reached":51,"playtime":5678,"items_purged":[],"score":1312,"play_id":"3c061f63-21a5-4fc7-b591-1663d509446b","local_time":"20190113022247","is_ascension_mode":true,"campfire_choices":[{"data":"Pommel Strike","floor":6.0,"key":"SMITH"},{"data":"Iron Wave","floor":8.0,"key":"SMITH"},{"floor":15.0,"key":"REST"},{"floor":23.0,"key":"REST"},{"floor":30.0,"key":"REST"},{"data":"Armaments","floor":32.0,"key":"SMITH"},{"floor":40.0,"key":"REST"},{"data":"Demon Form","floor":45.0,"key":"SMITH"},{"data":"Disarm","floor":47.0,"key":"SMITH"},{"data":"Clothesline","floor":49.0,"key":"SMITH"}],"neow_cost":"NONE","seed_source_timestamp":0,"circlet_count":0,"master_deck":["AscendersBane","Defend_R","Defend_R","Defend_R","Defend_R","Bash+1","Iron Wave+1","Pommel Strike+1","Ghostly Armor","Inflame","Uppercut","Ghostly Armor","Thunderclap","Evolve","Demon Form+1","Heavy Blade","Necronomicurse","Armaments+1","Disarm+1","Clothesline+1","Bite","Bite","Bite","Bite","Bite","Carnage","Bludgeon","Feel No Pain","Flame Barrier","Power Through","Bandage Up","Shockwave+1"],"special_seed":0,"relics":["Burning Blood","NeowsBlessing","Smiling Mask","Pantograph","Orichalcum","Letter Opener","Ectoplasm","Necronomicon","Vajra","PreservedInsect","Philosopher\u0027s Stone","Turnip","Unceasing Top","MawBank"],"potions_floor_usage":[50],"damage_taken":[{"damage":0.0,"enemies":"Jaw Worm","floor":1.0,"turns":1.0},{"damage":0.0,"enemies":"Cultist","floor":5.0,"turns":1.0},{"damage":0.0,"enemies":"Gremlin Nob","floor":7.0,"turns":1.0},{"damage":2.0,"enemies":"2 Louse","floor":10.0,"turns":3.0},{"damage":23.0,"enemies":"Lagavulin","floor":11.0,"turns":4.0},{"damage":23.0,"enemies":"Exordium Thugs","floor":12.0,"turns":4.0},{"damage":9.0,"enemies":"2 Fungi Beasts","floor":13.0,"turns":3.0},{"damage":9.0,"enemies":"3 Sentries","floor":14.0,"turns":7.0},{"damage":66.0,"enemies":"Hexaghost","floor":16.0,"turns":10.0},{"damage":18.0,"enemies":"Shell Parasite","floor":18.0,"turns":4.0},{"damage":5.0,"enemies":"Spheric Guardian","floor":21.0,"turns":3.0},{"damage":6.0,"enemies":"Centurion and Healer","floor":22.0,"turns":4.0},{"damage":35.0,"enemies":"Gremlin Leader","floor":25.0,"turns":3.0},{"damage":16.0,"enemies":"Snecko","floor":28.0,"turns":4.0},{"damage":5.0,"enemies":"3 Cultists","floor":31.0,"turns":4.0},{"damage":7.0,"enemies":"Champ","floor":33.0,"turns":8.0},{"damage":7.0,"enemies":"3 Darklings","floor":35.0,"turns":6.0},{"damage":0.0,"enemies":"3 Shapes","floor":36.0,"turns":3.0},{"damage":32.0,"enemies":"2 Orb Walkers","floor":37.0,"turns":4.0},{"damage":40.0,"enemies":"Maw","floor":38.0,"turns":6.0},{"damage":21.0,"enemies":"Mind Bloom Boss Battle","floor":39.0,"turns":7.0},{"damage":15.0,"enemies":"4 Shapes","floor":42.0,"turns":14.0},{"damage":31.0,"enemies":"Jaw Worm Horde","floor":48.0,"turns":3.0},{"damage":75,"enemies":"Time Eater","floor":50,"turns":8}],"seed_played":"3248424911100660452","potions_obtained":[{"floor":1.0,"key":"SkillPotion"},{"floor":7.0,"key":"SpeedPotion"},{"floor":11.0,"key":"Poison Potion"},{"floor":22.0,"key":"Energy Potion"},{"floor":25.0,"key":"Weak Potion"},{"floor":33.0,"key":"Block Potion"},{"floor":36.0,"key":"LiquidBronze"},{"floor":37.0,"key":"Fire Potion"},{"floor":48.0,"key":"FearPotion"}],"is_trial":false,"path_per_floor":["M","?","$","$","M","R","E","R","T","M","E","M","M","E","R","B",null,"M","?","?","M","M","R","$","E","T","?","M","$","R","M","R","B",null,"M","M","?","M","?","R","?","M","T","$","R","?","R","M","R","B",null],"character_chosen":"IRONCLAD","items_purchased":["Pommel Strike","Clothesline","Blood Vial"],"campfire_rested":4,"item_purchase_floors":[3,24,24],"current_hp_per_floor":[74,74,74,74,75,75,75,75,75,75,58,41,38,35,57,15,60,48,27,27,28,28,50,50,23,23,23,25,25,47,56,56,75,75,75,75,51,25,49,71,71,75,75,75,75,75,75,56,56,12],"gold":20,"neow_bonus":"THREE_ENEMY_KILL","is_prod":false,"is_daily":false,"chose_seed":false,"campfire_upgraded":6,"win_rate":0,"timestamp":1547364167,"path_taken":["M","?","?","$","M","R","E","R","T","M","E","M","?","E","R","BOSS","M","?","?","?","M","R","$","E","T","?","M","?","R","M","R","BOSS","M","M","?","M","?","R","?","M","T","$","R","?","R","M","R","BOSS"],"build_version":"2019-01-10","purchased_purges":0,"victory":true,"max_hp_per_floor":[75,75,75,75,75,75,75,75,75,75,75,75,75,75,75,75,75,75,75,75,75,75,75,75,75,75,75,75,75,75,75,75,75,75,75,75,75,75,75,75,75,75,75,75,75,75,75,75,75,75],"card_choices":[{"not_picked":["Seeing Red","Sever Soul"],"picked":"Iron Wave","floor":1.0},{"not_picked":["Warcry","Thunderclap"],"picked":"Ghostly Armor","floor":5.0},{"not_picked":["Pummel","Reckless Charge"],"picked":"Spot Weakness","floor":7.0},{"not_picked":["Pommel Strike","Warcry"],"picked":"Inflame","floor":10.0},{"not_picked":["Power Through","True Grit"],"picked":"Uppercut","floor":11.0},{"not_picked":["Twin Strike","Combust"],"picked":"Ghostly Armor","floor":12.0},{"not_picked":["Anger","Body Slam"],"picked":"Thunderclap","floor":13.0},{"not_picked":["Entrench","Rupture"],"picked":"Evolve","floor":14.0},{"not_picked":["Impervious","Juggernaut"],"picked":"Demon Form","floor":16.0},{"not_picked":["Bloodletting","Body Slam"],"picked":"Heavy Blade","floor":18.0},{"not_picked":["Hemokinesis","Iron Wave","Blood for Blood"],"picked":"SKIP","floor":21.0},{"not_picked":["Anger","Twin Strike"],"picked":"Disarm","floor":22.0},{"not_picked":["Perfected Strike","Iron Wave","Pommel Strike"],"picked":"SKIP","floor":25.0},{"not_picked":["Sword Boomerang","Fiend Fire"],"picked":"Carnage","floor":28.0},{"not_picked":["Clash","Clothesline","Fire Breathing"],"picked":"SKIP","floor":31.0},{"not_picked":["Demon Form","Limit Break"],"picked":"Bludgeon","floor":33.0},{"not_picked":["Intimidate","Clothesline"],"picked":"Feel No Pain","floor":35.0},{"not_picked":["Bloodletting","Sword Boomerang","Pommel Strike"],"picked":"SKIP","floor":36.0},{"not_picked":["Body Slam+1","Ghostly Armor"],"picked":"Flame Barrier","floor":37.0},{"not_picked":["Thunderclap","Perfected Strike"],"picked":"Power Through","floor":38.0},{"not_picked":["Enlightenment","Trip"],"picked":"Bandage Up","floor":41.0},{"not_picked":["Reckless Charge","Pummel","Headbutt"],"picked":"SKIP","floor":42.0},{"not_picked":["True Grit","Carnage"],"picked":"Shockwave+1","floor":48.0}],"player_experience":2878097,"relics_obtained":[{"floor":7.0,"key":"Smiling Mask"},{"floor":9.0,"key":"Pantograph"},{"floor":11.0,"key":"Orichalcum"},{"floor":14.0,"key":"Letter Opener"},{"floor":19.0,"key":"Necronomicon"},{"floor":25.0,"key":"Vajra"},{"floor":26.0,"key":"PreservedInsect"},{"floor":37.0,"key":"Turnip"},{"floor":39.0,"key":"Unceasing Top"},{"floor":43.0,"key":"MawBank"}],"event_choices":[{"damage_healed":0.0,"max_hp_gain":0.0,"max_hp_loss":0.0,"gold_gain":0.0,"event_name":"Upgrade Shrine","player_choice":"Upgraded","floor":2.0,"gold_loss":0.0,"damage_taken":0.0,"cards_upgraded":["Bash"]},{"damage_healed":0.0,"max_hp_gain":0.0,"max_hp_loss":0.0,"gold_gain":0.0,"event_name":"Cursed Tome","player_choice":"Obtained Book","floor":19.0,"gold_loss":0.0,"damage_taken":21.0},{"damage_healed":0.0,"max_hp_gain":0.0,"max_hp_loss":0.0,"gold_gain":0.0,"cards_transformed":["Strike_R","Spot Weakness"],"event_name":"Designer","player_choice":"Transformed Cards","floor":20.0,"gold_loss":75.0,"damage_taken":0.0,"cards_obtained":["Armaments","Searing Blow"]},{"damage_healed":0.0,"max_hp_gain":0.0,"max_hp_loss":0.0,"gold_gain":0.0,"event_name":"Vampires","player_choice":"Became a vampire (Vial)","floor":27.0,"relics_lost":["Blood Vial"],"gold_loss":0.0,"damage_taken":0.0,"cards_obtained":["Bite","Bite","Bite","Bite","Bite"]},{"damage_healed":0.0,"max_hp_gain":0.0,"max_hp_loss":0.0,"gold_gain":0.0,"event_name":"Mysterious Sphere","player_choice":"Fight","floor":37.0,"gold_loss":0.0,"damage_taken":0.0},{"damage_healed":0.0,"max_hp_gain":0.0,"max_hp_loss":0.0,"gold_gain":0.0,"event_name":"MindBloom","player_choice":"Fight","floor":39.0,"gold_loss":0.0,"damage_taken":0.0},{"damage_healed":0.0,"max_hp_gain":0.0,"max_hp_loss":0.0,"gold_gain":0.0,"event_name":"SensoryStone","player_choice":"Memory 1","floor":41.0,"gold_loss":0.0,"damage_taken":0.0},{"cards_removed":["Searing Blow"],"damage_healed":0.0,"max_hp_gain":0.0,"max_hp_loss":0.0,"gold_gain":0.0,"event_name":"Falling","player_choice":"Removed Attack","floor":46.0,"gold_loss":0.0,"damage_taken":0.0}],"is_beta":false,"boss_relics":[{"not_picked":["Orrery","Astrolabe"],"picked":"Ectoplasm"},{"not_picked":["Tiny House","Eternal Feather"],"picked":"Philosopher\u0027s Stone"}],"items_purged_floors":[],"is_endless":false,"potions_floor_spawned":[1,7,11,13,22,25,31,33,36,37,48],"ascension_level":19}