{"gold_per_floor":[117,117,42,42,56,83,83,96,145,160,170,170,70,70,70,70],"floor_reached":16,"playtime":1043,"items_purged":["Strike_G","Strike_G"],"score":100,"play_id":"4627cceb-be75-46f1-82c0-0078297a13c2","local_time":"20190206122638","is_ascension_mode":false,"campfire_choices":[{"data":"Flying Knee","floor":7,"key":"SMITH"},{"floor":12,"key":"REST"},{"floor":15,"key":"REST"}],"neow_cost":"PERCENT_DAMAGE","seed_source_timestamp":81711715287814,"circlet_count":0,"master_deck":["Defend_G","Defend_G","Defend_G","Defend_G","Strike_G","Strike_G","Survivor","Neutralize","Flying Knee+1","Sucker Punch","Flying Knee","Cloak And Dagger"],"relics":["Ring of the Snake","PreservedInsect","Ninja Scroll","Juzu Bracelet"],"potions_floor_usage":[6,6,10],"damage_taken":[{"damage":0,"enemies":"Small Slimes","floor":1,"turns":4},{"damage":0,"enemies":"2 Louse","floor":5,"turns":3},{"damage":5,"enemies":"Gremlin Nob","floor":6,"turns":3},{"damage":0,"enemies":"Jaw Worm","floor":8,"turns":2},{"damage":12,"enemies":"Large Slime","floor":10,"turns":6},{"damage":1,"enemies":"Blue Slaver","floor":11,"turns":2},{"damage":70,"enemies":"The Guardian","floor":16,"turns":17}],"seed_played":"6390410554448552528","potions_obtained":[{"floor":1,"key":"Explosive Potion"},{"floor":5,"key":"PowerPotion"},{"floor":8,"key":"Weak Potion"}],"is_trial":false,"path_per_floor":["M","?","$","?","M","E","R","M","T","M","M","R","$","?","R","B"],"character_chosen":"THE_SILENT","items_purchased":[],"campfire_rested":2,"item_purchase_floors":[],"current_hp_per_floor":[49,49,49,31,31,26,26,26,26,14,13,34,34,34,55,0],"gold":70,"neow_bonus":"REMOVE_TWO","is_prod":false,"is_daily":false,"chose_seed":false,"campfire_upgraded":1,"win_rate":0.0,"timestamp":1549473998,"path_taken":["M","?","$","?","M","E","R","M","T","M","M","R","?","?","R","BOSS"],"build_version":"2019-01-23","purchased_purges":2,"victory":false,"max_hp_per_floor":[70,70,70,70,70,70,70,70,70,70,70,70,70,70,70,70],"card_choices":[{"not_picked":["Distraction","Sucker Punch"],"picked":"Flying Knee","floor":1},{"not_picked":["Crippling Poison","Poisoned Stab"],"picked":"Sucker Punch","floor":5},{"not_picked":["Outmaneuver","Crippling Poison","Burst"],"picked":"SKIP","floor":6},{"not_picked":["Deflect","Skewer","Calculated Gamble"],"picked":"SKIP","floor":8},{"not_picked":["All Out Attack","Distraction"],"picked":"Flying Knee","floor":10},{"not_picked":["Deflect","Eviscerate"],"picked":"Cloak And Dagger","floor":11}],"player_experience":51102,"relics_obtained":[{"floor":6,"key":"Ninja Scroll"},{"floor":9,"key":"Juzu Bracelet"}],"event_choices":[{"damage_healed":0,"gold_gain":0,"player_choice":"Ignored","damage_taken":0,"max_hp_gain":0,"max_hp_loss":0,"event_name":"Liars Game","floor":2,"gold_loss":0},{"damage_healed":0,"gold_gain":0,"player_choice":"Success","damage_taken":18,"relics_obtained":["PreservedInsect"],"max_hp_gain":0,"max_hp_loss":0,"event_name":"Scrap Ooze","floor":4,"gold_loss":0},{"damage_healed":0,"gold_gain":0,"player_choice":"Searched \u00270\u0027 times","damage_taken":0,"max_hp_gain":0,"max_hp_loss":0,"event_name":"Dead Adventurer","floor":14,"gold_loss":0}],"is_beta":false,"boss_relics":[],"items_purged_floors":[3,13],"is_endless":false,"potions_floor_spawned":[1,5,8],"killed_by":"The Guardian","ascension_level":0}