{"gold_per_floor":[115,127,202,21,21,50,50,78,103,103,103,136,136,147,147,246,246,262,11,11,26,26,26,60,60,87,87,102,113,146,166,166,268,268,284,84,84,103,117,117,134,134,134,160,260,32,0,52,52,52],"floor_reached":51,"playtime":4404,"items_purged":["Defend_R"],"score":779,"play_id":"8c6ac5f5-a082-4df6-9376-185ca9fc7a81","local_time":"20190308082805","is_ascension_mode":false,"campfire_choices":[{"data":"Whirlwind","floor":7,"key":"SMITH"},{"floor":11,"key":"REST"},{"data":"Inflame","floor":15,"key":"SMITH"},{"data":"Anger","floor":23,"key":"SMITH"},{"data":"Spot Weakness","floor":25,"key":"SMITH"},{"data":"Shrug It Off","floor":27,"key":"SMITH"},{"data":"Armaments","floor":32,"key":"SMITH"},{"data":"Pommel Strike","floor":40,"key":"SMITH"},{"data":"Reaper","floor":42,"key":"SMITH"},{"data":"Good Instincts","floor":49,"key":"SMITH"}],"neow_cost":"PERCENT_DAMAGE","seed_source_timestamp":710197943619032,"circlet_count":0,"master_deck":["Strike_R","Strike_R+1","Strike_R","Defend_R+1","Defend_R+1","Defend_R+1","Bash","Anger+1","Whirlwind+1","True Grit","Shrug It Off+1","Inflame+1","Clothesline","Pommel Strike+1","Offering","Shockwave+1","Spot Weakness+1","Headbutt","Armaments+1","Reaper+1","Thunderclap+1","Good Instincts+1","Battle Trance+1"],"relics":["Black Blood","Strawberry","Calipers","Potion Belt","Magic Flower","Sozu","Dodecahedron","Pocketwatch","Blood Vial","Boot","Chemical X","Ornamental Fan","War Paint","Peace Pipe","Bag of Preparation","Red Mask","StoneCalendar"],"potions_floor_usage":[6,14],"damage_taken":[{"damage":1,"enemies":"2 Louse","floor":1,"turns":4},{"damage":2,"enemies":"Small Slimes","floor":2,"turns":4},{"damage":17,"enemies":"3 Sentries","floor":6,"turns":6},{"damage":15,"enemies":"Gremlin Nob","floor":8,"turns":4},{"damage":31,"enemies":"Lagavulin","floor":12,"turns":7},{"damage":0,"enemies":"Cultist","floor":14,"turns":3},{"damage":16,"enemies":"Slime Boss","floor":16,"turns":8},{"damage":2,"enemies":"3 Byrds","floor":18,"turns":4},{"damage":0,"enemies":"Spheric Guardian","floor":21,"turns":3},{"damage":18,"enemies":"Book of Stabbing","floor":24,"turns":5},{"damage":6,"enemies":"Snecko","floor":28,"turns":4},{"damage":30,"enemies":"Snake Plant","floor":29,"turns":3},{"damage":2,"enemies":"Gremlin Leader","floor":30,"turns":6},{"damage":8,"enemies":"3 Cultists","floor":31,"turns":4},{"damage":61,"enemies":"Champ","floor":33,"turns":7},{"damage":28,"enemies":"3 Darklings","floor":35,"turns":4},{"damage":11,"enemies":"Orb Walker","floor":38,"turns":3},{"damage":6,"enemies":"3 Darklings","floor":39,"turns":4},{"damage":12,"enemies":"Spire Growth","floor":41,"turns":3},{"damage":34,"enemies":"Reptomancer","floor":44,"turns":3},{"damage":36,"enemies":"Mind Bloom Boss Battle","floor":45,"turns":4},{"damage":46,"enemies":"2 Orb Walkers","floor":48,"turns":4},{"damage":48,"enemies":"Time Eater","floor":50,"turns":11}],"seed_played":"-8831823556361663450","potions_obtained":[{"floor":2,"key":"EssenceOfSteel"},{"floor":6,"key":"BloodPotion"}],"is_trial":false,"path_per_floor":["M","M","?","$","?","E","R","E","T","?","R","E","$","M","R","B",null,"M","$","?","M","?","R","E","R","T","R","M","M","E","M","R","B",null,"M","$","?","M","M","R","M","R","T","E","?","$","?","?","R","B",null],"character_chosen":"IRONCLAD","items_purchased":["True Grit","Shrug It Off","Dodecahedron","Chemical X","Bag of Preparation","Good Instincts"],"campfire_rested":1,"item_purchase_floors":[4,4,19,36,46,46],"current_hp_per_floor":[61,65,54,54,54,50,50,41,41,24,50,25,25,46,46,39,87,87,87,87,87,87,87,78,78,78,78,84,66,76,80,80,31,87,87,87,87,87,87,87,87,87,87,87,84,84,84,72,72,54],"gold":52,"neow_bonus":"REMOVE_TWO","is_prod":false,"is_daily":false,"chose_seed":false,"campfire_upgraded":9,"win_rate":0,"timestamp":1552051685,"path_taken":["M","M","?","$","?","E","R","E","T","?","R","E","$","M","R","BOSS","M","$","?","M","?","R","E","R","T","R","?","M","E","M","R","BOSS","M","$","?","M","?","R","M","R","T","E","?","$","?","?","R","BOSS"],"build_version":"2019-01-23","purchased_purges":1,"victory":true,"max_hp_per_floor":[80,80,80,80,80,87,87,87,87,87,87,87,87,87,87,87,87,87,87,87,87,87,87,87,87,87,87,87,87,87,87,87,87,87,87,87,87,87,87,87,87,87,87,87,87,87,87,87,87,87],"card_choices":[{"not_picked":["Warcry","Heavy Blade"],"picked":"Anger","floor":1},{"not_picked":["Disarm","Cleave"],"picked":"Whirlwind","floor":2},{"not_picked":["Exhume","Blood for Blood"],"picked":"Inflame","floor":6},{"not_picked":["True Grit","Reaper"],"picked":"Clothesline","floor":8},{"not_picked":["Sentinel","Perfected Strike"],"picked":"Pommel Strike","floor":12},{"not_picked":["Seeing Red","Corruption","Havoc"],"picked":"SKIP","floor":14},{"not_picked":["Bludgeon","Impervious"],"picked":"Offering","floor":16},{"not_picked":["Seeing Red","Clothesline","Sentinel"],"picked":"SKIP","floor":18},{"not_picked":["Battle Trance","Warcry"],"picked":"Shockwave+1","floor":21},{"not_picked":["Feel No Pain","Blood for Blood+1"],"picked":"Spot Weakness","floor":24},{"not_picked":["Clash","Perfected Strike"],"picked":"Headbutt","floor":28},{"not_picked":["Body Slam+1","Headbutt","Anger"],"picked":"SKIP","floor":29},{"not_picked":["Reaper","Infernal Blade+1"],"picked":"Armaments","floor":30},{"not_picked":["Wild Strike","Pommel Strike","Entrench+1"],"picked":"SKIP","floor":31},{"not_picked":["Limit Break","Juggernaut"],"picked":"Reaper","floor":33},{"not_picked":["Rage","Feel No Pain","Dual Wield"],"picked":"SKIP","floor":35},{"not_picked":["Rupture","True Grit","Feel No Pain+1"],"picked":"SKIP","floor":38},{"not_picked":["Perfected Strike","Rupture","Clash+1"],"picked":"SKIP","floor":39},{"not_picked":["Perfected Strike","Clothesline+1"],"picked":"Thunderclap+1","floor":41},{"not_picked":["Shockwave+1","Combust","Bloodletting"],"picked":"SKIP","floor":44},{"not_picked":["Havoc+1","Twin Strike+1"],"picked":"Battle Trance+1","floor":48}],"player_experience":91890,"relics_obtained":[{"floor":6,"key":"Strawberry"},{"floor":8,"key":"Calipers"},{"floor":9,"key":"Potion Belt"},{"floor":12,"key":"Magic Flower"},{"floor":24,"key":"Pocketwatch"},{"floor":26,"key":"Blood Vial"},{"floor":30,"key":"Boot"},{"floor":43,"key":"Ornamental Fan"},{"floor":44,"key":"War Paint"},{"floor":45,"key":"Peace Pipe"},{"floor":48,"key":"StoneCalendar"}],"event_choices":[{"damage_healed":0,"gold_gain":75,"player_choice":"Gather Gold","damage_taken":11,"max_hp_gain":0,"max_hp_loss":0,"event_name":"World of Goop","floor":3,"gold_loss":0},{"damage_healed":0,"gold_gain":0,"player_choice":"Ignored","damage_taken":0,"max_hp_gain":0,"max_hp_loss":0,"event_name":"Liars Game","floor":5,"gold_loss":0},{"damage_healed":0,"gold_gain":0,"player_choice":"Entered Light","damage_taken":17,"max_hp_gain":0,"max_hp_loss":0,"event_name":"Shining Light","floor":10,"gold_loss":0,"cards_upgraded":["Strike_R","Defend_R"]},{"damage_healed":0,"gold_gain":0,"player_choice":"Ignored","damage_taken":0,"max_hp_gain":0,"max_hp_loss":0,"event_name":"N\u0027loth","floor":22,"gold_loss":0},{"damage_healed":0,"gold_gain":0,"player_choice":"Ignored","damage_taken":0,"max_hp_gain":0,"max_hp_loss":0,"event_name":"Transmorgrifier","floor":37,"gold_loss":0},{"damage_healed":0,"gold_gain":0,"player_choice":"Fight","damage_taken":0,"max_hp_gain":0,"max_hp_loss":0,"event_name":"MindBloom","floor":45,"gold_loss":0},{"damage_healed":0,"gold_gain":0,"player_choice":"Paid","damage_taken":0,"relics_obtained":["Red Mask"],"max_hp_gain":0,"max_hp_loss":0,"event_name":"Tomb of Lord Red Mask","floor":47,"gold_loss":32},{"damage_healed":0,"gold_gain":0,"player_choice":"Fight","damage_taken":0,"max_hp_gain":0,"max_hp_loss":0,"event_name":"Mysterious Sphere","floor":48,"gold_loss":0}],"is_beta":false,"boss_relics":[{"not_picked":["Runic Dome","Snecko Eye"],"picked":"Sozu"},{"not_picked":["Velvet Choker","White Beast Statue"],"picked":"Black Blood"}],"items_purged_floors":[4],"is_endless":false,"potions_floor_spawned":[2,6,30,31,33,38,39,44],"ascension_level":0}