{"gold_per_floor":[17,292,308,20,38,38,66,84,84,84,102,102,2,13,13,109,109,123,140,140,160,160,160,172,172,172,172,184,184,184,204,204,306,306,321,196,215,215,215],"floor_reached":40,"playtime":1190,"items_purged":["Regret","Strike_R","Strike_R"],"score":590,"play_id":"485bf0f9-e29b-47f9-afc4-4ab14a295d08","local_time":"20190322212336","is_ascension_mode":false,"campfire_choices":[{"data":"Demon Form","floor":6,"key":"SMITH"},{"data":"Inflame","floor":10,"key":"SMITH"},{"data":"Armaments","floor":15,"key":"SMITH"},{"data":"Immolate","floor":23,"key":"SMITH"},{"data":"Whirlwind","floor":25,"key":"SMITH"},{"data":"Immolate","floor":27,"key":"SMITH"},{"data":"Heavy Blade","floor":32,"key":"SMITH"}],"neow_cost":"NO_GOLD","seed_source_timestamp":15604043979217,"circlet_count":0,"master_deck":["Strike_R","Defend_R","Defend_R","Defend_R","Defend_R","Bash","Demon Form+1","Shrug It Off","Inflame+1","Pummel","Spot Weakness","Twin Strike","Flame Barrier","Armaments+1","Immolate+1","True Grit+1","Entrench","Brutality","Immolate+1","Whirlwind+1","Heavy Blade","Heavy Blade+1","Feed","Uppercut"],"relics":["Burning Blood","Bronze Scales","Omamori","Shuriken","Magic Flower","Velvet Choker","Matryoshka","Necronomicon","Busted Crown"],"potions_floor_usage":[16,33,39,39,39,39,39,39],"damage_taken":[{"damage":7,"enemies":"2 Louse","floor":1,"turns":3},{"damage":8,"enemies":"Cultist","floor":3,"turns":5},{"damage":0,"enemies":"Jaw Worm","floor":5,"turns":3},{"damage":31,"enemies":"Gremlin Nob","floor":7,"turns":5},{"damage":12,"enemies":"Exordium Thugs","floor":8,"turns":3},{"damage":2,"enemies":"Blue Slaver","floor":11,"turns":3},{"damage":7,"enemies":"Exordium Wildlife","floor":14,"turns":5},{"damage":23,"enemies":"The Guardian","floor":16,"turns":10},{"damage":0,"enemies":"3 Byrds","floor":18,"turns":3},{"damage":10,"enemies":"Chosen","floor":19,"turns":4},{"damage":15,"enemies":"Centurion and Healer","floor":21,"turns":6},{"damage":34,"enemies":"Cultist and Chosen","floor":24,"turns":5},{"damage":7,"enemies":"Snake Plant","floor":28,"turns":3},{"damage":8,"enemies":"Centurion and Healer","floor":29,"turns":4},{"damage":2,"enemies":"Shelled Parasite and Fungi","floor":31,"turns":3},{"damage":9,"enemies":"Collector","floor":33,"turns":4},{"damage":0,"enemies":"3 Shapes","floor":35,"turns":1},{"damage":7,"enemies":"Orb Walker","floor":37,"turns":4},{"damage":57,"enemies":"Awakened One","floor":39,"turns":7}],"seed_played":"5543857830453153251","potions_obtained":[{"floor":5,"key":"FearPotion"},{"floor":8,"key":"EntropicBrew"},{"floor":16,"key":"LiquidBronze"},{"floor":24,"key":"Energy Potion"},{"floor":33,"key":"Poison Potion"},{"floor":35,"key":"LiquidBronze"}],"is_trial":false,"path_per_floor":["M","?","M","$","M","R","E","M","T","R","M","?","$","M","R","B",null,"M","M","?","M","?","R","M","R","T","R","M","M","?","M","R","B",null,"M","$","M","?","B",null],"character_chosen":"IRONCLAD","items_purchased":["Pummel","Bronze Scales"],"campfire_rested":0,"item_purchase_floors":[4,4],"current_hp_per_floor":[79,79,77,77,80,80,55,49,49,49,53,41,41,43,43,29,80,80,79,79,73,73,73,48,48,48,48,50,51,35,42,42,42,80,80,80,80,80,32],"gold":215,"neow_bonus":"THREE_RARE_CARDS","is_prod":false,"is_daily":false,"chose_seed":false,"campfire_upgraded":7,"win_rate":0,"timestamp":1553311416,"path_taken":["M","?","M","$","?","R","E","?","T","R","M","?","?","M","R","BOSS","M","M","?","M","?","R","M","R","T","R","M","M","?","?","R","BOSS","M","$","M","?","BOSS"],"build_version":"2019-01-23","purchased_purges":3,"victory":true,"max_hp_per_floor":[80,80,80,80,80,80,80,80,80,80,80,80,80,80,80,80,80,80,80,80,80,80,80,80,80,80,80,80,80,80,80,80,80,80,80,80,80,80,80],"card_choices":[{"not_picked":["Dark Embrace","Juggernaut"],"picked":"Demon Form","floor":0},{"not_picked":["Searing Blow","Pommel Strike"],"picked":"Shrug It Off","floor":1},{"not_picked":["Pummel","Ghostly Armor"],"picked":"Inflame","floor":3},{"not_picked":["Clash","Iron Wave"],"picked":"Spot Weakness","floor":5},{"not_picked":["Cleave","Clash"],"picked":"Twin Strike","floor":7},{"not_picked":["Intimidate","Evolve"],"picked":"Flame Barrier","floor":8},{"not_picked":["Pommel Strike","Dark Embrace","Carnage"],"picked":"SKIP","floor":11},{"not_picked":["Power Through","Dropkick"],"picked":"Armaments","floor":14},{"not_picked":["Double Tap","Barricade"],"picked":"Immolate","floor":16},{"not_picked":["Sentinel","Thunderclap","Dual Wield"],"picked":"SKIP","floor":18},{"not_picked":["Intimidate","Headbutt"],"picked":"True Grit+1","floor":19},{"not_picked":["Body Slam+1","Combust","Sword Boomerang"],"picked":"SKIP","floor":21},{"not_picked":["Clothesline+1","Wild Strike"],"picked":"Whirlwind","floor":24},{"not_picked":["Second Wind","Dual Wield+1","Heavy Blade"],"picked":"SKIP","floor":28},{"not_picked":["Second Wind","Dual Wield+1"],"picked":"Heavy Blade","floor":28},{"not_picked":["Inflame","Hemokinesis","Limit Break"],"picked":"SKIP","floor":29},{"not_picked":["Armaments","Infernal Blade"],"picked":"Heavy Blade","floor":31},{"not_picked":["Impervious","Brutality"],"picked":"Feed","floor":33},{"not_picked":[],"picked":"Uppercut","floor":35},{"not_picked":["Iron Wave"],"picked":"SKIP","floor":37}],"player_experience":1121242,"relics_obtained":[{"floor":7,"key":"Omamori"},{"floor":9,"key":"Shuriken"},{"floor":26,"key":"Matryoshka"},{"floor":30,"key":"Necronomicon"}],"event_choices":[{"damage_healed":0,"gold_gain":275,"player_choice":"Desecrate","damage_taken":0,"max_hp_gain":0,"max_hp_loss":0,"event_name":"Golden Shrine","floor":2,"gold_loss":0,"cards_obtained":["Regret"]},{"damage_healed":0,"gold_gain":0,"player_choice":"Success","damage_taken":12,"relics_obtained":["Magic Flower"],"max_hp_gain":0,"max_hp_loss":0,"event_name":"Scrap Ooze","floor":12,"gold_loss":0},{"damage_healed":0,"gold_gain":0,"cards_transformed":["Strike_R","Strike_R"],"player_choice":"Became Test Subject","damage_taken":0,"max_hp_gain":0,"max_hp_loss":0,"event_name":"Drug Dealer","floor":20,"gold_loss":0,"cards_obtained":["Entrench","Brutality"]},{"damage_healed":0,"gold_gain":0,"player_choice":"Read","damage_taken":0,"max_hp_gain":0,"max_hp_loss":0,"event_name":"The Library","floor":22,"gold_loss":0,"cards_obtained":["Immolate"]},{"damage_healed":0,"gold_gain":0,"player_choice":"Obtained Book","damage_taken":16,"max_hp_gain":0,"max_hp_loss":0,"event_name":"Cursed Tome","floor":30,"gold_loss":0},{"damage_healed":0,"gold_gain":0,"player_choice":"Took Portal","damage_taken":0,"max_hp_gain":0,"max_hp_loss":0,"event_name":"SecretPortal","floor":38,"gold_loss":0}],"is_beta":false,"boss_relics":[{"not_picked":["Mark of Pain","Empty Cage"],"picked":"Velvet Choker"},{"not_picked":["Tiny House","Fusion Hammer"],"picked":"Busted Crown"}],"items_purged_floors":[4,13,36],"is_endless":false,"potions_floor_spawned":[5,8,16,24,28,29,33,35],"ascension_level":0}