{"gold_per_floor":[113,67,84,102,113,143,143,158,226,239,249,249,279,305,305,408,408,348,348,348,269,98,98,98,98,98,98,98,98,98,58,58,58,58,58,58,58,58,58,58,58,58,58,58,58,58,58,58,58,58,58,58,7,7,7],"floor_reached":56,"playtime":6489,"items_purged":[],"score":1163,"play_id":"e401fc43-8b26-4e5c-94f5-e8f87200d21f","local_time":"20190225033259","is_ascension_mode":false,"campfire_choices":[{"data":"Armaments","floor":7,"key":"SMITH"},{"data":"Demon Form","floor":12,"key":"SMITH"},{"floor":15,"key":"REST"},{"floor":23,"key":"REST"},{"floor":29,"key":"RECALL"},{"data":"Shockwave","floor":32,"key":"SMITH"},{"data":"Inflame","floor":40,"key":"SMITH"},{"floor":42,"key":"REST"},{"data":"Disarm","floor":44,"key":"SMITH"},{"floor":49,"key":"REST"},{"data":"Battle Trance","floor":52,"key":"SMITH"}],"neow_cost":"NONE","seed_source_timestamp":8999299955030,"circlet_count":0,"master_deck":["Strike_R+1","Strike_R+1","Strike_R+1","Strike_R+1","Strike_R+1","Defend_R+1","Defend_R+1","Defend_R+1","Defend_R+1","Battle Trance+1","Armaments+1","Inflame+1","Disarm+1","Clothesline+1","Demon Form+1","Shrug It Off","Reaper+1","Thunderclap+1","Shockwave+1","Feel No Pain","Shrug It Off","Shrug It Off","Pommel Strike+1","Offering","Shrug It Off","Evolve+1","Dual Wield","True Grit+1"],"relics":["Burning Blood","Mango","Gremlin Horn","Nunchaku","Odd Mushroom","Ectoplasm","Regal Pillow","Potion Belt","Cursed Key","Lantern","Whetstone"],"potions_floor_usage":[6,16,16,18,24,37,50,50,50,54,55,55],"damage_taken":[{"damage":5,"enemies":"Small Slimes","floor":1,"turns":6},{"damage":0,"enemies":"Jaw Worm","floor":3,"turns":5},{"damage":1,"enemies":"Cultist","floor":4,"turns":3},{"damage":0,"enemies":"Red Slaver","floor":5,"turns":6},{"damage":18,"enemies":"Gremlin Nob","floor":6,"turns":4},{"damage":0,"enemies":"Blue Slaver","floor":8,"turns":6},{"damage":7,"enemies":"Looter","floor":10,"turns":3},{"damage":0,"enemies":"Exordium Thugs","floor":11,"turns":4},{"damage":31,"enemies":"Lagavulin","floor":13,"turns":7},{"damage":6,"enemies":"The Mushroom Lair","floor":14,"turns":5},{"damage":14,"enemies":"Hexaghost","floor":16,"turns":9},{"damage":15,"enemies":"2 Thieves","floor":18,"turns":4},{"damage":31,"enemies":"Spheric Guardian","floor":20,"turns":6},{"damage":24,"enemies":"Book of Stabbing","floor":24,"turns":8},{"damage":5,"enemies":"Snecko","floor":27,"turns":6},{"damage":15,"enemies":"Chosen and Byrds","floor":28,"turns":6},{"damage":2,"enemies":"Centurion and Healer","floor":30,"turns":6},{"damage":59,"enemies":"Automaton","floor":33,"turns":11},{"damage":6,"enemies":"3 Shapes","floor":35,"turns":4},{"damage":14,"enemies":"3 Darklings","floor":37,"turns":6},{"damage":20,"enemies":"Sphere and 2 Shapes","floor":39,"turns":10},{"damage":51,"enemies":"Nemesis","floor":41,"turns":8},{"damage":34,"enemies":"Spire Growth","floor":45,"turns":5},{"damage":66,"enemies":"Maw","floor":46,"turns":11},{"damage":4,"enemies":"3 Darklings","floor":47,"turns":4},{"damage":22,"enemies":"Spire Growth","floor":48,"turns":5},{"damage":88,"enemies":"Donu and Deca","floor":50,"turns":10},{"damage":57,"enemies":"Shield and Spear","floor":54,"turns":8},{"damage":167,"enemies":"The Heart","floor":55,"turns":14}],"seed_played":"6268519383910918884","potions_obtained":[{"floor":5,"key":"FearPotion"},{"floor":8,"key":"SteroidPotion"},{"floor":13,"key":"Block Potion"},{"floor":14,"key":"LiquidBronze"},{"floor":20,"key":"AttackPotion"},{"floor":28,"key":"Ancient Potion"},{"floor":30,"key":"FearPotion"},{"floor":33,"key":"Explosive Potion"},{"floor":45,"key":"Ancient Potion"},{"floor":46,"key":"Block Potion"},{"floor":48,"key":"Energy Potion"}],"is_trial":false,"path_per_floor":["M","$","M","M","M","E","R","M","T","M","M","R","E","?","R","B",null,"M","?","M","$","$","R","E","?","T","M","M","R","M","?","R","B",null,"M","?","M","?","M","R","E","R","T","R","M","M","M","M","R","B",null,"R","$","E","B",null],"character_chosen":"IRONCLAD","items_purchased":["Armaments","Feel No Pain","Shrug It Off","Regal Pillow","Block Potion"],"campfire_rested":4,"item_purchase_floors":[2,21,22,22,53],"current_hp_per_floor":[80,80,80,80,80,82,82,88,88,87,93,93,68,68,94,86,94,85,76,51,51,51,94,76,76,76,77,83,83,94,94,94,75,94,94,89,89,89,77,77,42,83,83,83,71,80,89,79,89,86,89,89,89,77,10],"gold":7,"neow_bonus":"TRANSFORM_CARD","is_prod":false,"is_daily":false,"chose_seed":false,"campfire_upgraded":6,"win_rate":0,"timestamp":1551083579,"path_taken":["M","$","M","M","M","E","R","M","T","M","M","R","E","?","R","BOSS","M","?","?","?","$","R","E","?","T","M","M","R","M","?","R","BOSS","M","?","M","?","M","R","E","R","T","R","M","M","M","M","R","BOSS","R","$","E","BOSS"],"build_version":"2019-01-23","purchased_purges":0,"victory":true,"max_hp_per_floor":[80,80,80,80,80,94,94,94,94,94,94,94,94,94,94,94,94,94,94,94,94,94,94,94,94,94,94,94,94,94,94,94,94,94,94,89,89,89,89,89,89,89,89,89,89,89,89,89,89,89,89,89,89,89,89],"card_choices":[{"not_picked":["Rage","Feel No Pain"],"picked":"Iron Wave","floor":1},{"not_picked":["Flex","Armaments"],"picked":"Inflame","floor":3},{"not_picked":["Wild Strike","Thunderclap"],"picked":"Disarm","floor":4},{"not_picked":["Entrench","Shrug It Off"],"picked":"Clothesline","floor":5},{"not_picked":["Inflame","Anger","Flex"],"picked":"SKIP","floor":6},{"not_picked":["Rage","Flex","Wild Strike"],"picked":"SKIP","floor":8},{"not_picked":["Blood for Blood","Perfected Strike","Wild Strike"],"picked":"SKIP","floor":10},{"not_picked":["Headbutt","Thunderclap"],"picked":"Demon Form","floor":11},{"not_picked":["Perfected Strike","Battle Trance"],"picked":"Shrug It Off","floor":13},{"not_picked":["Impervious","Limit Break"],"picked":"Reaper","floor":16},{"not_picked":["Wild Strike+1","Headbutt"],"picked":"Thunderclap","floor":18},{"not_picked":["Clash+1","Armaments"],"picked":"Shockwave","floor":20},{"not_picked":["Demon Form","Bludgeon"],"picked":"Shrug It Off","floor":24},{"not_picked":["Anger","Shockwave","Hemokinesis"],"picked":"SKIP","floor":27},{"not_picked":["Blood for Blood","Anger","Sword Boomerang+1"],"picked":"SKIP","floor":28},{"not_picked":["Sword Boomerang+1","Wild Strike"],"picked":"Pommel Strike+1","floor":30},{"not_picked":["Juggernaut","Berserk"],"picked":"Offering","floor":33},{"not_picked":["Ghostly Armor+1","Headbutt"],"picked":"Shrug It Off","floor":35},{"not_picked":["Rage+1","Anger+1"],"picked":"Evolve+1","floor":37},{"not_picked":["Iron Wave+1","Inflame+1","Twin Strike"],"picked":"SKIP","floor":39},{"not_picked":["Power Through+1","Thunderclap+1","Rage+1"],"picked":"SKIP","floor":41},{"not_picked":["Power Through","Anger+1","Clash"],"picked":"SKIP","floor":45},{"not_picked":["True Grit","Intimidate+1","Headbutt+1"],"picked":"SKIP","floor":46},{"not_picked":["Perfected Strike","Twin Strike","Ghostly Armor+1"],"picked":"SKIP","floor":47},{"not_picked":["Power Through+1","Armaments+1"],"picked":"True Grit+1","floor":48},{"not_picked":["Clash+1","Juggernaut","Dual Wield+1"],"picked":"SKIP","floor":54}],"player_experience":41911,"relics_obtained":[{"floor":6,"key":"Mango"},{"floor":9,"key":"Gremlin Horn"},{"floor":13,"key":"Nunchaku"},{"floor":14,"key":"Odd Mushroom"},{"floor":24,"key":"Potion Belt"},{"floor":41,"key":"Lantern"},{"floor":54,"key":"Whetstone"}],"event_choices":[{"damage_healed":0,"gold_gain":0,"player_choice":"Fought Mushrooms","damage_taken":0,"max_hp_gain":0,"max_hp_loss":0,"event_name":"Mushrooms","floor":14,"gold_loss":0},{"damage_healed":0,"gold_gain":0,"player_choice":"","damage_taken":9,"max_hp_gain":0,"max_hp_loss":0,"event_name":"Knowing Skull","floor":19,"potions_obtained":[],"gold_loss":0,"cards_obtained":[]},{"damage_healed":0,"gold_gain":0,"player_choice":"Simplicity","damage_taken":0,"max_hp_gain":0,"max_hp_loss":0,"event_name":"Back to Basics","floor":25,"gold_loss":0,"cards_upgraded":["Strike_R","Strike_R","Strike_R","Strike_R","Strike_R","Defend_R","Defend_R","Defend_R","Defend_R"]},{"damage_healed":0,"gold_gain":0,"player_choice":"Upgraded Two","damage_taken":0,"max_hp_gain":0,"max_hp_loss":0,"event_name":"Designer","floor":31,"gold_loss":40,"cards_upgraded":["Clothesline","Thunderclap"]},{"damage_healed":0,"gold_gain":0,"player_choice":"Max HP","damage_taken":0,"max_hp_gain":0,"max_hp_loss":5,"event_name":"Winding Halls","floor":36,"gold_loss":0},{"damage_healed":0,"gold_gain":0,"cards_transformed":["Iron Wave"],"player_choice":"Transformed","damage_taken":0,"max_hp_gain":0,"max_hp_loss":0,"event_name":"Transmorgrifier","floor":38,"gold_loss":0,"cards_obtained":["Dual Wield"]}],"is_beta":false,"boss_relics":[{"not_picked":["Orrery","Lizard Tail"],"picked":"Ectoplasm"},{"not_picked":["White Beast Statue","Sozu"],"picked":"Cursed Key"}],"items_purged_floors":[],"is_endless":false,"potions_floor_spawned":[5,8,13,14,20,28,30,33,45,46,48],"ascension_level":0}