{"gold_per_floor":[111,111,58,58,73,104,104,104,156,171,136,153,187,207,207,305,305,322,322,199,298,309,309,309],"floor_reached":24,"playtime":1125,"items_purged":["Feel No Pain"],"score":265,"play_id":"be8a9930-6a42-43fe-b556-b346a72c5030","local_time":"20190313113814","is_ascension_mode":true,"campfire_choices":[{"floor":7,"key":"DIG"},{"floor":15,"key":"REST"},{"floor":23,"key":"REST"}],"neow_cost":"TEN_PERCENT_HP_LOSS","seed_source_timestamp":814823928190867,"circlet_count":0,"master_deck":["Strike_R","Strike_R","Strike_R","Strike_R","Defend_R","Defend_R","Defend_R","Defend_R","Bash+1","Flex","Heavy Blade","Shrug It Off","Shrug It Off","Spot Weakness","Heavy Blade","Demon Form","Pommel Strike+1"],"relics":["Burning Blood","Shovel","Self Forming Clay","Gremlin Horn","Strawberry","Bronze Scales","Philosopher\u0027s Stone"],"potions_floor_usage":[6,16,16,19,24,24],"damage_taken":[{"damage":7,"enemies":"Jaw Worm","floor":1,"turns":3},{"damage":10,"enemies":"2 Louse","floor":5,"turns":3},{"damage":35,"enemies":"Lagavulin","floor":6,"turns":4},{"damage":3,"enemies":"Small Slimes","floor":10,"turns":4},{"damage":5,"enemies":"Blue Slaver","floor":12,"turns":4},{"damage":26,"enemies":"Gremlin Nob","floor":13,"turns":5},{"damage":9,"enemies":"Large Slime","floor":14,"turns":4},{"damage":54,"enemies":"The Guardian","floor":16,"turns":11},{"damage":19,"enemies":"2 Thieves","floor":18,"turns":4},{"damage":28,"enemies":"Colosseum Slavers","floor":19,"turns":4},{"damage":19,"enemies":"3 Byrds","floor":22,"turns":3},{"damage":50,"enemies":"Slavers","floor":24,"turns":4}],"seed_played":"6221220158927961297","potions_obtained":[{"floor":1,"key":"Energy Potion"},{"floor":12,"key":"LiquidBronze"},{"floor":14,"key":"Dexterity Potion"},{"floor":18,"key":"Fire Potion"},{"floor":22,"key":"BloodPotion"}],"is_trial":false,"path_per_floor":["M","?","$","?","M","E","R","?","T","M","?","M","E","M","R","B",null,"M","?","$","?","M","R","E"],"character_chosen":"IRONCLAD","items_purchased":["Flex","SteroidPotion"],"campfire_rested":2,"item_purchase_floors":[3,20],"current_hp_per_floor":[71,71,71,64,60,31,31,31,38,41,60,61,41,38,61,13,63,50,28,28,28,15,38,0],"gold":309,"neow_bonus":"ONE_RARE_RELIC","is_prod":false,"is_daily":false,"chose_seed":false,"campfire_upgraded":0,"win_rate":0,"timestamp":1552491494,"path_taken":["M","?","$","?","M","E","R","?","T","M","?","?","E","M","R","BOSS","M","?","$","?","M","R","E"],"build_version":"2019-01-23","purchased_purges":1,"victory":false,"max_hp_per_floor":[72,72,72,72,72,72,72,72,79,79,79,79,79,79,79,79,79,79,79,79,79,79,79,79],"card_choices":[{"not_picked":["Intimidate","Bloodletting"],"picked":"Feel No Pain","floor":1},{"not_picked":["Seeing Red","Clothesline"],"picked":"Heavy Blade","floor":5},{"not_picked":["Warcry","Armaments"],"picked":"Shrug It Off","floor":6},{"not_picked":["Cleave","Clash","Body Slam"],"picked":"SKIP","floor":10},{"not_picked":["Clothesline","Dropkick"],"picked":"Shrug It Off","floor":12},{"not_picked":["Body Slam","Carnage"],"picked":"Spot Weakness","floor":13},{"not_picked":["Blood for Blood","Twin Strike"],"picked":"Heavy Blade","floor":14},{"not_picked":["Fiend Fire","Dark Embrace"],"picked":"Demon Form","floor":16},{"not_picked":["Shrug It Off","Sword Boomerang","Havoc"],"picked":"SKIP","floor":18},{"not_picked":["Headbutt","Perfected Strike"],"picked":"Pommel Strike+1","floor":22}],"player_experience":160811,"relics_obtained":[{"floor":6,"key":"Self Forming Clay"},{"floor":7,"key":"Gremlin Horn"},{"floor":9,"key":"Strawberry"},{"floor":13,"key":"Bronze Scales"}],"event_choices":[{"damage_healed":0,"gold_gain":0,"player_choice":"Grow","damage_taken":0,"max_hp_gain":0,"max_hp_loss":0,"event_name":"Living Wall","floor":2,"gold_loss":0,"cards_upgraded":["Bash"]},{"cards_removed":["Strike_R"],"damage_healed":0,"gold_gain":0,"player_choice":"Card Removal","damage_taken":7,"max_hp_gain":0,"max_hp_loss":0,"event_name":"Golden Wing","floor":4,"gold_loss":0},{"damage_healed":0,"gold_gain":0,"player_choice":"Ignored","damage_taken":0,"max_hp_gain":0,"max_hp_loss":0,"event_name":"Liars Game","floor":8,"gold_loss":0},{"damage_healed":19,"gold_gain":0,"player_choice":"Healed","damage_taken":0,"max_hp_gain":0,"max_hp_loss":0,"event_name":"The Cleric","floor":11,"gold_loss":35},{"damage_healed":0,"gold_gain":0,"player_choice":"Fight","damage_taken":0,"max_hp_gain":0,"max_hp_loss":0,"event_name":"Colosseum","floor":19,"gold_loss":0},{"damage_healed":0,"gold_gain":0,"player_choice":"Fled From Nobs","damage_taken":0,"max_hp_gain":0,"max_hp_loss":0,"event_name":"Colosseum","floor":19,"gold_loss":0},{"damage_healed":0,"gold_gain":99,"player_choice":"Stole From Cult","damage_taken":0,"max_hp_gain":0,"max_hp_loss":0,"event_name":"Nest","floor":21,"gold_loss":0}],"is_beta":false,"boss_relics":[{"not_picked":["Black Blood","Runic Pyramid"],"picked":"Philosopher\u0027s Stone"}],"items_purged_floors":[20],"is_endless":false,"potions_floor_spawned":[1,12,14,18,22],"killed_by":"Slavers","ascension_level":6}