{"gold_per_floor":[118,29,29,48,58,58,77,106,130,130,149,159,159,171,171,171],"floor_reached":16,"playtime":1901,"items_purged":[],"score":203,"play_id":"4de67f91-c819-4da5-9d1d-a8be88641971","local_time":"20190108203130","is_ascension_mode":true,"campfire_choices":[{"data":"Corruption","floor":6.0,"key":"SMITH"},{"data":"Armaments","floor":10.0,"key":"SMITH"},{"data":"Warcry","floor":13.0,"key":"SMITH"},{"floor":15.0,"key":"REST"}],"neow_cost":"CURSE","seed_source_timestamp":159482158489661,"circlet_count":0,"master_deck":["AscendersBane","Strike_R","Strike_R","Strike_R","Defend_R","Defend_R","Defend_R","Defend_R","Bash","Writhe","Corruption+1","Warcry+1","Sentinel","Feel No Pain","Iron Wave","Armaments+1","Iron Wave","Brutality","Flex","Rage","Iron Wave"],"special_seed":0,"relics":["Burning Blood","Juzu Bracelet","Orichalcum"],"potions_floor_usage":[16],"damage_taken":[{"damage":10.0,"enemies":"2 Louse","floor":1.0,"turns":5.0},{"damage":8.0,"enemies":"Cultist","floor":4.0,"turns":5.0},{"damage":14.0,"enemies":"Small Slimes","floor":5.0,"turns":5.0},{"damage":8.0,"enemies":"2 Fungi Beasts","floor":7.0,"turns":5.0},{"damage":17.0,"enemies":"Gremlin Nob","floor":8.0,"turns":4.0},{"damage":2.0,"enemies":"Looter","floor":11.0,"turns":4.0},{"damage":5.0,"enemies":"Blue Slaver","floor":12.0,"turns":5.0},{"damage":5.0,"enemies":"Large Slime","floor":14.0,"turns":7.0},{"damage":49,"enemies":"Slime Boss","floor":16,"turns":8}],"seed_played":"-3088880142319360639","potions_obtained":[{"floor":3.0,"key":"AttackPotion"},{"floor":3.0,"key":"FearPotion"},{"floor":7.0,"key":"Strength Potion"},{"floor":11.0,"key":"Fire Potion"},{"floor":12.0,"key":"FearPotion"},{"floor":14.0,"key":"FearPotion"}],"is_trial":false,"path_per_floor":["M","$","?","M","M","R","M","E","T","R","M","M","R","M","R","B"],"character_chosen":"IRONCLAD","items_purchased":["Feel No Pain"],"campfire_rested":1,"item_purchase_floors":[2],"current_hp_per_floor":[64,64,64,62,54,54,52,41,41,41,45,46,46,47,69,20],"gold":171,"neow_bonus":"TRANSFORM_TWO_CARDS","is_prod":false,"is_daily":false,"chose_seed":false,"campfire_upgraded":3,"win_rate":0,"timestamp":1546997490,"path_taken":["M","$","?","M","?","R","M","E","T","R","M","M","R","M","R","BOSS"],"build_version":"2019-01-03v4","purchased_purges":0,"victory":false,"max_hp_per_floor":[75,75,75,75,75,75,75,75,75,75,75,75,75,75,75,75],"card_choices":[{"not_picked":["Pummel","Havoc"],"picked":"Sentinel","floor":1.0},{"not_picked":["Cleave","Wild Strike"],"picked":"Iron Wave","floor":4.0},{"not_picked":["Cleave","Heavy Blade"],"picked":"Armaments","floor":5.0},{"not_picked":["Cleave","Clash"],"picked":"Iron Wave","floor":7.0},{"not_picked":["Wild Strike","Twin Strike"],"picked":"Brutality","floor":8.0},{"not_picked":["Clash","Wild Strike"],"picked":"Flex","floor":11.0},{"not_picked":["Warcry","Perfected Strike"],"picked":"Rage","floor":12.0},{"not_picked":["Sever Soul","Heavy Blade"],"picked":"Iron Wave","floor":14.0}],"player_experience":2842856,"relics_obtained":[{"floor":8.0,"key":"Juzu Bracelet"},{"floor":9.0,"key":"Orichalcum"}],"event_choices":[{"damage_healed":0.0,"max_hp_gain":0.0,"max_hp_loss":0.0,"gold_gain":0.0,"event_name":"Lab","player_choice":"Got Potions","floor":3.0,"gold_loss":0.0,"damage_taken":0.0}],"is_beta":false,"boss_relics":[],"items_purged_floors":[],"is_endless":false,"potions_floor_spawned":[7,11,12,14],"killed_by":"Slime Boss","ascension_level":19}