{"gold_per_floor":[115,115,129,146,162,188,188,202,202,256,272,547,17,52,52,52],"floor_reached":16,"playtime":2528,"items_purged":["Regret"],"score":224,"play_id":"3d85b17c-6a47-485a-a8ca-95361a910d7f","local_time":"20190201164017","is_ascension_mode":true,"campfire_choices":[{"floor":7.0,"key":"REST"},{"floor":15,"key":"REST"}],"neow_cost":"NONE","seed_source_timestamp":362610969353355,"circlet_count":0,"master_deck":["AscendersBane","Defend_G","Defend_G","Defend_G","Defend_G","Defend_G","Strike_G","Strike_G","Strike_G","Strike_G","Survivor","Neutralize","Flying Knee","Bouncing Flask","Cloak And Dagger","Poisoned Stab","Predator","Deflect","Glass Knife","Well Laid Plans","Die Die Die","Escape Plan+1"],"special_seed":0,"relics":["Ring of the Snake","NeowsBlessing","Strawberry","Ninja Scroll","Toxic Egg 2","Juzu Bracelet"],"potions_floor_usage":[14,16],"damage_taken":[{"damage":0.0,"enemies":"Small Slimes","floor":1.0,"turns":1.0},{"damage":0.0,"enemies":"Cultist","floor":3.0,"turns":1.0},{"damage":0.0,"enemies":"2 Louse","floor":4.0,"turns":1.0},{"damage":3.0,"enemies":"2 Fungi Beasts","floor":5.0,"turns":4.0},{"damage":29.0,"enemies":"Gremlin Nob","floor":6.0,"turns":4.0},{"damage":9.0,"enemies":"Exordium Thugs","floor":8.0,"turns":3.0},{"damage":17.0,"enemies":"Large Slime","floor":11.0,"turns":5.0},{"damage":21,"enemies":"Lagavulin","floor":14,"turns":5},{"damage":43,"enemies":"The Guardian","floor":16,"turns":9}],"seed_played":"8782948694241924047","potions_obtained":[{"floor":1.0,"key":"Weak Potion"},{"floor":5.0,"key":"LiquidBronze"},{"floor":6.0,"key":"PowerPotion"},{"floor":11.0,"key":"FairyPotion"},{"floor":14,"key":"Energy Potion"}],"is_trial":false,"path_per_floor":["M","?","M","M","M","E","R","M","T","?","M","?","$","E","R","B"],"character_chosen":"THE_SILENT","items_purchased":["Toxic Egg 2","Die Die Die"],"campfire_rested":2,"item_purchase_floors":[13,13],"current_hp_per_floor":[59,59,59,59,56,34,55,46,46,46,29,29,29,8,29,0],"gold":52,"neow_bonus":"THREE_ENEMY_KILL","is_prod":false,"is_daily":false,"chose_seed":false,"campfire_upgraded":0,"win_rate":0,"timestamp":1549057217,"path_taken":["M","?","M","?","?","E","R","M","T","?","M","?","$","E","R","BOSS"],"build_version":"2019-01-23","purchased_purges":1,"victory":false,"max_hp_per_floor":[66,66,66,66,66,73,73,73,73,73,73,73,73,73,73,73],"card_choices":[{"not_picked":["Flechettes","Underhanded Strike"],"picked":"Flying Knee","floor":1.0},{"not_picked":["Bane","Deflect"],"picked":"Cloak And Dagger","floor":3.0},{"not_picked":["Outmaneuver","Prepared"],"picked":"Poisoned Stab","floor":4.0},{"not_picked":["Dodge and Roll","Outmaneuver"],"picked":"Predator","floor":5.0},{"not_picked":["Dodge and Roll","Quick Slash"],"picked":"Deflect","floor":6.0},{"not_picked":["Dagger Spray","Underhanded Strike"],"picked":"Glass Knife","floor":8.0},{"not_picked":["Blade Dance","Dagger Spray"],"picked":"Well Laid Plans","floor":11.0},{"not_picked":["Accuracy","Heel Hook"],"picked":"Escape Plan+1","floor":14}],"player_experience":3157539,"relics_obtained":[{"floor":6.0,"key":"Strawberry"},{"floor":9.0,"key":"Ninja Scroll"},{"floor":14,"key":"Juzu Bracelet"}],"event_choices":[{"damage_healed":0.0,"max_hp_gain":0.0,"max_hp_loss":0.0,"gold_gain":0.0,"cards_transformed":["Strike_G"],"event_name":"Transmorgrifier","player_choice":"Transformed","floor":2.0,"gold_loss":0.0,"damage_taken":0.0,"cards_obtained":["Bouncing Flask"]},{"damage_healed":0.0,"max_hp_gain":0.0,"max_hp_loss":0.0,"gold_gain":54.0,"event_name":"Golden Wing","player_choice":"Gained Gold","floor":10.0,"gold_loss":0.0,"damage_taken":0.0},{"damage_healed":0.0,"max_hp_gain":0.0,"max_hp_loss":0.0,"gold_gain":275.0,"event_name":"Golden Shrine","player_choice":"Desecrate","floor":12.0,"gold_loss":0.0,"damage_taken":0.0,"cards_obtained":["Regret"]}],"is_beta":false,"boss_relics":[],"items_purged_floors":[13],"is_endless":false,"potions_floor_spawned":[1,5,6,11,14],"killed_by":"The Guardian","ascension_level":20}