{"gold_per_floor":[109,128,303,228,228,228,228,228,251,264,281,301,319,319,319,319],"floor_reached":16,"playtime":341,"items_purged":["Doubt"],"score":92,"play_id":"981ccf7f-1892-4cab-a0ac-971894e18846","local_time":"20190322235720","is_ascension_mode":false,"campfire_choices":[{"data":"Bash","floor":6,"key":"SMITH"},{"data":"Heavy Blade","floor":8,"key":"SMITH"},{"data":"Seeing Red","floor":15,"key":"SMITH"}],"neow_cost":"PERCENT_DAMAGE","seed_source_timestamp":25693232560450,"circlet_count":0,"master_deck":["Strike_R","Strike_R","Strike_R","Strike_R","Defend_R","Defend_R","Defend_R","Bash+1","Heavy Blade+1","Seeing Red+1"],"relics":["Burning Blood","Omamori","Potion Belt","Singing Bowl"],"potions_floor_usage":[11,16],"damage_taken":[{"damage":5,"enemies":"Jaw Worm","floor":1,"turns":4},{"damage":7,"enemies":"Small Slimes","floor":2,"turns":5},{"damage":1,"enemies":"Cultist","floor":10,"turns":4},{"damage":20,"enemies":"Gremlin Gang","floor":11,"turns":5},{"damage":4,"enemies":"Exordium Wildlife","floor":12,"turns":4},{"damage":28,"enemies":"Large Slime","floor":13,"turns":6},{"damage":27,"enemies":"Slime Boss","floor":16,"turns":4}],"seed_played":"-5752649625191589981","potions_obtained":[{"floor":10,"key":"FearPotion"},{"floor":11,"key":"Strength Potion"}],"is_trial":false,"path_per_floor":["M","M","?","$","?","R","?","R","T","M","M","M","M","T","R","B"],"character_chosen":"IRONCLAD","items_purchased":[],"campfire_rested":0,"item_purchase_floors":[],"current_hp_per_floor":[57,56,56,56,53,53,53,53,53,58,44,46,24,24,24,0],"gold":319,"neow_bonus":"REMOVE_TWO","is_prod":false,"is_daily":false,"chose_seed":false,"campfire_upgraded":3,"win_rate":0,"timestamp":1553320640,"path_taken":["M","M","?","$","?","R","?","R","T","?","?","M","M","?","R","BOSS"],"build_version":"2019-01-23","purchased_purges":1,"victory":false,"max_hp_per_floor":[80,80,80,80,80,80,80,80,80,80,80,80,80,80,80,80],"card_choices":[{"not_picked":["Warcry","Bloodletting"],"picked":"Heavy Blade","floor":1},{"not_picked":["Iron Wave","Reckless Charge","Seeing Red"],"picked":"SKIP","floor":2},{"not_picked":["Cleave","Bloodletting","Wild Strike"],"picked":"SKIP","floor":10},{"not_picked":["Pommel Strike","Body Slam","Dropkick"],"picked":"SKIP","floor":11},{"not_picked":["Body Slam","Sword Boomerang","Feel No Pain"],"picked":"SKIP","floor":12},{"not_picked":["Reckless Charge","Sword Boomerang"],"picked":"Seeing Red","floor":13}],"player_experience":1123874,"relics_obtained":[{"floor":9,"key":"Potion Belt"},{"floor":14,"key":"Singing Bowl"}],"event_choices":[{"damage_healed":0,"gold_gain":175,"player_choice":"AGREE","damage_taken":0,"max_hp_gain":0,"max_hp_loss":0,"event_name":"Liars Game","floor":3,"gold_loss":0,"cards_obtained":["Doubt"]},{"damage_healed":0,"gold_gain":0,"player_choice":"Success","damage_taken":3,"relics_obtained":["Omamori"],"max_hp_gain":0,"max_hp_loss":0,"event_name":"Scrap Ooze","floor":5,"gold_loss":0},{"damage_healed":0,"gold_gain":0,"player_choice":"Ignored","damage_taken":0,"max_hp_gain":0,"max_hp_loss":0,"event_name":"NoteForYourself","floor":7,"gold_loss":0}],"is_beta":false,"boss_relics":[],"items_purged_floors":[4],"is_endless":false,"potions_floor_spawned":[10,11],"killed_by":"Slime Boss","ascension_level":0}