{"gold_per_floor":[118,128,32,32,52,80,80,4,4,19,94,111,111,121,121,121],"floor_reached":16,"playtime":898,"items_purged":[],"score":102,"play_id":"d47f7dbd-22d9-40dc-bb75-730798d0f669","local_time":"20190318123748","is_ascension_mode":false,"campfire_choices":[{"floor":7,"key":"REST"},{"floor":15,"key":"REST"}],"neow_cost":"NONE","seed_source_timestamp":906433606157216,"circlet_count":0,"master_deck":["Strike_B","Strike_B","Strike_B","Strike_B","Defend_B","Defend_B","Defend_B","Defend_B","Zap","Dualcast","Conserve Battery","Defragment+1","Hologram","Self Repair","Capacitor","Conserve Battery+1"],"relics":["Cracked Core","Singing Bowl","Toxic Egg 2","Sundial"],"potions_floor_usage":[6,10,16],"damage_taken":[{"damage":1,"enemies":"Jaw Worm","floor":1,"turns":3},{"damage":4,"enemies":"2 Louse","floor":2,"turns":4},{"damage":1,"enemies":"Small Slimes","floor":5,"turns":3},{"damage":25,"enemies":"3 Sentries","floor":6,"turns":9},{"damage":29,"enemies":"Exordium Thugs","floor":10,"turns":5},{"damage":14,"enemies":"Blue Slaver","floor":12,"turns":5},{"damage":6,"enemies":"Exordium Wildlife","floor":14,"turns":3},{"damage":48,"enemies":"Hexaghost","floor":16,"turns":12}],"seed_played":"1084547078966861830","potions_obtained":[{"floor":1,"key":"Explosive Potion"},{"floor":5,"key":"SkillPotion"},{"floor":10,"key":"EssenceOfSteel"},{"floor":14,"key":"SpeedPotion"}],"is_trial":false,"path_per_floor":["M","M","$","?","M","E","R","$","T","M","?","M","?","M","R","B"],"character_chosen":"DEFECT","items_purchased":["Conserve Battery","Defragment","Capacitor"],"campfire_rested":2,"item_purchase_floors":[3,3,8],"current_hp_per_floor":[81,77,77,65,64,39,63,63,63,43,32,25,25,21,46,0],"gold":121,"neow_bonus":"TEN_PERCENT_HP_BONUS","is_prod":false,"is_daily":false,"chose_seed":false,"campfire_upgraded":0,"win_rate":0.0,"timestamp":1552927068,"path_taken":["M","M","$","?","M","E","R","$","T","M","?","M","?","?","R","BOSS"],"build_version":"2019-01-23","purchased_purges":0,"victory":false,"max_hp_per_floor":[82,82,82,82,82,82,82,82,82,84,84,84,84,86,86,86],"card_choices":[{"not_picked":["Rip and Tear","Tempest","Sweeping Beam"],"picked":"SKIP","floor":1},{"not_picked":["Rebound","Steam Power","Streamline"],"picked":"SKIP","floor":2},{"not_picked":["Chaos","Aggregate"],"picked":"Hologram","floor":5},{"not_picked":["Skim","Stack"],"picked":"Self Repair","floor":6},{"not_picked":["Compile Driver","Sweeping Beam","Static Discharge"],"picked":"Singing Bowl","floor":10},{"not_picked":["Streamline","Leap+1"],"picked":"Conserve Battery+1","floor":12},{"not_picked":["Hologram+1","Capacitor","Self Repair"],"picked":"Singing Bowl","floor":14}],"player_experience":238722,"relics_obtained":[{"floor":6,"key":"Toxic Egg 2"},{"floor":9,"key":"Sundial"}],"event_choices":[{"damage_healed":0,"gold_gain":0,"player_choice":"Success","damage_taken":12,"relics_obtained":["Singing Bowl"],"max_hp_gain":0,"max_hp_loss":0,"event_name":"Scrap Ooze","floor":4,"gold_loss":0},{"damage_healed":0,"gold_gain":75,"player_choice":"Gather Gold","damage_taken":11,"max_hp_gain":0,"max_hp_loss":0,"event_name":"World of Goop","floor":11,"gold_loss":0},{"damage_healed":0,"gold_gain":0,"player_choice":"Upgraded","damage_taken":0,"max_hp_gain":0,"max_hp_loss":0,"event_name":"Upgrade Shrine","floor":13,"gold_loss":0,"cards_upgraded":["Defragment"]}],"is_beta":false,"boss_relics":[],"items_purged_floors":[],"is_endless":false,"potions_floor_spawned":[1,5,10,14],"killed_by":"Hexaghost","ascension_level":0}