{"gold_per_floor":[116,116,116,18,36,36,53,71,94,94,104,139,149,169,169,268,268,283,32,32,32,49,79,79,112,112,126,126,26,38,68,68,68],"floor_reached":33,"playtime":1616,"items_purged":["Decay","Strike_R"],"score":430,"play_id":"3e23f0b2-ec26-47f9-84be-4963e91b2b67","local_time":"20190319120604","is_ascension_mode":true,"campfire_choices":[{"data":"Twin Strike","floor":6.0,"key":"SMITH"},{"data":"Carnage","floor":10.0,"key":"SMITH"},{"data":"Corruption","floor":15.0,"key":"SMITH"},{"data":"Cleave","floor":24.0,"key":"SMITH"},{"data":"Fiend Fire","floor":28,"key":"SMITH"},{"floor":32,"key":"REST"}],"neow_cost":"NONE","seed_source_timestamp":0,"circlet_count":0,"master_deck":["Strike_R","Strike_R","Strike_R","Strike_R","Defend_R","Defend_R","Defend_R","Defend_R","Bash+1","Twin Strike+1","Shrug It Off","Anger","Carnage+1","Disarm","Cleave+1","Battle Trance","Corruption+1","Fiend Fire+1","Headbutt+1","Armaments+1","True Grit+1","Immolate"],"special_seed":0,"relics":["Burning Blood","NeowsBlessing","Vajra","Mark of Pain","Shuriken","Nloth\u0027s Gift","Oddly Smooth Stone","Letter Opener","Pantograph","Bottled Lightning"],"potions_floor_usage":[31,31,33],"damage_taken":[{"damage":0.0,"enemies":"2 Louse","floor":1.0,"turns":1.0},{"damage":0.0,"enemies":"Cultist","floor":5.0,"turns":1.0},{"damage":0.0,"enemies":"Jaw Worm","floor":7.0,"turns":1.0},{"damage":1.0,"enemies":"Gremlin Gang","floor":8.0,"turns":3.0},{"damage":2.0,"enemies":"3 Louse","floor":11.0,"turns":3.0},{"damage":28.0,"enemies":"Lagavulin","floor":12.0,"turns":5.0},{"damage":7.0,"enemies":"2 Fungi Beasts","floor":13.0,"turns":3.0},{"damage":0.0,"enemies":"Blue Slaver","floor":14.0,"turns":2.0},{"damage":38.0,"enemies":"The Guardian","floor":16.0,"turns":8.0},{"damage":14.0,"enemies":"3 Byrds","floor":18.0,"turns":3.0},{"damage":10.0,"enemies":"2 Thieves","floor":22.0,"turns":3.0},{"damage":1.0,"enemies":"Gremlin Leader","floor":23.0,"turns":4.0},{"damage":26.0,"enemies":"Slavers","floor":25.0,"turns":5.0},{"damage":3,"enemies":"3 Cultists","floor":27,"turns":5},{"damage":18,"enemies":"Cultist and Chosen","floor":30,"turns":5},{"damage":29,"enemies":"Book of Stabbing","floor":31,"turns":4},{"damage":79,"enemies":"Automaton","floor":33,"turns":8}],"seed_played":"-6895211290015250136","potions_obtained":[{"floor":7.0,"key":"Fire Potion"},{"floor":13.0,"key":"Block Potion"},{"floor":14.0,"key":"Block Potion"},{"floor":18.0,"key":"Explosive Potion"},{"floor":23.0,"key":"SpeedPotion"},{"floor":27,"key":"Poison Potion"},{"floor":30,"key":"PowerPotion"}],"is_trial":false,"path_per_floor":["M","?","?","$","M","R","M","M","T","R","M","E","M","M","R","B",null,"M","$","?","?","M","E","R","E","T","M","R","$","M","E","R","B"],"character_chosen":"IRONCLAD","items_purchased":["Shrug It Off","Shuriken"],"campfire_rested":1,"item_purchase_floors":[4,19],"current_hp_per_floor":[78,78,78,78,80,80,80,80,80,80,80,58,57,63,63,31,68,60,60,80,80,76,80,80,60,60,63,63,63,51,28,52,0],"gold":68,"neow_bonus":"THREE_ENEMY_KILL","is_prod":false,"is_daily":false,"chose_seed":false,"campfire_upgraded":5,"win_rate":0,"timestamp":1553011564,"path_taken":["M","?","?","$","?","R","M","?","T","R","M","E","M","M","R","BOSS","M","$","?","?","M","E","R","E","T","M","R","$","?","E","R","BOSS"],"build_version":"2019-01-23","purchased_purges":2,"victory":false,"max_hp_per_floor":[80,80,80,80,80,80,80,80,80,80,80,80,80,80,80,80,80,80,80,80,80,80,80,80,80,80,80,80,80,80,80,80,80],"card_choices":[{"not_picked":["Reckless Charge","Battle Trance"],"picked":"Twin Strike","floor":1.0},{"not_picked":["Flex","Feel No Pain","Hemokinesis"],"picked":"SKIP","floor":5.0},{"not_picked":["Clothesline","Heavy Blade"],"picked":"Anger","floor":7.0},{"not_picked":["Metallicize","Rupture"],"picked":"Carnage","floor":8.0},{"not_picked":["Rampage","Fire Breathing"],"picked":"Disarm","floor":11.0},{"not_picked":["Clothesline","Warcry"],"picked":"Cleave","floor":12.0},{"not_picked":["Heavy Blade","Bloodletting"],"picked":"Battle Trance","floor":13.0},{"not_picked":["Twin Strike","Rage"],"picked":"Corruption","floor":14.0},{"not_picked":["Feed","Brutality"],"picked":"Fiend Fire","floor":16.0},{"not_picked":["Havoc+1","Clothesline"],"picked":"Headbutt+1","floor":18.0},{"not_picked":["Clash","Limit Break","Warcry+1"],"picked":"SKIP","floor":22.0},{"not_picked":["Iron Wave+1","Flex"],"picked":"Armaments+1","floor":23.0},{"not_picked":["Wild Strike+1","Seeing Red","Feed"],"picked":"SKIP","floor":25.0},{"not_picked":["Iron Wave","Pommel Strike"],"picked":"True Grit+1","floor":27},{"not_picked":["Havoc+1","Sword Boomerang+1","Iron Wave"],"picked":"SKIP","floor":30},{"not_picked":["Perfected Strike","Feel No Pain"],"picked":"Immolate","floor":31}],"player_experience":240717,"relics_obtained":[{"floor":9.0,"key":"Bronze Scales"},{"floor":12.0,"key":"Vajra"},{"floor":23.0,"key":"Oddly Smooth Stone"},{"floor":25.0,"key":"Letter Opener"},{"floor":26.0,"key":"Pantograph"},{"floor":31,"key":"Bottled Lightning"}],"event_choices":[{"damage_healed":0.0,"max_hp_gain":0.0,"max_hp_loss":0.0,"gold_gain":0.0,"event_name":"Living Wall","player_choice":"Grow","floor":2.0,"gold_loss":0.0,"damage_taken":0.0,"cards_upgraded":["Bash"]},{"damage_healed":0.0,"max_hp_gain":0.0,"max_hp_loss":0.0,"gold_gain":0.0,"event_name":"Wheel of Change","player_choice":"Cursed","floor":3.0,"gold_loss":0.0,"damage_taken":0.0,"cards_obtained":["Decay"]},{"damage_healed":26.0,"max_hp_gain":0.0,"max_hp_loss":0.0,"gold_gain":0.0,"event_name":"The Library","player_choice":"Heal","floor":20.0,"gold_loss":0.0,"damage_taken":0.0},{"damage_healed":0.0,"max_hp_gain":0.0,"max_hp_loss":0.0,"gold_gain":0.0,"event_name":"N\u0027loth","player_choice":"Traded Relic","floor":21.0,"relics_lost":["Bronze Scales"],"gold_loss":0.0,"damage_taken":0.0,"relics_obtained":["Nloth\u0027s Gift"]}],"is_beta":false,"boss_relics":[{"not_picked":["Black Star","Tiny House"],"picked":"Mark of Pain"}],"items_purged_floors":[4,29],"is_endless":false,"potions_floor_spawned":[7,13,14,18,23,27,30],"killed_by":"Automaton","ascension_level":8}