{"gold_per_floor":[119,39,39,119,119,119,146,146,146,146,162,173,3,15,15,86,86,96,11,11,31,48,48,76,76,103,103,103],"floor_reached":28,"playtime":2797,"items_purged":[],"score":456,"play_id":"92293b3a-7091-4f72-afec-cdf8338fb35c","local_time":"20190117223432","is_ascension_mode":true,"campfire_choices":[{"data":"Malaise","floor":6.0,"key":"SMITH"},{"floor":8.0,"key":"REST"},{"data":"Catalyst","floor":10.0,"key":"SMITH"},{"data":"Footwork","floor":15.0,"key":"SMITH"},{"floor":23,"key":"REST"},{"floor":25,"key":"REST"}],"neow_cost":"PERCENT_DAMAGE","seed_source_timestamp":314496767296580,"circlet_count":0,"master_deck":["AscendersBane","Defend_G","Defend_G+1","Defend_G","Defend_G","Defend_G","Strike_G","Strike_G","Strike_G","Strike_G","Survivor","Neutralize","Backstab","All Out Attack","Malaise+1","Catalyst+1","Bane","Deadly Poison+1","Footwork+1","Blur","Dagger Spray","Venomology","Backflip","Noxious Fumes","PiercingWail","Footwork"],"special_seed":0,"relics":["Ring of the Snake","Oddly Smooth Stone","Pantograph","Velvet Choker","Nloth\u0027s Gift","Mango","War Paint","Vajra"],"potions_floor_usage":[16,21,22,22,24,24],"damage_taken":[{"damage":2.0,"enemies":"Jaw Worm","floor":1.0,"turns":6.0},{"damage":25.0,"enemies":"3 Sentries","floor":7.0,"turns":10.0},{"damage":0.0,"enemies":"2 Louse","floor":11.0,"turns":3.0},{"damage":0.0,"enemies":"Small Slimes","floor":12.0,"turns":1.0},{"damage":0.0,"enemies":"Blue Slaver","floor":14.0,"turns":6.0},{"damage":34,"enemies":"Hexaghost","floor":16,"turns":15},{"damage":7,"enemies":"Shell Parasite","floor":18,"turns":7},{"damage":16,"enemies":"2 Thieves","floor":21,"turns":3},{"damage":7,"enemies":"Snecko","floor":22,"turns":6},{"damage":41,"enemies":"Gremlin Leader","floor":24,"turns":8},{"damage":45,"enemies":"Shelled Parasite and Fungi","floor":28,"turns":3}],"seed_played":"2117016478070825342","potions_obtained":[{"floor":1.0,"key":"Swift Potion"},{"floor":11.0,"key":"SteroidPotion"},{"floor":12.0,"key":"Swift Potion"},{"floor":18,"key":"Fire Potion"}],"is_trial":false,"path_per_floor":["M","$","?","?","?","R","E","R","T","R","M","M","$","M","R","B",null,"M","$","?","M","M","R","E","R","T","T","M"],"character_chosen":"THE_SILENT","items_purchased":["All Out Attack","Footwork","Blur","Noxious Fumes"],"campfire_rested":3,"item_purchase_floors":[2,13,13,19],"current_hp_per_floor":[42,42,42,42,42,42,17,36,36,36,36,36,36,36,36,27,56,49,49,49,33,26,45,18,42,42,42,0],"gold":103,"neow_bonus":"ONE_RARE_RELIC","is_prod":false,"is_daily":false,"chose_seed":false,"campfire_upgraded":3,"win_rate":0,"timestamp":1547782472,"path_taken":["M","$","?","?","?","R","E","R","T","R","M","?","$","M","R","BOSS","M","$","?","M","?","R","E","R","T","?","M"],"build_version":"2019-01-17","purchased_purges":0,"victory":false,"max_hp_per_floor":[66,66,66,66,66,66,66,66,66,66,66,66,66,66,66,66,66,66,66,66,66,66,66,80,80,80,80,80],"card_choices":[{"not_picked":["Escape Plan","Flechettes"],"picked":"Backstab","floor":1.0},{"not_picked":["Flying Knee","Prepared"],"picked":"Catalyst","floor":7.0},{"not_picked":["Dagger Throw","Finisher"],"picked":"Bane","floor":11.0},{"not_picked":["Dagger Throw","Flying Knee"],"picked":"Deadly Poison","floor":12.0},{"not_picked":["Finisher","Blade Dance"],"picked":"Dagger Spray","floor":14.0},{"not_picked":["Grand Finale","After Image"],"picked":"Venomology","floor":16},{"not_picked":["Endless Agony","Quick Slash"],"picked":"Backflip","floor":18},{"not_picked":["Escape Plan","Footwork+1"],"picked":"PiercingWail","floor":21},{"not_picked":["Accuracy+1","Infinite Blades+1"],"picked":"Footwork","floor":22},{"not_picked":["Infinite Blades","Reflex","Blade Dance"],"picked":"SKIP","floor":24}],"player_experience":2954317,"relics_obtained":[{"floor":7.0,"key":"Oddly Smooth Stone"},{"floor":9.0,"key":"Pantograph"},{"floor":24,"key":"Mango"},{"floor":26,"key":"War Paint"},{"floor":27,"key":"Vajra"}],"event_choices":[{"damage_healed":0.0,"max_hp_gain":0.0,"max_hp_loss":0.0,"gold_gain":0.0,"cards_transformed":["Strike_G"],"event_name":"Living Wall","player_choice":"Change","floor":3.0,"gold_loss":0.0,"damage_taken":0.0,"cards_obtained":["Malaise"]},{"damage_healed":0.0,"max_hp_gain":0.0,"max_hp_loss":0.0,"gold_gain":80.0,"event_name":"Golden Wing","player_choice":"Gained Gold","floor":4.0,"gold_loss":0.0,"damage_taken":0.0},{"damage_healed":0.0,"max_hp_gain":0.0,"max_hp_loss":0.0,"gold_gain":0.0,"event_name":"Liars Game","player_choice":"Ignored","floor":5.0,"gold_loss":0.0,"damage_taken":0.0},{"damage_healed":0,"gold_gain":0,"player_choice":"Traded Relic","damage_taken":0,"relics_obtained":["Nloth\u0027s Gift"],"max_hp_gain":0,"max_hp_loss":0,"event_name":"N\u0027loth","floor":20,"relics_lost":["Nunchaku"],"gold_loss":0}],"is_beta":false,"boss_relics":[{"not_picked":["Busted Crown","Runic Dome"],"picked":"Velvet Choker"}],"items_purged_floors":[],"is_endless":false,"potions_floor_spawned":[1,11,12,18,21],"killed_by":"Shelled Parasite and Fungi","ascension_level":19}