{"gold_per_floor":[117,117,137,148,148,179,179,199,199,240,240,265,111,144,144,264,264,283,308,408,421,441,472,472,485,485,395,408,323,346,379,379,504,504,529,529,336,359,98,98,132,145,145,180,305,305],"floor_reached":46,"playtime":2994,"items_purged":["Strike_R","Limit Break"],"score":676,"play_id":"9a16a518-24ba-4732-9705-6b25ea27e726","local_time":"20190314083715","is_ascension_mode":true,"campfire_choices":[{"data":"Shockwave","floor":7.0,"key":"SMITH"},{"data":"Inflame","floor":11.0,"key":"SMITH"},{"floor":15.0,"key":"REST"},{"floor":24,"key":"REST"},{"floor":32,"key":"REST"},{"floor":40,"key":"REST"}],"neow_cost":"NONE","seed_source_timestamp":0,"circlet_count":0,"master_deck":["Bash+1","Inflame+1","Heavy Blade","Headbutt","Shockwave+1","Impervious+1","Combust","Twin Strike","True Grit+1","Power Through","Anger+1","Combust","Inflame","Cleave","Sentinel","Impervious","Limit Break","Exhume","Whirlwind","Double Tap","Flame Barrier","Ghostly Armor+1"],"special_seed":0,"relics":["Burning Blood","Red Skull","Golden Idol","Art of War","Self Forming Clay","StoneCalendar","Shuriken","Mark of Pain","Magic Flower","Girya","Smiling Mask","Red Mask","Pandora\u0027s Box","Bottled Lightning","Du-Vu Doll","Singing Bowl","Toxic Egg 2","Ginger"],"potions_floor_usage":[21,21,28,31,33,41,42],"damage_taken":[{"damage":8.0,"enemies":"2 Louse","floor":1.0,"turns":2.0},{"damage":6.0,"enemies":"Small Slimes","floor":3.0,"turns":4.0},{"damage":6.0,"enemies":"Cultist","floor":4.0,"turns":3.0},{"damage":20.0,"enemies":"Lagavulin","floor":6.0,"turns":7.0},{"damage":9.0,"enemies":"3 Louse","floor":8.0,"turns":2.0},{"damage":7.0,"enemies":"Gremlin Nob","floor":10.0,"turns":3.0},{"damage":12.0,"enemies":"Lots of Slimes","floor":12.0,"turns":4.0},{"damage":14.0,"enemies":"3 Sentries","floor":14.0,"turns":5.0},{"damage":27.0,"enemies":"The Guardian","floor":16.0,"turns":7.0},{"damage":15,"enemies":"3 Byrds","floor":18,"turns":4},{"damage":6,"enemies":"Spheric Guardian","floor":19,"turns":4},{"damage":2,"enemies":"3 Cultists","floor":21,"turns":5},{"damage":24,"enemies":"Centurion and Healer","floor":22,"turns":5},{"damage":35,"enemies":"Gremlin Leader","floor":23,"turns":5},{"damage":27,"enemies":"Snake Plant","floor":25,"turns":3},{"damage":2,"enemies":"3 Cultists","floor":28,"turns":4},{"damage":3,"enemies":"Cultist and Chosen","floor":30,"turns":4},{"damage":13,"enemies":"Masked Bandits","floor":31,"turns":5},{"damage":49,"enemies":"Collector","floor":33,"turns":7},{"damage":22,"enemies":"3 Darklings","floor":35,"turns":5},{"damage":22,"enemies":"3 Shapes","floor":38,"turns":2},{"damage":22,"enemies":"Nemesis","floor":41,"turns":5},{"damage":21,"enemies":"3 Darklings","floor":42,"turns":4},{"damage":7,"enemies":"Reptomancer","floor":44,"turns":5},{"damage":1,"enemies":"Mind Bloom Boss Battle","floor":45,"turns":5},{"damage":52,"enemies":"Sphere and 2 Shapes","floor":46,"turns":3}],"seed_played":"-3358620162234670873","potions_obtained":[{"floor":1.0,"key":"BloodPotion"},{"floor":4.0,"key":"EntropicBrew"},{"floor":10.0,"key":"SkillPotion"},{"floor":12.0,"key":"AttackPotion"},{"floor":14.0,"key":"Strength Potion"},{"floor":19,"key":"GamblersBrew"},{"floor":23,"key":"Poison Potion"},{"floor":30,"key":"Ancient Potion"},{"floor":31,"key":"PowerPotion"},{"floor":38,"key":"Block Potion"},{"floor":41,"key":"SteroidPotion"}],"is_trial":false,"path_per_floor":["M","?","M","M","?","E","R","M","T","E","R","M","$","E","R","B",null,"M","M","?","M","M","E","R","M","T","?","M","?","M","?","R","B",null,"M","?","$","M","$","R","E","M","T","E","?","M"],"character_chosen":"IRONCLAD","items_purchased":["Combust","Double Tap","Bottled Lightning"],"campfire_rested":4,"item_purchase_floors":[13,37,39],"current_hp_per_floor":[70,70,70,70,50,36,36,41,41,40,40,34,34,26,50,29,67,58,58,58,62,44,15,39,21,21,21,28,28,34,30,54,14,64,51,51,51,38,38,62,49,37,37,39,49,0],"gold":305,"neow_bonus":"RANDOM_COMMON_RELIC","is_prod":false,"is_daily":false,"chose_seed":false,"campfire_upgraded":2,"win_rate":0,"timestamp":1552567035,"path_taken":["M","?","M","M","?","E","R","M","T","E","R","M","$","E","R","BOSS","M","M","?","M","M","E","R","?","T","?","?","?","M","?","R","BOSS","M","?","$","M","?","R","E","?","T","E","?","M"],"build_version":"2019-01-23","purchased_purges":2,"victory":false,"max_hp_per_floor":[80,80,80,80,80,80,80,80,80,80,80,80,80,80,80,80,80,80,80,80,80,80,80,80,80,80,80,80,80,80,80,80,80,80,80,80,80,80,80,80,80,80,80,80,82,82],"card_choices":[{"not_picked":["Wild Strike","Havoc"],"picked":"Inflame","floor":1.0},{"not_picked":["Entrench","Clash"],"picked":"Heavy Blade","floor":3.0},{"not_picked":["Havoc","Second Wind"],"picked":"Headbutt","floor":4.0},{"not_picked":["Dropkick","Intimidate"],"picked":"Shockwave","floor":6.0},{"not_picked":["Shockwave","Thunderclap","Spot Weakness"],"picked":"SKIP","floor":8.0},{"not_picked":["Pommel Strike","Cleave"],"picked":"Impervious","floor":10.0},{"not_picked":["Heavy Blade","Body Slam","Thunderclap"],"picked":"SKIP","floor":12.0},{"not_picked":["Heavy Blade","Body Slam"],"picked":"Twin Strike","floor":14.0},{"not_picked":["Headbutt+1","Clash"],"picked":"True Grit","floor":18},{"not_picked":["Body Slam","Reckless Charge","Perfected Strike"],"picked":"SKIP","floor":19},{"not_picked":["Seeing Red+1","Headbutt+1","Inflame"],"picked":"SKIP","floor":21},{"not_picked":["Barricade","Cleave","Spot Weakness"],"picked":"SKIP","floor":22},{"not_picked":["Sentinel","Intimidate","Seeing Red"],"picked":"SKIP","floor":23},{"not_picked":["Armaments","Burning Pact"],"picked":"Power Through","floor":25},{"not_picked":["True Grit+1","Sword Boomerang+1","Pommel Strike"],"picked":"SKIP","floor":28},{"not_picked":["Rupture","Bloodletting"],"picked":"Anger+1","floor":30},{"not_picked":["Barricade","Bludgeon"],"picked":"Limit Break","floor":33},{"not_picked":["Twin Strike+1","Rage"],"picked":"Whirlwind","floor":35},{"not_picked":["Dual Wield+1","Havoc+1"],"picked":"Flame Barrier","floor":38},{"not_picked":["Inflame+1","Dropkick","Clash+1"],"picked":"SKIP","floor":41},{"not_picked":["Searing Blow","Feel No Pain","Sword Boomerang+1"],"picked":"SKIP","floor":42},{"not_picked":["Sentinel","Rampage+1"],"picked":"Ghostly Armor+1","floor":44},{"not_picked":["Ghostly Armor+1","Searing Blow","Hemokinesis"],"picked":"Singing Bowl","floor":45}],"player_experience":177875,"relics_obtained":[{"floor":6.0,"key":"Art of War"},{"floor":9.0,"key":"Self Forming Clay"},{"floor":10.0,"key":"StoneCalendar"},{"floor":14.0,"key":"Shuriken"},{"floor":23,"key":"Magic Flower"},{"floor":26,"key":"Girya"},{"floor":31,"key":"Red Mask"},{"floor":41,"key":"Du-Vu Doll"},{"floor":43,"key":"Singing Bowl"},{"floor":44,"key":"Toxic Egg 2"},{"floor":45,"key":"Ginger"}],"event_choices":[{"damage_healed":0.0,"max_hp_gain":0.0,"max_hp_loss":0.0,"gold_gain":0.0,"event_name":"Living Wall","player_choice":"Grow","floor":2.0,"gold_loss":0.0,"damage_taken":0.0,"cards_upgraded":["Bash"]},{"damage_healed":0.0,"max_hp_gain":0.0,"max_hp_loss":0.0,"gold_gain":0.0,"event_name":"Golden Idol","player_choice":"Take Damage","floor":5.0,"gold_loss":0.0,"damage_taken":20.0,"relics_obtained":["Golden Idol"]},{"damage_healed":0,"gold_gain":100,"player_choice":"Pray","damage_taken":0,"max_hp_gain":0,"max_hp_loss":0,"event_name":"Golden Shrine","floor":20,"gold_loss":0},{"cards_removed":["Strike_R"],"damage_healed":0,"gold_gain":0,"player_choice":"Upgrade and Remove","damage_taken":0,"max_hp_gain":0,"max_hp_loss":0,"event_name":"Designer","floor":27,"gold_loss":90,"cards_upgraded":["Impervious"]},{"damage_healed":0,"gold_gain":0,"player_choice":"Obtained Relic","damage_taken":0,"relics_obtained":["Smiling Mask"],"max_hp_gain":0,"max_hp_loss":0,"event_name":"Addict","floor":29,"gold_loss":85},{"damage_healed":0,"gold_gain":0,"player_choice":"Fought Bandits","damage_taken":0,"max_hp_gain":0,"max_hp_loss":0,"event_name":"Masked Bandits","floor":31,"gold_loss":0},{"damage_healed":0,"gold_gain":0,"player_choice":"Upgraded","damage_taken":0,"max_hp_gain":0,"max_hp_loss":0,"event_name":"Upgrade Shrine","floor":36,"gold_loss":0,"cards_upgraded":["True Grit"]},{"damage_healed":0,"gold_gain":0,"player_choice":"Fight","damage_taken":0,"max_hp_gain":0,"max_hp_loss":0,"event_name":"MindBloom","floor":45,"gold_loss":0}],"is_beta":false,"boss_relics":[{"not_picked":["Busted Crown","Tiny House"],"picked":"Mark of Pain"},{"not_picked":["Black Star","Calling Bell"],"picked":"Pandora\u0027s Box"}],"items_purged_floors":[13,37],"is_endless":false,"potions_floor_spawned":[1,4,10,12,14,19,23,30,31,38,41],"killed_by":"Sphere and 2 Shapes","ascension_level":6}