{"gold_per_floor":[114,114,114,30,40,40,69,69,141,156,181,181,181,201,201,201],"floor_reached":16,"playtime":1563,"items_purged":[],"score":216,"play_id":"f610ed52-0b6d-4eba-8c70-c6ea3a42882b","local_time":"20190130170626","is_ascension_mode":true,"campfire_choices":[{"data":"Footwork","floor":6.0,"key":"SMITH"},{"floor":8.0,"key":"REST"},{"floor":12.0,"key":"REST"},{"floor":15.0,"key":"REST"}],"neow_cost":"PERCENT_DAMAGE","seed_source_timestamp":192435544776263,"circlet_count":0,"master_deck":["AscendersBane","Defend_G","Defend_G","Defend_G","Defend_G","Defend_G","Strike_G","Strike_G","Strike_G","Strike_G","Survivor","Neutralize","Dash","Footwork+1","Dagger Spray","Cloak And Dagger","Backflip","Catalyst","Cloak And Dagger"],"special_seed":0,"relics":["Ring of the Snake","WingedGreaves","Lantern","Bottled Flame","Dead Branch"],"potions_floor_usage":[],"damage_taken":[{"damage":1.0,"enemies":"Cultist","floor":1.0,"turns":4.0},{"damage":3.0,"enemies":"2 Louse","floor":5.0,"turns":4.0},{"damage":35.0,"enemies":"Lagavulin","floor":7.0,"turns":11.0},{"damage":0.0,"enemies":"Small Slimes","floor":10.0,"turns":2.0},{"damage":22.0,"enemies":"Gremlin Nob","floor":11.0,"turns":4.0},{"damage":0.0,"enemies":"Exordium Wildlife","floor":14.0,"turns":6.0},{"damage":57,"enemies":"Slime Boss","floor":16,"turns":7}],"seed_played":"-9087138587048843449","potions_obtained":[{"floor":1.0,"key":"Weak Potion"},{"floor":5.0,"key":"Explosive Potion"},{"floor":7.0,"key":"Ancient Potion"},{"floor":10.0,"key":"AttackPotion"}],"is_trial":false,"path_per_floor":["M","?","$","$","M","R","E","R","T","M","E","R","?","M","R","B"],"character_chosen":"THE_SILENT","items_purchased":["Footwork"],"campfire_rested":3,"item_purchase_floors":[4],"current_hp_per_floor":[43,43,43,43,40,40,5,24,24,24,2,21,21,21,40,0],"gold":201,"neow_bonus":"ONE_RARE_RELIC","is_prod":false,"is_daily":false,"chose_seed":false,"campfire_upgraded":1,"win_rate":0,"timestamp":1548885986,"path_taken":["M","?","?","$","M","R","E","R","T","?","E","R","?","M","R","BOSS"],"build_version":"2019-01-23","purchased_purges":0,"victory":false,"max_hp_per_floor":[66,66,66,66,66,66,66,66,66,66,66,66,66,66,66,66],"card_choices":[{"not_picked":["Dodge and Roll","Prepared"],"picked":"Dash","floor":1.0},{"not_picked":["Dagger Throw","Terror"],"picked":"Dagger Spray","floor":5.0},{"not_picked":["Deadly Poison","Distraction"],"picked":"Cloak And Dagger","floor":7.0},{"not_picked":["PiercingWail","Cloak And Dagger"],"picked":"Backflip","floor":10.0},{"not_picked":["Grand Finale","Expertise"],"picked":"Catalyst","floor":11.0},{"not_picked":["Tactician","Backflip"],"picked":"Cloak And Dagger","floor":14.0}],"player_experience":3135495,"relics_obtained":[{"floor":7.0,"key":"Lantern"},{"floor":9.0,"key":"Bottled Flame"},{"floor":11.0,"key":"Dead Branch"}],"event_choices":[{"cards_removed":["Strike_G"],"damage_healed":0.0,"max_hp_gain":0.0,"max_hp_loss":0.0,"gold_gain":0.0,"event_name":"Purifier","player_choice":"Purged","floor":2.0,"gold_loss":0.0,"damage_taken":0.0},{"damage_healed":0.0,"max_hp_gain":0.0,"max_hp_loss":0.0,"gold_gain":0.0,"event_name":"Shining Light","player_choice":"Ignored","floor":13.0,"gold_loss":0.0,"damage_taken":0.0}],"is_beta":false,"boss_relics":[],"items_purged_floors":[],"is_endless":false,"potions_floor_spawned":[1,5,7,10],"killed_by":"Slime Boss","ascension_level":20}