{"gold_per_floor":[115,125,125,139,139,169,169,184,237,262,282,282,294,308,308,404,404,417,327,327,21,41,70,70,70,96,129,129,129,154,0,0,97,97,115,115,128,7,107,107,137,137,137,150,161,161,61,81,81,81],"floor_reached":50,"playtime":5264,"items_purged":["Strike_R","Madness"],"score":590,"play_id":"9b08220c-fb65-4f16-8c69-5d79a6b558e2","local_time":"20190125114530","is_ascension_mode":false,"campfire_choices":[{"data":"Cleave","floor":12.0,"key":"SMITH"},{"data":"Cleave","floor":15.0,"key":"SMITH"},{"floor":24.0,"key":"REST"},{"floor":32.0,"key":"REST"},{"floor":40,"key":"REST"},{"floor":42,"key":"REST"},{"floor":46,"key":"REST"},{"floor":49,"key":"REST"}],"neow_cost":"NONE","seed_source_timestamp":0,"circlet_count":0,"master_deck":["Strike_R","Strike_R","Defend_R","Defend_R","Bash","Thunderclap","Iron Wave+1","Headbutt+1","Cleave+1","Shrug It Off","Fire Breathing","Cleave+1","Pommel Strike","Inflame","Demon Form","Battle Trance","Headbutt","Metamorphosis","Iron Wave","Heavy Blade+1","Metallicize","Power Through","Thunderclap+1","Offering","Seeing Red+1","Clash+1","Impervious","Cleave+1","Madness","Headbutt+1","Shrug It Off","Sword Boomerang","Fire Breathing+1","Heavy Blade","Twin Strike","Pommel Strike"],"special_seed":0,"relics":["Burning Blood","NeowsBlessing","Meat on the Bone","Juzu Bracelet","Bronze Scales","Orichalcum","Fusion Hammer","Bottled Lightning","Pen Nib","Dream Catcher","Letter Opener","Ginger","Busted Crown","Incense Burner","Whetstone","Magic Flower"],"potions_floor_usage":[41,45,50,50],"damage_taken":[{"damage":0.0,"enemies":"2 Louse","floor":1.0,"turns":1.0},{"damage":0.0,"enemies":"Small Slimes","floor":2.0,"turns":1.0},{"damage":0.0,"enemies":"Jaw Worm","floor":4.0,"turns":1.0},{"damage":44.0,"enemies":"Gremlin Nob","floor":6.0,"turns":6.0},{"damage":3.0,"enemies":"Exordium Thugs","floor":8.0,"turns":4.0},{"damage":13.0,"enemies":"3 Sentries","floor":10.0,"turns":6.0},{"damage":3.0,"enemies":"Looter","floor":11.0,"turns":3.0},{"damage":7.0,"enemies":"Blue Slaver","floor":13.0,"turns":3.0},{"damage":2.0,"enemies":"3 Louse","floor":14.0,"turns":2.0},{"damage":10.0,"enemies":"Slime Boss","floor":16.0,"turns":7.0},{"damage":13.0,"enemies":"Chosen","floor":18.0,"turns":5.0},{"damage":0.0,"enemies":"2 Thieves","floor":20.0,"turns":1.0},{"damage":9.0,"enemies":"Chosen and Byrds","floor":22.0,"turns":4.0},{"damage":55.0,"enemies":"Slavers","floor":23.0,"turns":5.0},{"damage":19.0,"enemies":"Gremlin Leader","floor":27.0,"turns":5.0},{"damage":15.0,"enemies":"Slavers","floor":30.0,"turns":3.0},{"damage":11.0,"enemies":"Automaton","floor":33.0,"turns":6.0},{"damage":26.0,"enemies":"3 Darklings","floor":35.0,"turns":4.0},{"damage":4.0,"enemies":"Orb Walker","floor":37.0,"turns":3.0},{"damage":18,"enemies":"Mind Bloom Boss Battle","floor":39,"turns":5},{"damage":18,"enemies":"Giant Head","floor":41,"turns":8},{"damage":0,"enemies":"3 Darklings","floor":44,"turns":3},{"damage":19,"enemies":"Maw","floor":45,"turns":6},{"damage":39,"enemies":"Spire Growth","floor":48,"turns":5},{"damage":94,"enemies":"Awakened One","floor":50,"turns":7}],"seed_played":"-1618547601452525756","potions_obtained":[{"floor":1.0,"key":"Fire Potion"},{"floor":6.0,"key":"Energy Potion"},{"floor":8.0,"key":"Ancient Potion"},{"floor":10.0,"key":"Weak Potion"},{"floor":18.0,"key":"SmokeBomb"},{"floor":22.0,"key":"FearPotion"},{"floor":23.0,"key":"FearPotion"},{"floor":30.0,"key":"SteroidPotion"},{"floor":39,"key":"GamblersBrew"},{"floor":41,"key":"Swift Potion"},{"floor":44,"key":"SkillPotion"}],"is_trial":false,"path_per_floor":["M","M","?","M","?","E","?","M","T","E","M","R","M","M","R","B",null,"M","?","M","$","M","E","R","?","T","E","T","?","E","?","R","B",null,"M","?","M","$","?","R","E","R","T","M","M","R","$","M","R","B"],"character_chosen":"IRONCLAD","items_purchased":["Headbutt","Metamorphosis","Shrug It Off","BloodPotion"],"campfire_rested":6,"item_purchase_floors":[21,21,38,38],"current_hp_per_floor":[80,80,68,74,74,48,48,51,51,56,59,59,58,62,62,58,80,73,73,79,79,76,39,63,63,63,50,50,50,53,53,77,72,80,60,50,52,52,52,76,64,80,80,80,70,80,80,50,74,0],"gold":81,"neow_bonus":"THREE_ENEMY_KILL","is_prod":false,"is_daily":false,"chose_seed":false,"campfire_upgraded":2,"win_rate":0.0,"timestamp":1548434730,"path_taken":["M","M","?","M","?","E","?","M","T","E","M","R","M","M","R","BOSS","M","?","M","?","M","E","R","?","T","E","?","?","E","?","R","BOSS","M","?","M","$","?","R","E","R","T","M","M","R","$","M","R","BOSS"],"build_version":"2019-01-23","purchased_purges":2,"victory":false,"max_hp_per_floor":[80,80,80,80,80,80,80,80,80,80,80,80,80,80,80,80,80,80,80,80,80,80,80,80,80,80,80,80,80,80,80,80,80,80,80,80,80,80,80,80,80,80,80,80,80,80,80,80,80,80],"card_choices":[{"not_picked":["Inflame","Clash"],"picked":"Thunderclap","floor":1.0},{"not_picked":["Entrench","Dropkick"],"picked":"Iron Wave","floor":2.0},{"not_picked":["Pummel","Rage"],"picked":"Headbutt","floor":4.0},{"not_picked":["Clash","Seeing Red"],"picked":"Cleave","floor":6.0},{"not_picked":["Iron Wave","Flex"],"picked":"Shrug It Off","floor":8.0},{"not_picked":["Reckless Charge","Combust"],"picked":"Fire Breathing","floor":10.0},{"not_picked":["Twin Strike","Combust"],"picked":"Cleave","floor":11.0},{"not_picked":["Clothesline","Thunderclap"],"picked":"Pommel Strike","floor":13.0},{"not_picked":["Power Through","Infernal Blade"],"picked":"Inflame","floor":14.0},{"not_picked":["Juggernaut","Berserk"],"picked":"Demon Form","floor":16.0},{"not_picked":["Dropkick","Clothesline"],"picked":"Battle Trance","floor":18.0},{"not_picked":["Rupture","Searing Blow"],"picked":"Iron Wave","floor":22.0},{"not_picked":["Spot Weakness","Combust"],"picked":"Heavy Blade","floor":23.0},{"not_picked":["Clothesline+1","Feed"],"picked":"Thunderclap+1","floor":27.0},{"not_picked":["Sever Soul","Thunderclap"],"picked":"Seeing Red+1","floor":30.0},{"not_picked":["Shockwave","Twin Strike"],"picked":"Clash","floor":32.0},{"not_picked":["Offering","Demon Form"],"picked":"Impervious","floor":33.0},{"not_picked":[],"picked":"Cleave+1","floor":35.0},{"not_picked":[],"picked":"Headbutt+1","floor":37.0},{"not_picked":[],"picked":"Sword Boomerang","floor":39},{"not_picked":[],"picked":"Fire Breathing+1","floor":41},{"not_picked":[],"picked":"Heavy Blade","floor":44},{"not_picked":["Dual Wield"],"picked":"SKIP","floor":45},{"not_picked":[],"picked":"Twin Strike","floor":46},{"not_picked":[],"picked":"Pommel Strike","floor":48}],"player_experience":8136,"relics_obtained":[{"floor":6.0,"key":"Juzu Bracelet"},{"floor":9.0,"key":"Bronze Scales"},{"floor":10.0,"key":"Orichalcum"},{"floor":23.0,"key":"Bottled Lightning"},{"floor":26.0,"key":"Pen Nib"},{"floor":27.0,"key":"Dream Catcher"},{"floor":28.0,"key":"Letter Opener"},{"floor":30.0,"key":"Ginger"},{"floor":39,"key":"Incense Burner"},{"floor":41,"key":"Whetstone"},{"floor":43,"key":"Magic Flower"}],"event_choices":[{"damage_healed":0.0,"max_hp_gain":0.0,"max_hp_loss":0.0,"gold_gain":0.0,"event_name":"Scrap Ooze","player_choice":"Success","floor":3.0,"gold_loss":0.0,"damage_taken":12.0,"relics_obtained":["Meat on the Bone"]},{"damage_healed":0.0,"max_hp_gain":0.0,"max_hp_loss":0.0,"gold_gain":0.0,"event_name":"Liars Game","player_choice":"Ignored","floor":5.0,"gold_loss":0.0,"damage_taken":0.0},{"damage_healed":0.0,"max_hp_gain":0.0,"max_hp_loss":0.0,"gold_gain":0.0,"event_name":"Living Wall","player_choice":"Grow","floor":7.0,"gold_loss":0.0,"damage_taken":0.0,"cards_upgraded":["Iron Wave"]},{"cards_removed":["Strike_R"],"damage_healed":0.0,"max_hp_gain":0.0,"max_hp_loss":0.0,"gold_gain":0.0,"event_name":"Designer","player_choice":"Upgrade and Remove","floor":19.0,"gold_loss":90.0,"damage_taken":0.0,"cards_upgraded":["Headbutt"]},{"damage_healed":0.0,"max_hp_gain":0.0,"max_hp_loss":0.0,"gold_gain":0.0,"cards_transformed":["Defend_R","Strike_R"],"event_name":"Drug Dealer","player_choice":"Became Test Subject","floor":25.0,"gold_loss":0.0,"damage_taken":0.0,"cards_obtained":["Metallicize","Power Through"]},{"damage_healed":0.0,"max_hp_gain":0.0,"max_hp_loss":0.0,"gold_gain":0.0,"cards_transformed":["Defend_R"],"event_name":"Transmorgrifier","player_choice":"Transformed","floor":29.0,"gold_loss":0.0,"damage_taken":0.0,"cards_obtained":["Offering"]},{"damage_healed":0.0,"max_hp_gain":0.0,"max_hp_loss":0.0,"gold_gain":0.0,"event_name":"Masked Bandits","player_choice":"Paid Fearfully","floor":31.0,"gold_loss":154.0,"damage_taken":0.0},{"damage_healed":0.0,"max_hp_gain":0.0,"max_hp_loss":0.0,"gold_gain":0.0,"event_name":"Winding Halls","player_choice":"Embrace Madness","floor":36.0,"gold_loss":0.0,"damage_taken":10.0,"cards_obtained":["Madness","Madness"]},{"damage_healed":0,"gold_gain":0,"player_choice":"Fight","damage_taken":0,"max_hp_gain":0,"max_hp_loss":0,"event_name":"MindBloom","floor":39,"gold_loss":0}],"is_beta":false,"boss_relics":[{"not_picked":["Calling Bell","Tiny House"],"picked":"Fusion Hammer"},{"not_picked":["Cursed Key","Black Star"],"picked":"Busted Crown"}],"items_purged_floors":[21,47],"is_endless":false,"potions_floor_spawned":[1,6,8,10,18,22,23,30,39,41,44],"killed_by":"Awakened One","ascension_level":0}