{"gold_per_floor":[369,319,118,133,133,133,165,165,188,205,217,8,60,90,90,191,191,205,219,120,120,137,137,148,177,177,189,101,132,132,132,132,236,236,255,355,200,200,28,28,56,73,73,100,100,100,100,120,120,120],"floor_reached":51,"playtime":2617,"items_purged":["Defend_B","Decay"],"score":959,"play_id":"dfd9dbdf-0217-4bdc-8381-33aaca608acc","local_time":"20190324230433","is_ascension_mode":true,"campfire_choices":[{"data":"White Noise","floor":6.0,"key":"SMITH"},{"data":"Glacier","floor":8.0,"key":"SMITH"},{"data":"Zap","floor":15,"key":"SMITH"},{"data":"Dualcast","floor":23,"key":"SMITH"},{"floor":27,"key":"REST"},{"data":"Echo Form","floor":30,"key":"SMITH"},{"data":"Echo Form","floor":32,"key":"SMITH"},{"data":"Storm","floor":40,"key":"SMITH"},{"data":"Conserve Battery","floor":46,"key":"SMITH"},{"data":"Electrodynamics","floor":49,"key":"SMITH"}],"neow_cost":"CURSE","seed_source_timestamp":0,"circlet_count":0,"master_deck":["Defend_B","Defend_B+1","Zap+1","Dualcast+1","White Noise+1","Conserve Battery+1","BootSequence","Glacier+1","Ball Lightning+1","Echo Form+1","Lockon+1","Force Field+1","Leap","Storm+1","Echo Form+1","Bite","Bite","Bite","Bite","Bite","Echo Form","Storm+1","Electrodynamics+1","Shame","Defragment+1"],"special_seed":0,"relics":["Cracked Core","Orichalcum","DataDisk","Vajra","Runic Capacitor","Oddly Smooth Stone","Matryoshka","Cursed Key","Whetstone","Lantern","MawBank","Juzu Bracelet","Busted Crown","Ice Cream","Strawberry","Bag of Preparation","Dream Catcher","Sundial"],"potions_floor_usage":[25,25,50,50],"damage_taken":[{"damage":3.0,"enemies":"Jaw Worm","floor":1.0,"turns":4.0},{"damage":4.0,"enemies":"Small Slimes","floor":4.0,"turns":4.0},{"damage":20.0,"enemies":"Gremlin Nob","floor":7.0,"turns":5.0},{"damage":0.0,"enemies":"Cultist","floor":10.0,"turns":3.0},{"damage":0.0,"enemies":"Red Slaver","floor":11.0,"turns":3.0},{"damage":0,"enemies":"3 Sentries","floor":14,"turns":5},{"damage":13,"enemies":"The Guardian","floor":16,"turns":10},{"damage":0,"enemies":"Chosen","floor":18,"turns":4},{"damage":7,"enemies":"Shell Parasite","floor":19,"turns":4},{"damage":8,"enemies":"3 Cultists","floor":22,"turns":5},{"damage":5,"enemies":"Shelled Parasite and Fungi","floor":24,"turns":5},{"damage":9,"enemies":"Slavers","floor":25,"turns":5},{"damage":8,"enemies":"Book of Stabbing","floor":29,"turns":5},{"damage":13,"enemies":"Automaton","floor":33,"turns":8},{"damage":11,"enemies":"3 Shapes","floor":35,"turns":3},{"damage":0,"enemies":"Mind Bloom Boss Battle","floor":36,"turns":5},{"damage":0,"enemies":"Giant Head","floor":41,"turns":6},{"damage":11,"enemies":"3 Darklings","floor":42,"turns":2},{"damage":4,"enemies":"Nemesis","floor":44,"turns":5},{"damage":0,"enemies":"Transient","floor":48,"turns":5},{"damage":24,"enemies":"Donu and Deca","floor":50,"turns":4}],"seed_played":"-3321574886579189996","potions_obtained":[{"floor":4.0,"key":"Block Potion"},{"floor":7.0,"key":"Weak Potion"},{"floor":14,"key":"Fire Potion"},{"floor":16,"key":"Weak Potion"},{"floor":18,"key":"Fire Potion"},{"floor":29,"key":"Fire Potion"},{"floor":33,"key":"Poison Potion"}],"is_trial":false,"path_per_floor":["?","?","T","?","M","$","?","?","?","T","?"],"character_chosen":"DEFECT","items_purchased":["Orichalcum","Conserve Battery","Runic Capacitor","Leap","Storm","FocusPotion","Electrodynamics","PowerPotion","Swift Potion"],"campfire_rested":1,"item_purchase_floors":[3,3,12,20,37,37,39,39,39],"current_hp_per_floor":[72,72,72,68,53,53,33,33,33,33,33,33,33,33,33,20,75,75,68,68,68,60,60,55,46,46,68,68,60,60,52,52,52,52,47,52,52,52,52,52,59,50,50,59,59,59,56,56,56,32],"gold":120,"neow_bonus":"TWO_FIFTY_GOLD","is_prod":false,"is_daily":false,"chose_seed":false,"campfire_upgraded":9,"win_rate":0,"timestamp":1553483073,"path_taken":["M","?","$","M","?","R","E","R","T","M","M","$","?","E","R","BOSS","M","M","$","?","?","R","M","E","T","R","?","E","R","?","R","BOSS","M","?","$","?","$","R","E","M","T","E","?","R","?","M","R","BOSS"],"build_version":"2019-01-23","purchased_purges":2,"victory":true,"max_hp_per_floor":[75,75,75,75,75,75,75,75,75,75,75,75,75,75,75,75,75,75,75,75,75,75,75,75,75,75,75,75,75,75,52,52,52,52,52,52,52,52,52,52,59,59,59,59,59,59,56,56,56,56],"card_choices":[{"not_picked":["Chaos","Compile Driver"],"picked":"White Noise","floor":1.0},{"not_picked":["Conserve Battery","Stack"],"picked":"BootSequence","floor":4.0},{"not_picked":["Sweeping Beam","Skim"],"picked":"Glacier","floor":7.0},{"not_picked":["Redo","Rebound","Scrape"],"picked":"SKIP","floor":10.0},{"not_picked":["Gash","Redo"],"picked":"Ball Lightning","floor":11.0},{"not_picked":["Go for the Eyes","Turbo","Steam"],"picked":"SKIP","floor":14},{"not_picked":["Rainbow","Buffer"],"picked":"Echo Form","floor":16},{"not_picked":["Cold Snap","BootSequence+1"],"picked":"Lockon+1","floor":18},{"not_picked":["Leap","Redo"],"picked":"Force Field+1","floor":19},{"not_picked":["Auto Shields","FTL","Redo"],"picked":"SKIP","floor":22},{"not_picked":["Auto Shields","FTL","Redo"],"picked":"SKIP","floor":22},{"not_picked":["Auto Shields","FTL","Redo"],"picked":"SKIP","floor":22},{"not_picked":["Chill","Steam Power"],"picked":"Storm+1","floor":24},{"not_picked":["Ball Lightning","Darkness","Turbo+1"],"picked":"SKIP","floor":25},{"not_picked":["Conserve Battery","Ball Lightning"],"picked":"Echo Form","floor":29},{"not_picked":["Seek","Biased Cognition"],"picked":"Echo Form","floor":33},{"not_picked":["Lockon+1"],"picked":"SKIP","floor":35},{"not_picked":["Coolheaded"],"picked":"SKIP","floor":41},{"not_picked":["Cold Snap"],"picked":"SKIP","floor":42},{"not_picked":[],"picked":"Defragment+1","floor":44},{"not_picked":["Redo"],"picked":"SKIP","floor":48}],"player_experience":261097,"relics_obtained":[{"floor":7.0,"key":"DataDisk"},{"floor":9.0,"key":"Vajra"},{"floor":13,"key":"Oddly Smooth Stone"},{"floor":14,"key":"Matryoshka"},{"floor":25,"key":"Whetstone"},{"floor":26,"key":"Lantern"},{"floor":26,"key":"MawBank"},{"floor":29,"key":"Juzu Bracelet"},{"floor":36,"key":"Ice Cream"},{"floor":41,"key":"Strawberry"},{"floor":43,"key":"Bag of Preparation"},{"floor":43,"key":"Dream Catcher"},{"floor":44,"key":"Sundial"}],"event_choices":[{"cards_removed":["Doubt"],"damage_healed":0.0,"max_hp_gain":0.0,"max_hp_loss":0.0,"gold_gain":0.0,"event_name":"The Cleric","player_choice":"Card Removal","floor":2.0,"gold_loss":50.0,"damage_taken":0.0},{"damage_healed":0.0,"max_hp_gain":0.0,"max_hp_loss":0.0,"gold_gain":0.0,"event_name":"Shining Light","player_choice":"Entered Light","floor":5.0,"gold_loss":0.0,"damage_taken":15.0,"cards_upgraded":["Defend_B","Strike_B"]},{"cards_removed":["Defend_B"],"damage_healed":0,"gold_gain":0,"player_choice":"Offered Basic","damage_taken":0,"max_hp_gain":0,"max_hp_loss":0,"event_name":"Bonfire Elementals","floor":21,"gold_loss":0},{"damage_healed":0,"gold_gain":0,"player_choice":"Became a vampire","damage_taken":0,"max_hp_gain":0,"max_hp_loss":23,"event_name":"Vampires","floor":31,"gold_loss":0,"cards_obtained":["Bite","Bite","Bite","Bite","Bite"]},{"damage_healed":0,"gold_gain":0,"player_choice":"Fight","damage_taken":0,"max_hp_gain":0,"max_hp_loss":0,"event_name":"MindBloom","floor":36,"gold_loss":0},{"damage_healed":0,"gold_gain":0,"player_choice":"Ignored","damage_taken":0,"max_hp_gain":0,"max_hp_loss":0,"event_name":"Mysterious Sphere","floor":38,"gold_loss":0},{"damage_healed":0,"gold_gain":0,"player_choice":"Max HP","damage_taken":0,"max_hp_gain":0,"max_hp_loss":3,"event_name":"Winding Halls","floor":47,"gold_loss":0}],"is_beta":false,"boss_relics":[{"not_picked":["Sozu","Calling Bell"],"picked":"Cursed Key"},{"not_picked":["White Beast Statue","Astrolabe"],"picked":"Busted Crown"}],"items_purged_floors":[20,28],"is_endless":false,"potions_floor_spawned":[4,7,14,16,18,29,33,41,44],"ascension_level":3}