{"gold_per_floor":[118,118,142,15,15,50,50,66,66,97,108,108,108,121,121,220,220,237,249,249,149,64,64,81,81,81,94,110,110,127,141,141,244,244,261,272,372,82,82,82,115,115,138,164,164,181,181,181,181,181],"floor_reached":51,"playtime":3054,"items_purged":["Regret","Strike_R"],"score":1035,"play_id":"feb72fda-2dd3-4213-93e5-40be8d6afa6a","local_time":"20190312133342","is_ascension_mode":true,"campfire_choices":[{"data":"Flex","floor":7,"key":"SMITH"},{"data":"Heavy Blade","floor":12,"key":"SMITH"},{"data":"Spot Weakness","floor":15,"key":"SMITH"},{"data":"Limit Break","floor":23,"key":"SMITH"},{"data":"Iron Wave","floor":25,"key":"SMITH"},{"data":"Defend_R","floor":29,"key":"SMITH"},{"floor":32,"key":"REST"},{"data":"Metallicize","floor":40,"key":"SMITH"},{"data":"Shrug It Off","floor":42,"key":"SMITH"},{"data":"Battle Trance","floor":45,"key":"SMITH"},{"floor":47,"key":"REST"},{"data":"Violence","floor":49,"key":"SMITH"}],"neow_cost":"NONE","seed_source_timestamp":788497169929863,"circlet_count":0,"master_deck":["Strike_R+1","Strike_R+1","Defend_R","Defend_R","Defend_R","Defend_R+1","Bash+1","Flex+1","Heavy Blade+1","Iron Wave+1","Spot Weakness+1","Whirlwind+1","Battle Trance+1","Limit Break+1","Necronomicurse","Uppercut+1","Power Through+1","Second Wind+1","Shrug It Off+1","Metallicize+1","Violence+1","Parasite","Writhe"],"relics":["Burning Blood","Pen Nib","Blood Vial","Matryoshka","Molten Egg 2","Thread and Needle","Sundial","Lizard Tail","Necronomicon","Blue Candle","Singing Bowl","Strawberry","Orrery","Dead Branch","Brimstone","Self Forming Clay","Red Skull","Whetstone"],"potions_floor_usage":[6,18,27,28,30,33,36,41,41,46,50],"damage_taken":[{"damage":7,"enemies":"2 Louse","floor":1,"turns":4},{"damage":24,"enemies":"Gremlin Nob","floor":6,"turns":4},{"damage":7,"enemies":"Jaw Worm","floor":8,"turns":2},{"damage":18,"enemies":"Lagavulin","floor":10,"turns":5},{"damage":1,"enemies":"Small Slimes","floor":11,"turns":2},{"damage":0,"enemies":"Exordium Wildlife","floor":14,"turns":3},{"damage":35,"enemies":"The Guardian","floor":16,"turns":6},{"damage":5,"enemies":"3 Byrds","floor":18,"turns":2},{"damage":29,"enemies":"Shell Parasite","floor":19,"turns":4},{"damage":0,"enemies":"3 Cultists","floor":24,"turns":2},{"damage":10,"enemies":"Centurion and Healer","floor":27,"turns":3},{"damage":10,"enemies":"Shelled Parasite and Fungi","floor":28,"turns":2},{"damage":7,"enemies":"Sentry and Sphere","floor":30,"turns":3},{"damage":0,"enemies":"3 Cultists","floor":31,"turns":3},{"damage":18,"enemies":"Collector","floor":33,"turns":4},{"damage":0,"enemies":"Orb Walker","floor":35,"turns":2},{"damage":0,"enemies":"3 Darklings","floor":36,"turns":1},{"damage":16,"enemies":"Mind Bloom Boss Battle","floor":37,"turns":4},{"damage":4,"enemies":"Giant Head","floor":41,"turns":5},{"damage":67,"enemies":"Nemesis","floor":44,"turns":5},{"damage":13,"enemies":"Writhing Mass","floor":46,"turns":4},{"damage":130,"enemies":"Awakened One","floor":50,"turns":9}],"seed_played":"6059968820888699533","potions_obtained":[{"floor":1,"key":"Block Potion"},{"floor":11,"key":"BloodPotion"},{"floor":16,"key":"LiquidBronze"},{"floor":24,"key":"Fire Potion"},{"floor":27,"key":"Weak Potion"},{"floor":28,"key":"Regen Potion"},{"floor":31,"key":"Poison Potion"},{"floor":33,"key":"Strength Potion"},{"floor":35,"key":"SteroidPotion"},{"floor":37,"key":"SteroidPotion"},{"floor":44,"key":"SpeedPotion"}],"is_trial":false,"path_per_floor":["M","?","T","$","?","E","R","M","T","E","M","R","?","M","R","B",null,"M","M","?","$","?","R","M","R","T","M","M","R","M","M","R","B",null,"M","M","?","$","?","R","E","R","T","E","R","M","R","?","R","B",null],"character_chosen":"IRONCLAD","items_purchased":["Heavy Blade","Brimstone","Shrug It Off","Metallicize"],"campfire_rested":2,"item_purchase_floors":[4,38,38,38],"current_hp_per_floor":[79,79,79,79,79,62,62,63,63,53,60,60,53,61,61,34,69,72,51,35,35,35,35,43,43,50,50,50,50,60,70,93,83,100,105,107,99,99,99,99,105,105,105,48,48,56,90,115,115,63],"gold":181,"neow_bonus":"UPGRADE_CARD","is_prod":false,"is_daily":false,"chose_seed":false,"campfire_upgraded":10,"win_rate":0,"timestamp":1552412022,"path_taken":["M","?","?","$","?","E","R","M","T","E","?","R","?","M","R","BOSS","M","M","?","$","?","R","M","R","T","M","M","R","M","M","R","BOSS","M","M","?","$","?","R","E","R","T","E","R","M","R","?","R","BOSS"],"build_version":"2019-01-23","purchased_purges":2,"victory":true,"max_hp_per_floor":[80,80,80,80,80,80,80,80,80,80,80,80,80,80,80,80,80,80,80,80,80,80,80,80,80,87,89,91,91,91,93,93,95,103,105,107,109,109,109,109,111,111,111,113,113,115,115,115,115,115],"card_choices":[{"not_picked":["Anger","Dual Wield"],"picked":"Flex","floor":1},{"not_picked":["Corruption","Havoc"],"picked":"Iron Wave","floor":6},{"not_picked":["Wild Strike","Rupture"],"picked":"Spot Weakness","floor":8},{"not_picked":["Evolve","Dual Wield"],"picked":"Whirlwind+1","floor":10},{"not_picked":["Carnage+1","Cleave+1","Intimidate"],"picked":"SKIP","floor":11},{"not_picked":["Thunderclap+1","Demon Form"],"picked":"Battle Trance","floor":14},{"not_picked":["Dark Embrace","Double Tap"],"picked":"Limit Break","floor":16},{"not_picked":["Clash+1","Pommel Strike+1","Iron Wave+1"],"picked":"SKIP","floor":18},{"not_picked":["Wild Strike+1","Whirlwind+1","Havoc+1"],"picked":"SKIP","floor":19},{"not_picked":["Pummel+1","Anger+1"],"picked":"Uppercut+1","floor":24},{"not_picked":["Cleave+1","Thunderclap+1","Flex"],"picked":"Singing Bowl","floor":27},{"not_picked":["Carnage+1","Clash+1","Havoc"],"picked":"Singing Bowl","floor":28},{"not_picked":["Clothesline+1","Iron Wave+1"],"picked":"Power Through+1","floor":30},{"not_picked":["Wild Strike+1","Combust","Bloodletting"],"picked":"Singing Bowl","floor":31},{"not_picked":["Fiend Fire+1","Offering","Exhume"],"picked":"Singing Bowl","floor":33},{"not_picked":["Wild Strike+1","Rage","Bloodletting+1"],"picked":"Singing Bowl","floor":34},{"not_picked":["Twin Strike+1","Whirlwind+1"],"picked":"Second Wind+1","floor":34},{"not_picked":["Iron Wave+1","Warcry","Sword Boomerang+1"],"picked":"Singing Bowl","floor":34},{"not_picked":["Havoc","Clash+1","Rage"],"picked":"Singing Bowl","floor":34},{"not_picked":["Body Slam+1","Heavy Blade+1","Pommel Strike+1"],"picked":"Singing Bowl","floor":34},{"not_picked":["Pommel Strike+1","Battle Trance+1","Dropkick+1"],"picked":"Singing Bowl","floor":35},{"not_picked":["Pummel+1","Brutality","Anger+1"],"picked":"Singing Bowl","floor":36},{"not_picked":["Pummel+1","Inflame+1","Sword Boomerang+1"],"picked":"Singing Bowl","floor":37},{"not_picked":["Impatience","Secret Weapon"],"picked":"Violence","floor":39},{"not_picked":["Perfected Strike+1","Corruption+1","Rupture+1"],"picked":"Singing Bowl","floor":41},{"not_picked":["Clothesline+1","Shrug It Off","Berserk"],"picked":"Singing Bowl","floor":44},{"not_picked":["Clash+1","Pommel Strike+1","Dropkick+1"],"picked":"Singing Bowl","floor":46}],"player_experience":154291,"relics_obtained":[{"floor":3,"key":"Blood Vial"},{"floor":6,"key":"Matryoshka"},{"floor":9,"key":"Molten Egg 2"},{"floor":9,"key":"Thread and Needle"},{"floor":10,"key":"Sundial"},{"floor":20,"key":"Necronomicon"},{"floor":26,"key":"Singing Bowl"},{"floor":26,"key":"Strawberry"},{"floor":37,"key":"Dead Branch"},{"floor":41,"key":"Self Forming Clay"},{"floor":43,"key":"Red Skull"},{"floor":44,"key":"Whetstone"}],"event_choices":[{"damage_healed":0,"gold_gain":0,"player_choice":"Box","damage_taken":0,"relics_obtained":["Pen Nib"],"max_hp_gain":0,"max_hp_loss":0,"event_name":"Big Fish","floor":2,"gold_loss":0,"cards_obtained":["Regret"]},{"cards_removed":["Strike_R"],"damage_healed":0,"gold_gain":0,"player_choice":"Forget","damage_taken":0,"max_hp_gain":0,"max_hp_loss":0,"event_name":"Living Wall","floor":5,"gold_loss":0},{"cards_removed":["Strike_R"],"damage_healed":0,"gold_gain":0,"player_choice":"Card Removal","damage_taken":7,"max_hp_gain":0,"max_hp_loss":0,"event_name":"Golden Wing","floor":13,"gold_loss":0},{"damage_healed":0,"gold_gain":0,"player_choice":"Obtained Book","damage_taken":16,"max_hp_gain":0,"max_hp_loss":0,"event_name":"Cursed Tome","floor":20,"gold_loss":0},{"damage_healed":0,"gold_gain":0,"player_choice":"Obtained Relic","damage_taken":0,"relics_obtained":["Blue Candle"],"max_hp_gain":0,"max_hp_loss":0,"event_name":"Addict","floor":22,"gold_loss":85},{"damage_healed":0,"gold_gain":0,"player_choice":"Fight","damage_taken":0,"max_hp_gain":0,"max_hp_loss":0,"event_name":"MindBloom","floor":37,"gold_loss":0},{"damage_healed":0,"gold_gain":0,"player_choice":"Memory 1","damage_taken":0,"max_hp_gain":0,"max_hp_loss":0,"event_name":"SensoryStone","floor":39,"gold_loss":0},{"damage_healed":29,"gold_gain":0,"player_choice":"Writhe","damage_taken":0,"max_hp_gain":0,"max_hp_loss":0,"event_name":"Winding Halls","floor":48,"gold_loss":0,"cards_obtained":["Writhe"]}],"is_beta":false,"boss_relics":[{"not_picked":["Pandora\u0027s Box","Runic Dome"],"picked":"Lizard Tail"},{"not_picked":["Runic Cube","Calling Bell"],"picked":"Orrery"}],"items_purged_floors":[4,21],"is_endless":false,"potions_floor_spawned":[1,11,16,24,27,28,31,33,35,37,44],"ascension_level":5}