{"gold_per_floor":[115,134,151,35,52,52,81,99,144,144,144,144],"floor_reached":12,"playtime":325,"items_purged":[],"score":160,"play_id":"9746a28d-0116-4432-a2f8-aaab5bf87000","local_time":"20190325213620","is_ascension_mode":true,"campfire_choices":[{"data":"Zap","floor":6,"key":"SMITH"},{"floor":11,"key":"REST"}],"neow_cost":"NONE","seed_source_timestamp":469595925431189,"circlet_count":0,"master_deck":["AscendersBane","Strike_B+1","Strike_B","Strike_B","Strike_B","Defend_B","Defend_B","Defend_B","Defend_B","Zap+1","Dualcast","Coolheaded","Reinforced Body","Gash","Genetic Algorithm+1","Gash+1","Loop","Hologram"],"relics":["Cracked Core","Lantern","Whetstone","Potion Belt"],"potions_floor_usage":[5,7],"damage_taken":[{"damage":4,"enemies":"Small Slimes","floor":1,"turns":4},{"damage":7,"enemies":"Cultist","floor":2,"turns":4},{"damage":3,"enemies":"2 Louse","floor":3,"turns":3},{"damage":10,"enemies":"Red Slaver","floor":5,"turns":4},{"damage":31,"enemies":"Lagavulin","floor":7,"turns":8},{"damage":3,"enemies":"Large Slime","floor":8,"turns":5},{"damage":53,"enemies":"Gremlin Nob","floor":12,"turns":4}],"seed_played":"-301469339232972726","potions_obtained":[{"floor":2,"key":"SkillPotion"},{"floor":3,"key":"Regen Potion"}],"is_trial":false,"path_per_floor":["M","M","M","$","M","R","E","M","T","?","R","E"],"character_chosen":"DEFECT","items_purchased":["Gash","Genetic Algorithm"],"campfire_rested":1,"item_purchase_floors":[4,4],"current_hp_per_floor":[60,53,50,50,52,52,21,18,18,18,39,0],"gold":144,"neow_bonus":"RANDOM_COMMON_RELIC","is_prod":false,"is_daily":false,"chose_seed":false,"campfire_upgraded":1,"win_rate":0,"timestamp":1553546180,"path_taken":["M","M","M","$","M","R","E","M","T","?","R","E"],"build_version":"2019-01-23","purchased_purges":0,"victory":false,"max_hp_per_floor":[71,71,71,71,71,71,71,71,71,71,71,71],"card_choices":[{"not_picked":["Stack","Redo","Melter"],"picked":"SKIP","floor":1},{"not_picked":["Steam","Aggregate"],"picked":"Coolheaded","floor":2},{"not_picked":["Go for the Eyes","Force Field"],"picked":"Reinforced Body","floor":3},{"not_picked":["Conserve Battery","Force Field"],"picked":"Gash","floor":5},{"not_picked":["Steam","Go for the Eyes"],"picked":"Loop","floor":7},{"not_picked":["Go for the Eyes","Sweeping Beam"],"picked":"Hologram","floor":8}],"player_experience":1117409,"relics_obtained":[{"floor":7,"key":"Whetstone"},{"floor":9,"key":"Potion Belt"}],"event_choices":[{"damage_healed":0,"gold_gain":0,"player_choice":"Upgraded","damage_taken":0,"max_hp_gain":0,"max_hp_loss":0,"event_name":"Upgrade Shrine","floor":10,"gold_loss":0,"cards_upgraded":["Genetic Algorithm"]}],"is_beta":false,"boss_relics":[],"items_purged_floors":[],"is_endless":false,"potions_floor_spawned":[2,3],"killed_by":"Gremlin Nob","ascension_level":20}