{"gold_per_floor":[115,131,131,51,51,86,86,119,119,3,37,51,51,84,84,181,231,249,269,368,443,443],"floor_reached":22,"playtime":1288,"items_purged":[],"score":282,"play_id":"4d062700-f78b-4602-b9f0-1b718f2f63be","local_time":"20190311114750","is_ascension_mode":true,"campfire_choices":[{"data":"Flame Barrier","floor":7,"key":"SMITH"},{"data":"Rampage","floor":15,"key":"SMITH"}],"neow_cost":"NONE","seed_source_timestamp":754616835419743,"circlet_count":0,"master_deck":["Strike_R","Strike_R+1","Strike_R+1","Strike_R","Strike_R","Defend_R+1","Defend_R","Defend_R","Defend_R","Bash","True Grit","Flame Barrier+1","Battle Trance","Rampage+1","Combust","Shockwave+1","Armaments+1","Spot Weakness+1","Parasite","Disarm+1","Reaper","Iron Wave"],"relics":["Burning Blood","NeowsBlessing","Mercury Hourglass","Anchor","Toxic Egg 2","Whetstone","Ice Cream","Smiling Mask","Tiny House"],"potions_floor_usage":[8,11,19,22,22,22,22],"damage_taken":[{"damage":0,"enemies":"Small Slimes","floor":1,"turns":1},{"damage":0,"enemies":"2 Louse","floor":2,"turns":1},{"damage":0,"enemies":"Lagavulin","floor":6,"turns":1},{"damage":10,"enemies":"3 Sentries","floor":8,"turns":5},{"damage":31,"enemies":"Gremlin Nob","floor":11,"turns":4},{"damage":2,"enemies":"Jaw Worm","floor":12,"turns":4},{"damage":15,"enemies":"Lagavulin","floor":14,"turns":5},{"damage":32,"enemies":"The Guardian","floor":16,"turns":10},{"damage":21,"enemies":"2 Thieves","floor":18,"turns":4},{"damage":25,"enemies":"Shell Parasite","floor":19,"turns":6},{"damage":44,"enemies":"Sentry and Sphere","floor":22,"turns":6}],"seed_played":"-4613705242439180357","potions_obtained":[{"floor":2,"key":"LiquidBronze"},{"floor":6,"key":"Strength Potion"},{"floor":16,"key":"SteroidPotion"},{"floor":17,"key":"EntropicBrew"},{"floor":18,"key":"AttackPotion"}],"is_trial":false,"path_per_floor":["M","M","?","$","?","E","R","E","T","$","E","M","?","E","R","B",null,"M","M","?","?","M"],"character_chosen":"IRONCLAD","items_purchased":["Battle Trance","Combust","Shockwave+1"],"campfire_rested":0,"item_purchase_floors":[4,10,10],"current_hp_per_floor":[80,80,55,55,55,61,61,57,57,57,32,36,56,47,47,21,85,70,51,51,43,0],"gold":443,"neow_bonus":"THREE_ENEMY_KILL","is_prod":false,"is_daily":false,"chose_seed":false,"campfire_upgraded":2,"win_rate":0,"timestamp":1552319270,"path_taken":["M","M","?","$","?","E","R","E","T","$","E","?","?","E","R","BOSS","M","M","?","?","M"],"build_version":"2019-01-23","purchased_purges":0,"victory":false,"max_hp_per_floor":[80,80,80,80,80,80,80,80,80,80,80,80,80,80,80,80,85,85,85,85,85,85],"card_choices":[{"not_picked":["Body Slam","Intimidate"],"picked":"True Grit","floor":1},{"not_picked":["Perfected Strike","Cleave"],"picked":"Flame Barrier","floor":2},{"not_picked":["Intimidate","Twin Strike"],"picked":"Rampage","floor":6},{"not_picked":["Infernal Blade","Thunderclap","Bloodletting"],"picked":"SKIP","floor":8},{"not_picked":["Rupture","Feel No Pain"],"picked":"Armaments+1","floor":11},{"not_picked":["Seeing Red+1","Havoc+1"],"picked":"Spot Weakness+1","floor":12},{"not_picked":["Flex+1","Thunderclap"],"picked":"Disarm+1","floor":14},{"not_picked":["Juggernaut","Offering+1"],"picked":"Reaper","floor":16},{"not_picked":["Reckless Charge","Havoc+1"],"picked":"Iron Wave","floor":17},{"not_picked":["Feel No Pain","Disarm+1","Rage+1"],"picked":"SKIP","floor":18},{"not_picked":["Body Slam","Combust","Rampage+1"],"picked":"SKIP","floor":19}],"player_experience":135168,"relics_obtained":[{"floor":6,"key":"Anchor"},{"floor":8,"key":"Toxic Egg 2"},{"floor":9,"key":"Whetstone"},{"floor":11,"key":"Ice Cream"},{"floor":14,"key":"Smiling Mask"}],"event_choices":[{"damage_healed":0,"gold_gain":0,"player_choice":"Success","damage_taken":25,"relics_obtained":["Mercury Hourglass"],"max_hp_gain":0,"max_hp_loss":0,"event_name":"Scrap Ooze","floor":3,"gold_loss":0},{"damage_healed":0,"gold_gain":0,"player_choice":"Ignored","damage_taken":0,"max_hp_gain":0,"max_hp_loss":0,"event_name":"Golden Idol","floor":5,"gold_loss":0},{"damage_healed":20,"gold_gain":0,"player_choice":"Healed and dodged fight","damage_taken":0,"max_hp_gain":0,"max_hp_loss":0,"event_name":"Mushrooms","floor":13,"gold_loss":0,"cards_obtained":["Parasite"]},{"damage_healed":0,"gold_gain":99,"player_choice":"Stole From Cult","damage_taken":0,"max_hp_gain":0,"max_hp_loss":0,"event_name":"Nest","floor":20,"gold_loss":0},{"damage_healed":0,"gold_gain":75,"player_choice":"Touch","damage_taken":8,"max_hp_gain":0,"max_hp_loss":0,"event_name":"FaceTrader","floor":21,"gold_loss":0}],"is_beta":false,"boss_relics":[{"not_picked":["White Beast Statue","Eternal Feather"],"picked":"Tiny House"}],"items_purged_floors":[],"is_endless":false,"potions_floor_spawned":[2,6,16,18],"killed_by":"Sentry and Sphere","ascension_level":4}