{"gold_per_floor":[111,111,130,3,18,53,63,63,63,63,63,81,31,44,44,144,144,155,110,110,110,126,126,140,140,140,240,258,270,301,216,216,319,319,336,336,354,369,369,369,388,388,388,388,388,149,166,180,180,180,180,180,35,69,69],"floor_reached":55,"playtime":6988,"items_purged":["Pain","Parasite"],"score":696,"play_id":"ca09deff-2a5e-443f-90a0-5616a7f4ed1e","local_time":"20190323172508","is_ascension_mode":true,"campfire_choices":[{"floor":8.0,"key":"REST"},{"data":"Dualcast","floor":11.0,"key":"SMITH"},{"data":"Coolheaded","floor":15.0,"key":"SMITH"},{"data":"Sunder","floor":23.0,"key":"SMITH"},{"data":"Coolheaded","floor":25.0,"key":"SMITH"},{"floor":32.0,"key":"REST"},{"floor":40.0,"key":"RECALL"},{"data":"Discovery","floor":42.0,"key":"SMITH"},{"data":"Chrysalis","floor":49.0,"key":"SMITH"},{"data":"Madness","floor":52.0,"key":"SMITH"}],"neow_cost":"NONE","seed_source_timestamp":0,"circlet_count":0,"master_deck":["Strike_B+1","Strike_B","Defend_B+1","Defend_B","Defend_B","Defend_B","Zap+1","Dualcast+1","Ball Lightning","Ball Lightning","Coolheaded+1","Blizzard","Steam+1","Blizzard","Reinforced Body","Go for the Eyes","Barrage","Core Surge","Coolheaded+1","Go for the Eyes","FTL","Sunder+1","Lockon","Stack","Self Repair","Sweeping Beam+1","Compile Driver+1","Seek","Glacier","Seek","Compile Driver","Hologram+1","Discovery+1","Cold Snap","Madness+1","Madness","Chrysalis+1","Stack+1","Cold Snap","Thunder Strike"],"special_seed":0,"relics":["Cracked Core","Blood Vial","Smiling Mask","Boot","WarpedTongs","Black Star","War Paint","Incense Burner","Kunai","Symbiotic Virus","Art of War","Ancient Tea Set","Sozu","Oddly Smooth Stone","Bronze Scales"],"potions_floor_usage":[],"damage_taken":[{"damage":2.0,"enemies":"2 Louse","floor":1.0,"turns":2.0},{"damage":0.0,"enemies":"Cultist","floor":3.0,"turns":2.0},{"damage":6.0,"enemies":"Jaw Worm","floor":5.0,"turns":2.0},{"damage":13.0,"enemies":"Lagavulin","floor":6.0,"turns":6.0},{"damage":1.0,"enemies":"Exordium Wildlife","floor":7.0,"turns":3.0},{"damage":9.0,"enemies":"Large Slime","floor":12.0,"turns":4.0},{"damage":0.0,"enemies":"3 Louse","floor":14.0,"turns":3.0},{"damage":15.0,"enemies":"Hexaghost","floor":16.0,"turns":7.0},{"damage":8.0,"enemies":"Spheric Guardian","floor":18.0,"turns":3.0},{"damage":3.0,"enemies":"Chosen","floor":22.0,"turns":4.0},{"damage":5.0,"enemies":"Centurion and Healer","floor":24.0,"turns":7.0},{"damage":0.0,"enemies":"Colosseum Slavers","floor":27.0,"turns":4.0},{"damage":0.0,"enemies":"Colosseum Nobs","floor":27.0,"turns":4.0},{"damage":8.0,"enemies":"3 Cultists","floor":28.0,"turns":5.0},{"damage":0.0,"enemies":"Cultist and Chosen","floor":29.0,"turns":5.0},{"damage":36.0,"enemies":"Gremlin Leader","floor":30.0,"turns":9.0},{"damage":42.0,"enemies":"Collector","floor":33.0,"turns":12.0},{"damage":7.0,"enemies":"3 Shapes","floor":35.0,"turns":3.0},{"damage":12.0,"enemies":"Orb Walker","floor":37.0,"turns":4.0},{"damage":0.0,"enemies":"Writhing Mass","floor":38.0,"turns":6.0},{"damage":11.0,"enemies":"Maw","floor":41.0,"turns":8.0},{"damage":5.0,"enemies":"4 Shapes","floor":47.0,"turns":7.0},{"damage":5.0,"enemies":"Sphere and 2 Shapes","floor":48.0,"turns":6.0},{"damage":23.0,"enemies":"Awakened One","floor":50.0,"turns":18.0},{"damage":25,"enemies":"Shield and Spear","floor":54,"turns":8},{"damage":63,"enemies":"The Heart","floor":55,"turns":8}],"seed_played":"6171892604351601771","potions_obtained":[{"floor":5.0,"key":"SpeedPotion"},{"floor":12.0,"key":"FocusPotion"},{"floor":14.0,"key":"Fire Potion"},{"floor":16.0,"key":"SkillPotion"},{"floor":22.0,"key":"SpeedPotion"},{"floor":28.0,"key":"Weak Potion"},{"floor":29.0,"key":"GamblersBrew"},{"floor":33.0,"key":"Poison Potion"}],"is_trial":false,"path_per_floor":["M","?","M","$","M","E","M","R","T","?","R","M","$","M","R","B",null,"M","$","?","?","M","R","M","R","T","?","M","M","E","?","R","B",null,"M","?","M","M","?","R","M","R","T","?","?","$","M","M","R","B",null,"R","$","E","B"],"character_chosen":"DEFECT","items_purchased":["Coolheaded","Blizzard","Go for the Eyes","Chrysalis","Thunder Strike"],"campfire_rested":2,"item_purchase_floors":[4,4,19,46,53],"current_hp_per_floor":[73,58,60,60,56,45,46,68,68,68,68,61,61,63,63,50,75,67,67,67,67,66,66,63,63,63,75,67,75,46,46,68,35,75,75,75,70,75,75,75,71,71,71,62,62,62,66,70,70,56,72,72,72,57,0],"gold":69,"neow_bonus":"RANDOM_COMMON_RELIC","is_prod":false,"is_daily":false,"chose_seed":false,"campfire_upgraded":7,"win_rate":0,"timestamp":1553376308,"path_taken":["M","?","M","$","M","E","M","R","T","?","R","?","$","M","R","BOSS","M","$","?","?","M","R","?","R","T","?","M","M","E","?","R","BOSS","M","?","M","M","?","R","?","R","T","?","?","$","?","M","R","BOSS","R","$","E","BOSS"],"build_version":"2019-01-23","purchased_purges":2,"victory":false,"max_hp_per_floor":[75,75,75,75,75,75,75,75,75,75,75,75,75,75,75,75,75,75,75,75,75,75,75,75,75,75,75,75,75,75,75,75,75,75,75,75,75,75,75,75,75,75,75,75,75,72,72,72,72,72,72,72,72,72,72],"card_choices":[{"not_picked":["Redo","Streamline"],"picked":"Ball Lightning","floor":1.0},{"not_picked":["Rip and Tear","Steam"],"picked":"Ball Lightning","floor":3.0},{"not_picked":["Redo","Darkness"],"picked":"Steam","floor":5.0},{"not_picked":["Streamline","Storm"],"picked":"Blizzard","floor":6.0},{"not_picked":["Conserve Battery","Leap"],"picked":"Reinforced Body","floor":7.0},{"not_picked":["Stack","Steam"],"picked":"Go for the Eyes","floor":12.0},{"not_picked":["Turbo","Meteor Strike"],"picked":"Barrage","floor":14.0},{"not_picked":["Rainbow","Seek"],"picked":"Core Surge","floor":16.0},{"not_picked":["Hologram","Steam"],"picked":"Coolheaded","floor":18.0},{"not_picked":["Meteor Strike","Rebound"],"picked":"Stack","floor":22.0},{"not_picked":["Rebound","Double Energy"],"picked":"Self Repair","floor":24.0},{"not_picked":["Static Discharge","Barrage+1"],"picked":"Sweeping Beam+1","floor":27.0},{"not_picked":["Steam Power","Steam"],"picked":"Compile Driver+1","floor":28.0},{"not_picked":["Ball Lightning","Rebound"],"picked":"Seek","floor":29.0},{"not_picked":["Gash","Chill"],"picked":"Glacier","floor":30.0},{"not_picked":["Thunder Strike","Meteor Strike"],"picked":"Seek","floor":33.0},{"not_picked":["Steam+1","Stack+1"],"picked":"Compile Driver","floor":35.0},{"not_picked":["Gash+1","Redo","Go for the Eyes"],"picked":"SKIP","floor":37.0},{"not_picked":["Gash+1","Streamline"],"picked":"Hologram+1","floor":38.0},{"not_picked":["Dark Shackles","Bandage Up"],"picked":"Discovery","floor":39.0},{"not_picked":["Stack","Barrage+1"],"picked":"Cold Snap","floor":41.0},{"not_picked":["Steam Power","Meteor Strike"],"picked":"Stack+1","floor":47.0},{"not_picked":["Storm+1","Go for the Eyes"],"picked":"Cold Snap","floor":48.0},{"not_picked":["Rebound+1","Redo","Leap+1"],"picked":"SKIP","floor":54}],"player_experience":322344,"relics_obtained":[{"floor":6.0,"key":"Smiling Mask"},{"floor":9.0,"key":"Boot"},{"floor":26.0,"key":"War Paint"},{"floor":27.0,"key":"Incense Burner"},{"floor":27.0,"key":"Kunai"},{"floor":30.0,"key":"Symbiotic Virus"},{"floor":30.0,"key":"Art of War"},{"floor":54,"key":"Oddly Smooth Stone"},{"floor":54,"key":"Bronze Scales"}],"event_choices":[{"damage_healed":0.0,"max_hp_gain":0.0,"max_hp_loss":0.0,"gold_gain":0.0,"event_name":"Shining Light","player_choice":"Entered Light","floor":2.0,"gold_loss":0.0,"damage_taken":15.0,"cards_upgraded":["Zap","Strike_B"]},{"damage_healed":0.0,"max_hp_gain":0.0,"max_hp_loss":0.0,"gold_gain":0.0,"event_name":"Accursed Blacksmith","player_choice":"Rummage","floor":10.0,"gold_loss":0.0,"damage_taken":0.0,"relics_obtained":["WarpedTongs"],"cards_obtained":["Pain"]},{"damage_healed":0.0,"max_hp_gain":0.0,"max_hp_loss":0.0,"gold_gain":0.0,"event_name":"The Library","player_choice":"Read","floor":20.0,"gold_loss":0.0,"damage_taken":0.0,"cards_obtained":["FTL"]},{"damage_healed":0.0,"max_hp_gain":0.0,"max_hp_loss":0.0,"gold_gain":0.0,"cards_transformed":["Strike_B","Strike_B"],"event_name":"Drug Dealer","player_choice":"Became Test Subject","floor":21.0,"gold_loss":0.0,"damage_taken":0.0,"cards_obtained":["Sunder","Lockon"]},{"damage_healed":0.0,"max_hp_gain":0.0,"max_hp_loss":0.0,"gold_gain":0.0,"event_name":"Colosseum","player_choice":"Fight","floor":27.0,"gold_loss":0.0,"damage_taken":0.0},{"damage_healed":0.0,"max_hp_gain":0.0,"max_hp_loss":0.0,"gold_gain":0.0,"event_name":"Colosseum","player_choice":"Fought Nobs","floor":27.0,"gold_loss":0.0,"damage_taken":0.0},{"damage_healed":0.0,"max_hp_gain":0.0,"max_hp_loss":0.0,"gold_gain":0.0,"event_name":"Addict","player_choice":"Obtained Relic","floor":31.0,"gold_loss":85.0,"damage_taken":0.0,"relics_obtained":["Ancient Tea Set"]},{"damage_healed":0.0,"max_hp_gain":0.0,"max_hp_loss":0.0,"gold_gain":0.0,"event_name":"Tomb of Lord Red Mask","player_choice":"Ignored","floor":36.0,"gold_loss":0.0,"damage_taken":0.0},{"damage_healed":0.0,"max_hp_gain":0.0,"max_hp_loss":0.0,"gold_gain":0.0,"event_name":"SensoryStone","player_choice":"Memory 1","floor":39.0,"gold_loss":0.0,"damage_taken":0.0},{"damage_healed":0.0,"max_hp_gain":0.0,"max_hp_loss":0.0,"gold_gain":0.0,"event_name":"Winding Halls","player_choice":"Embrace Madness","floor":44.0,"gold_loss":0.0,"damage_taken":9.0,"cards_obtained":["Madness","Madness"]},{"damage_healed":0.0,"max_hp_gain":0.0,"max_hp_loss":0.0,"gold_gain":0.0,"event_name":"The Woman in Blue","player_choice":"Bought 0 Potions","floor":45.0,"gold_loss":0.0,"damage_taken":0.0}],"is_beta":false,"boss_relics":[{"not_picked":["Tiny House","Empty Cage"],"picked":"Black Star"},{"not_picked":["Runic Pyramid","Busted Crown"],"picked":"Sozu"}],"items_purged_floors":[13,46],"is_endless":false,"potions_floor_spawned":[5,12,14,16,22,28,29,33,37,47,48,54],"killed_by":"The Heart","ascension_level":1}