{"gold_per_floor":[119,19,94,94,110,139,156,156,156,176,176,251,265,282,282,387,387,404,404,144,144,164,199,199,199],"floor_reached":25,"playtime":1518,"items_purged":["Strike_G","Decay"],"score":296,"play_id":"a4493a48-c696-4330-a745-d1dca8a930ce","local_time":"20190201130729","is_ascension_mode":false,"campfire_choices":[{"data":"Poisoned Stab","floor":8,"key":"SMITH"},{"floor":15,"key":"REST"}],"neow_cost":"NONE","seed_source_timestamp":8550457217511,"circlet_count":0,"master_deck":["Defend_G","Defend_G","Defend_G","Defend_G","Survivor","Neutralize","Poisoned Stab+1","Sucker Punch","Poisoned Stab","Corpse Explosion+1","Poisoned Stab+1","Backflip+1","Corpse Explosion+1","Flying Knee","Bane+1","Bite","Bite","Bite","Bite","Bite"],"relics":["Ring of the Snake","NeowsBlessing","Toxic Egg 2","Smiling Mask","Black Star","The Specimen","Bag of Marbles"],"potions_floor_usage":[22,22,23,23,23,23,25,25],"damage_taken":[{"damage":0,"enemies":"2 Louse","floor":1,"turns":1},{"damage":0,"enemies":"Jaw Worm","floor":5,"turns":1},{"damage":0,"enemies":"3 Sentries","floor":6,"turns":1},{"damage":4,"enemies":"Cultist","floor":7,"turns":3},{"damage":6,"enemies":"2 Fungi Beasts","floor":10,"turns":2},{"damage":8,"enemies":"Large Slime","floor":13,"turns":5},{"damage":1,"enemies":"Red Slaver","floor":14,"turns":3},{"damage":32,"enemies":"The Guardian","floor":16,"turns":10},{"damage":17,"enemies":"3 Byrds","floor":18,"turns":3},{"damage":11,"enemies":"2 Thieves","floor":22,"turns":3},{"damage":28,"enemies":"Book of Stabbing","floor":23,"turns":6},{"damage":35,"enemies":"Slavers","floor":25,"turns":4}],"seed_played":"4138335688516617377","potions_obtained":[{"floor":1,"key":"EntropicBrew"},{"floor":10,"key":"AttackPotion"},{"floor":13,"key":"Weak Potion"},{"floor":14,"key":"EssenceOfSteel"},{"floor":22,"key":"EssenceOfSteel"},{"floor":23,"key":"Block Potion"}],"is_trial":false,"path_per_floor":["M","$","?","?","M","E","M","R","T","M","?","?","M","M","R","B",null,"M","?","$","?","M","E","?","E"],"character_chosen":"THE_SILENT","items_purchased":["Sucker Punch","Corpse Explosion+1","Flying Knee"],"campfire_rested":1,"item_purchase_floors":[2,20,20],"current_hp_per_floor":[70,70,59,59,59,59,55,55,55,49,42,35,27,26,47,15,70,53,53,53,70,59,31,31,0],"gold":199,"neow_bonus":"THREE_ENEMY_KILL","is_prod":false,"is_daily":false,"chose_seed":false,"campfire_upgraded":1,"win_rate":0.0,"timestamp":1549044449,"path_taken":["M","$","?","?","M","E","M","R","T","?","?","?","?","M","R","BOSS","M","?","$","?","M","E","?","E"],"build_version":"2019-01-23","purchased_purges":2,"victory":false,"max_hp_per_floor":[70,70,70,70,70,70,70,70,70,70,70,70,70,70,70,70,70,70,70,70,70,70,70,49,49],"card_choices":[{"not_picked":["Blur","Infinite Blades"],"picked":"Poisoned Stab","floor":1},{"not_picked":["Sucker Punch","Well Laid Plans"],"picked":"Poisoned Stab","floor":5},{"not_picked":["Well Laid Plans","Quick Slash"],"picked":"Corpse Explosion","floor":6},{"not_picked":["Quick Slash","PiercingWail+1"],"picked":"Poisoned Stab","floor":7},{"not_picked":["Dagger Spray","Finisher","Quick Slash"],"picked":"SKIP","floor":10},{"not_picked":["Venomology+1","Slice","Blur+1"],"picked":"SKIP","floor":13},{"not_picked":["Blade Dance+1","Sucker Punch"],"picked":"Backflip+1","floor":14},{"not_picked":["Blade Dance+1","Well Laid Plans","Poisoned Stab"],"picked":"SKIP","floor":18},{"not_picked":["Bane","Slice+1","Well Laid Plans"],"picked":"SKIP","floor":22},{"not_picked":["Bouncing Flask+1","Dagger Throw"],"picked":"Bane+1","floor":23}],"player_experience":41062,"relics_obtained":[{"floor":6,"key":"Toxic Egg 2"},{"floor":9,"key":"Smiling Mask"},{"floor":23,"key":"The Specimen"},{"floor":23,"key":"Bag of Marbles"}],"event_choices":[{"damage_healed":0,"gold_gain":75,"player_choice":"Gather Gold","damage_taken":11,"max_hp_gain":0,"max_hp_loss":0,"event_name":"World of Goop","floor":3,"gold_loss":0},{"damage_healed":0,"gold_gain":0,"player_choice":"Upgraded","damage_taken":0,"max_hp_gain":0,"max_hp_loss":0,"event_name":"Upgrade Shrine","floor":4,"gold_loss":0,"cards_upgraded":["Poisoned Stab"]},{"cards_removed":["Defend_G"],"damage_healed":0,"gold_gain":0,"player_choice":"Card Removal","damage_taken":7,"max_hp_gain":0,"max_hp_loss":0,"event_name":"Golden Wing","floor":11,"gold_loss":0},{"damage_healed":0,"gold_gain":75,"player_choice":"Touch","damage_taken":7,"max_hp_gain":0,"max_hp_loss":0,"event_name":"FaceTrader","floor":12,"gold_loss":0},{"damage_healed":0,"gold_gain":0,"player_choice":"Smashed Altar","damage_taken":0,"max_hp_gain":0,"max_hp_loss":0,"event_name":"Forgotten Altar","floor":19,"gold_loss":0,"cards_obtained":["Decay"]},{"damage_healed":23,"gold_gain":0,"player_choice":"Heal","damage_taken":0,"max_hp_gain":0,"max_hp_loss":0,"event_name":"The Library","floor":21,"gold_loss":0},{"damage_healed":0,"gold_gain":0,"player_choice":"Became a vampire","damage_taken":0,"max_hp_gain":0,"max_hp_loss":21,"event_name":"Vampires","floor":24,"gold_loss":0,"cards_obtained":["Bite","Bite","Bite","Bite","Bite"]}],"is_beta":false,"boss_relics":[{"not_picked":["Calling Bell","Eternal Feather"],"picked":"Black Star"}],"items_purged_floors":[2,20],"is_endless":false,"potions_floor_spawned":[1,10,13,14,22,23],"killed_by":"Slavers","ascension_level":0}