{"gold_per_floor":[117,117,141,18,0,34,53,53,53,3,3,24,38,38,38,167,167,182,196,83,101,115,158,257,257,310,310,329,164,189,189,189,317,317,333,41,41,41,64,64,64],"floor_reached":41,"playtime":7258,"items_purged":["Strike_R"],"score":436,"play_id":"2c9937e9-6980-432d-85de-9b4866c2e847","local_time":"20190122085128","is_ascension_mode":false,"campfire_choices":[{"data":"Armaments","floor":8.0,"key":"SMITH"},{"data":"Inflame","floor":11.0,"key":"SMITH"},{"floor":15.0,"key":"REST"},{"floor":25.0,"key":"REST"},{"data":"Rampage","floor":27.0,"key":"SMITH"},{"floor":32.0,"key":"REST"},{"floor":40,"key":"RECALL"}],"neow_cost":"NONE","seed_source_timestamp":18211931594195,"circlet_count":0,"master_deck":["Strike_R","Strike_R","Strike_R","Defend_R","Defend_R","Defend_R","Defend_R","Reaper","Rampage+1","Headbutt","Inflame+1","Armaments+1","Battle Trance","Whirlwind","Pommel Strike","Feed","Dual Wield","Metallicize+1","Barricade+1","Flash of Steel","Disarm","Clumsy","Shame","True Grit"],"special_seed":0,"relics":["Burning Blood","Golden Idol","Frozen Egg 2","Oddly Smooth Stone","Cursed Key","Omamori","Bronze Scales","Calling Bell","Strawberry","Self Forming Clay","WingedGreaves","Mummified Hand","Anchor"],"potions_floor_usage":[33],"damage_taken":[{"damage":6.0,"enemies":"Cultist","floor":1.0,"turns":3.0},{"damage":6.0,"enemies":"2 Louse","floor":3.0,"turns":2.0},{"damage":27.0,"enemies":"Gremlin Nob","floor":6.0,"turns":4.0},{"damage":0.0,"enemies":"Small Slimes","floor":7.0,"turns":3.0},{"damage":16.0,"enemies":"Exordium Wildlife","floor":12.0,"turns":3.0},{"damage":14.0,"enemies":"Looter","floor":13.0,"turns":3.0},{"damage":54.0,"enemies":"Slime Boss","floor":16.0,"turns":8.0},{"damage":26.0,"enemies":"Shell Parasite","floor":18.0,"turns":7.0},{"damage":5.0,"enemies":"Chosen","floor":19.0,"turns":5.0},{"damage":21.0,"enemies":"Snake Plant","floor":21.0,"turns":4.0},{"damage":4.0,"enemies":"Cultist and Chosen","floor":22.0,"turns":7.0},{"damage":53.0,"enemies":"Slavers","floor":23.0,"turns":8.0},{"damage":24.0,"enemies":"Snecko","floor":28.0,"turns":7.0},{"damage":15.0,"enemies":"Snake Plant","floor":30.0,"turns":5.0},{"damage":92,"enemies":"Collector","floor":33,"turns":10},{"damage":35,"enemies":"Orb Walker","floor":35,"turns":5},{"damage":28,"enemies":"3 Darklings","floor":39,"turns":8},{"damage":103,"enemies":"Giant Head","floor":41,"turns":9}],"seed_played":"5773168692175271008","potions_obtained":[{"floor":1.0,"key":"EssenceOfSteel"},{"floor":6.0,"key":"LiquidBronze"},{"floor":12.0,"key":"Ancient Potion"},{"floor":21.0,"key":"FearPotion"},{"floor":22.0,"key":"Block Potion"},{"floor":23.0,"key":"Strength Potion"},{"floor":28.0,"key":"GamblersBrew"},{"floor":33,"key":"EssenceOfSteel"},{"floor":39,"key":"SpeedPotion"}],"is_trial":false,"path_per_floor":["M","?","M","$","?","E","M","R","T","?","R","M","M","?","R","B",null,"M","M","$","M","M","E","?","R","T","R","M","$","M","?","R","B",null,"M","$","?","$","M","R","E"],"character_chosen":"IRONCLAD","items_purchased":["Inflame","Armaments","Metallicize+1","Flash of Steel","Disarm","Mummified Hand","True Grit"],"campfire_rested":3,"item_purchase_floors":[4,4,20,29,29,36,36],"current_hp_per_floor":[80,60,68,68,68,54,60,60,60,60,60,64,57,57,80,52,80,70,82,82,67,85,53,53,80,80,80,76,76,73,73,90,27,101,83,83,83,83,82,82,0],"gold":64,"neow_bonus":"ONE_RANDOM_RARE_CARD","is_prod":false,"is_daily":false,"chose_seed":false,"campfire_upgraded":3,"win_rate":0,"timestamp":1548165088,"path_taken":["M","?","M","$","?","E","M","R","T","?","R","M","?","?","R","BOSS","M","M","$","M","M","E","?","R","T","R","M","$","M","?","R","BOSS","M","$","?","?","M","R","E"],"build_version":"2019-01-17v2","purchased_purges":1,"victory":false,"max_hp_per_floor":[80,80,80,80,80,80,80,80,80,80,80,80,80,80,80,80,80,83,87,87,87,87,90,90,90,90,90,90,90,90,90,90,94,101,104,104,104,104,104,104,104],"card_choices":[{"not_picked":["Power Through","Dual Wield"],"picked":"Rampage","floor":1.0},{"not_picked":["Combust","Flex"],"picked":"Headbutt","floor":3.0},{"not_picked":["Sword Boomerang","Clothesline"],"picked":"Battle Trance","floor":6.0},{"not_picked":["Twin Strike","Burning Pact"],"picked":"Whirlwind","floor":7.0},{"not_picked":["Body Slam","Armaments"],"picked":"Pommel Strike","floor":12.0},{"not_picked":["Wild Strike","Sentinel","Burning Pact"],"picked":"SKIP","floor":13.0},{"not_picked":["Offering","Bludgeon"],"picked":"Feed","floor":16.0},{"not_picked":["Flex+1","Armaments","Dropkick"],"picked":"SKIP","floor":18.0},{"not_picked":["Heavy Blade+1","Wild Strike+1"],"picked":"Dual Wield","floor":19.0},{"not_picked":["Iron Wave","Second Wind+1","Clash"],"picked":"SKIP","floor":21.0},{"not_picked":["Iron Wave","Entrench","Rupture+1"],"picked":"SKIP","floor":22.0},{"not_picked":["Thunderclap","Havoc+1"],"picked":"Barricade+1","floor":23.0},{"not_picked":["Body Slam","Sword Boomerang","Clothesline"],"picked":"SKIP","floor":28.0},{"not_picked":["Power Through","Perfected Strike","Intimidate"],"picked":"SKIP","floor":30.0},{"not_picked":["Searing Blow","Flex+1","Anger+1"],"picked":"SKIP","floor":35},{"not_picked":["Heavy Blade","Wild Strike","Intimidate"],"picked":"SKIP","floor":39}],"player_experience":3023711,"relics_obtained":[{"floor":6.0,"key":"Frozen Egg 2"},{"floor":9.0,"key":"Oddly Smooth Stone"},{"floor":23.0,"key":"Omamori"},{"floor":26.0,"key":"Bronze Scales"},{"floor":34,"key":"Strawberry"},{"floor":34,"key":"Self Forming Clay"},{"floor":34,"key":"WingedGreaves"}],"event_choices":[{"damage_healed":0.0,"max_hp_gain":0.0,"max_hp_loss":0.0,"gold_gain":0.0,"event_name":"Golden Idol","player_choice":"Take Damage","floor":2.0,"gold_loss":0.0,"damage_taken":20.0,"relics_obtained":["Golden Idol"]},{"damage_healed":0.0,"max_hp_gain":0.0,"max_hp_loss":0.0,"gold_gain":0.0,"event_name":"World of Goop","player_choice":"Left Gold","floor":5.0,"gold_loss":18.0,"damage_taken":0.0},{"cards_removed":["Strike_R"],"damage_healed":0.0,"max_hp_gain":0.0,"max_hp_loss":0.0,"gold_gain":0.0,"event_name":"The Cleric","player_choice":"Card Removal","floor":10.0,"gold_loss":50.0,"damage_taken":0.0},{"cards_removed":["Bash"],"damage_healed":0.0,"max_hp_gain":0.0,"max_hp_loss":0.0,"gold_gain":0.0,"event_name":"Purifier","player_choice":"Purged","floor":14.0,"gold_loss":0.0,"damage_taken":0.0},{"damage_healed":0.0,"max_hp_gain":0.0,"max_hp_loss":0.0,"gold_gain":99.0,"event_name":"Nest","player_choice":"Stole From Cult","floor":24.0,"gold_loss":0.0,"damage_taken":0.0},{"damage_healed":0.0,"max_hp_gain":0.0,"max_hp_loss":0.0,"gold_gain":0.0,"event_name":"Vampires","player_choice":"Ignored","floor":31.0,"gold_loss":0.0,"damage_taken":0.0},{"damage_healed":0,"gold_gain":0,"player_choice":"Gave Potion","damage_taken":0,"relics_obtained":["Anchor"],"max_hp_gain":0,"max_hp_loss":0,"event_name":"WeMeetAgain","floor":37,"gold_loss":0}],"is_beta":false,"boss_relics":[{"not_picked":["Empty Cage","Ectoplasm"],"picked":"Cursed Key"},{"not_picked":["Astrolabe","Mark of Pain"],"picked":"Calling Bell"}],"items_purged_floors":[20],"is_endless":false,"potions_floor_spawned":[1,6,12,21,22,23,28,33,35,39],"killed_by":"Giant Head","ascension_level":0}