{"gold_per_floor":[114,114,114,0,19,19,34,34,34,46,79,89,105,125,125,222,222,235,13,25,41,61,61,96,96,122,170,211,223,267,290,302,410,422,446,458,470,496,523,567,8,27,27,27,302,101,117,132,132,132,132,132,14,42,42],"floor_reached":56,"playtime":8279,"items_purged":["Regret","Regret"],"score":1296,"play_id":"9a6605ae-d8fd-4a11-9306-8375ad5a37ee","local_time":"20190125144606","is_ascension_mode":false,"campfire_choices":[{"data":"Zap","floor":6.0,"key":"SMITH"},{"data":"Defragment","floor":8.0,"key":"SMITH"},{"data":"Creative AI","floor":15.0,"key":"SMITH"},{"data":"Hologram","floor":23.0,"key":"SMITH"},{"floor":25.0,"key":"REST"},{"data":"Turbo","floor":32.0,"key":"SMITH"},{"floor":44.0,"key":"RECALL"},{"data":"Rainbow","floor":49.0,"key":"SMITH"},{"data":"Blizzard","floor":52.0,"key":"SMITH"}],"neow_cost":"NONE","seed_source_timestamp":0,"circlet_count":0,"master_deck":["Strike_B","Strike_B","Strike_B","Strike_B","Defend_B","Defend_B","Defend_B","Zap+1","Dualcast","Conserve Battery","Defragment+1","Sweeping Beam","Hologram+1","Ball Lightning","Creative AI+1","Cold Snap","Coolheaded","Multi-Cast","Compile Driver+1","Hello World","Electrodynamics","Turbo+1","Glacier","Chill+1","Blizzard+1","Buffer+1","Capacitor+1","Biased Cognition+1","Heatsinks+1","Finesse","Redo+1","Thinking Ahead","Metamorphosis","Fusion+1","Rainbow+1","Leap"],"special_seed":0,"relics":["Cracked Core","NeowsBlessing","Bird Faced Urn","Girya","The Courier","Sozu","Frozen Egg 2","MawBank","Red Mask","Vajra","Boot","Coffee Dripper","Matryoshka","Ancient Tea Set","Runic Capacitor","Strawberry","Molten Egg 2","DataDisk","Bottled Lightning"],"potions_floor_usage":[],"damage_taken":[{"damage":0.0,"enemies":"2 Louse","floor":1.0,"turns":1.0},{"damage":0.0,"enemies":"Cultist","floor":5.0,"turns":1.0},{"damage":0.0,"enemies":"Small Slimes","floor":7.0,"turns":1.0},{"damage":8.0,"enemies":"3 Louse","floor":10.0,"turns":2.0},{"damage":19.0,"enemies":"3 Sentries","floor":11.0,"turns":6.0},{"damage":0.0,"enemies":"Looter","floor":12.0,"turns":2.0},{"damage":0.0,"enemies":"Gremlin Gang","floor":13.0,"turns":5.0},{"damage":42.0,"enemies":"Exordium Wildlife","floor":14.0,"turns":7.0},{"damage":19.0,"enemies":"Slime Boss","floor":16.0,"turns":6.0},{"damage":0.0,"enemies":"Chosen","floor":18.0,"turns":5.0},{"damage":0.0,"enemies":"Shell Parasite","floor":20.0,"turns":4.0},{"damage":16.0,"enemies":"Shelled Parasite and Fungi","floor":21.0,"turns":11.0},{"damage":27.0,"enemies":"Cultist and Chosen","floor":22.0,"turns":7.0},{"damage":47.0,"enemies":"Slavers","floor":24.0,"turns":4.0},{"damage":0.0,"enemies":"Masked Bandits","floor":28.0,"turns":4.0},{"damage":10.0,"enemies":"Gremlin Leader","floor":30.0,"turns":6.0},{"damage":0.0,"enemies":"Sentry and Sphere","floor":31.0,"turns":5.0},{"damage":14.0,"enemies":"Automaton","floor":33.0,"turns":10.0},{"damage":0.0,"enemies":"Orb Walker","floor":35.0,"turns":3.0},{"damage":10.0,"enemies":"3 Shapes","floor":38.0,"turns":3.0},{"damage":0.0,"enemies":"Sphere and 2 Shapes","floor":39.0,"turns":5.0},{"damage":19.0,"enemies":"Giant Head","floor":40.0,"turns":12.0},{"damage":0.0,"enemies":"Maw","floor":42.0,"turns":7.0},{"damage":0.0,"enemies":"Writhing Mass","floor":47.0,"turns":8.0},{"damage":0.0,"enemies":"Jaw Worm Horde","floor":48.0,"turns":3.0},{"damage":65.0,"enemies":"Awakened One","floor":50.0,"turns":11.0},{"damage":34.0,"enemies":"Shield and Spear","floor":54.0,"turns":5.0},{"damage":65,"enemies":"The Heart","floor":55,"turns":10}],"seed_played":"273444410956764378","potions_obtained":[{"floor":3.0,"key":"EssenceOfSteel"},{"floor":3.0,"key":"FairyPotion"},{"floor":3.0,"key":"Strength Potion"},{"floor":10.0,"key":"Swift Potion"},{"floor":12.0,"key":"Block Potion"},{"floor":16.0,"key":"SneckoOil"}],"is_trial":false,"path_per_floor":["M","?","?","$","M","R","M","R","T","M","E","M","M","M","R","B",null,"M","$","M","M","M","R","E","R","T","T","?","?","E","M","R","B",null,"M","?","?","M","M","E","$","M","T","R","?","$","M","M","R","B",null,"R","$","E","B",null],"character_chosen":"DEFECT","items_purchased":["Defragment","Hello World","Electrodynamics","Turbo","Ancient Tea Set","Runic Capacitor","Thinking Ahead","Metamorphosis","Rainbow","DataDisk"],"campfire_rested":1,"item_purchase_floors":[4,19,19,19,41,41,41,41,46,53],"current_hp_per_floor":[75,75,75,75,75,75,75,75,75,67,50,50,56,30,30,23,75,75,75,75,75,50,50,17,39,39,39,47,47,45,61,61,61,75,75,75,70,75,75,60,60,75,82,82,82,82,82,82,82,31,82,82,82,56,13],"gold":42,"neow_bonus":"THREE_ENEMY_KILL","is_prod":false,"is_daily":false,"chose_seed":false,"campfire_upgraded":7,"win_rate":0,"timestamp":1548445566,"path_taken":["M","?","?","$","M","R","M","R","T","M","E","M","M","M","R","BOSS","M","$","M","M","M","R","E","R","T","?","?","?","E","M","R","BOSS","M","?","?","M","M","E","$","M","T","R","?","$","?","M","R","BOSS","R","$","E","BOSS"],"build_version":"2019-01-23","purchased_purges":2,"victory":true,"max_hp_per_floor":[75,75,75,75,75,75,75,75,75,75,75,75,75,75,75,75,75,75,75,75,75,75,75,75,75,75,75,75,75,75,75,75,75,75,75,75,75,75,75,75,75,75,82,82,82,82,82,82,82,82,82,82,82,82,82],"card_choices":[{"not_picked":["Leap","Turbo"],"picked":"Conserve Battery","floor":1.0},{"not_picked":["FTL","Hologram"],"picked":"Sweeping Beam","floor":5.0},{"not_picked":["Recycle","Rip and Tear"],"picked":"Hologram","floor":7.0},{"not_picked":["Go for the Eyes","Reprogram"],"picked":"Ball Lightning","floor":10.0},{"not_picked":["Rebound","Leap"],"picked":"Creative AI","floor":11.0},{"not_picked":["Leap","Lockon"],"picked":"Cold Snap","floor":12.0},{"not_picked":["Compile Driver","Cold Snap"],"picked":"Coolheaded","floor":13.0},{"not_picked":["Gash","Ball Lightning","Sweeping Beam"],"picked":"SKIP","floor":14.0},{"not_picked":["All For One","Machine Learning"],"picked":"Multi-Cast","floor":16.0},{"not_picked":["Barrage+1","Leap+1"],"picked":"Compile Driver+1","floor":18.0},{"not_picked":["FTL","Turbo"],"picked":"Glacier","floor":20.0},{"not_picked":["Steam Power","Leap+1","Sweeping Beam+1"],"picked":"SKIP","floor":21.0},{"not_picked":["Force Field","Aggregate"],"picked":"Chill+1","floor":22.0},{"not_picked":["Ball Lightning","Doom and Gloom"],"picked":"Blizzard","floor":24.0},{"not_picked":["Genetic Algorithm+1","Rebound"],"picked":"Buffer+1","floor":28.0},{"not_picked":["Redo","Conserve Battery"],"picked":"Capacitor+1","floor":30.0},{"not_picked":["Doom and Gloom","Leap+1","Lockon+1"],"picked":"SKIP","floor":31.0},{"not_picked":["Machine Learning+1","Hyperbeam"],"picked":"Biased Cognition+1","floor":33.0},{"not_picked":["Conserve Battery","Steam"],"picked":"Heatsinks+1","floor":35.0},{"not_picked":["The Bomb","Dramatic Entrance"],"picked":"Finesse","floor":37.0},{"not_picked":["Sweeping Beam+1","Lockon+1","Recycle+1"],"picked":"SKIP","floor":38.0},{"not_picked":["Turbo","Steam+1"],"picked":"Redo+1","floor":39.0},{"not_picked":["Leap","Streamline","Capacitor+1"],"picked":"SKIP","floor":40.0},{"not_picked":["Turbo","Ball Lightning"],"picked":"Fusion+1","floor":42.0},{"not_picked":["FTL+1","Machine Learning+1","Barrage+1"],"picked":"SKIP","floor":47.0},{"not_picked":["Chill","Leap+1","Coolheaded"],"picked":"SKIP","floor":48.0},{"not_picked":["Chill+1","Biased Cognition+1"],"picked":"Leap","floor":54.0}],"player_experience":3099060,"relics_obtained":[{"floor":9.0,"key":"Girya"},{"floor":11.0,"key":"The Courier"},{"floor":24.0,"key":"Frozen Egg 2"},{"floor":27.0,"key":"MawBank"},{"floor":28.0,"key":"Red Mask"},{"floor":30.0,"key":"Boot"},{"floor":40.0,"key":"Matryoshka"},{"floor":43.0,"key":"Strawberry"},{"floor":43.0,"key":"Molten Egg 2"},{"floor":54.0,"key":"Bottled Lightning"}],"event_choices":[{"damage_healed":0.0,"max_hp_gain":0.0,"max_hp_loss":0.0,"gold_gain":0.0,"event_name":"Big Fish","player_choice":"Box","floor":2.0,"gold_loss":0.0,"damage_taken":0.0,"relics_obtained":["Bird Faced Urn"],"cards_obtained":["Regret"]},{"damage_healed":0.0,"max_hp_gain":0.0,"max_hp_loss":0.0,"gold_gain":0.0,"event_name":"Lab","player_choice":"Got Potions","floor":3.0,"gold_loss":0.0,"damage_taken":0.0},{"damage_healed":0.0,"max_hp_gain":0.0,"max_hp_loss":0.0,"gold_gain":0.0,"event_name":"Masked Bandits","player_choice":"Fought Bandits","floor":28.0,"gold_loss":0.0,"damage_taken":0.0},{"damage_healed":0.0,"max_hp_gain":0.0,"max_hp_loss":0.0,"gold_gain":0.0,"event_name":"The Mausoleum","player_choice":"Opened","floor":29.0,"gold_loss":0.0,"damage_taken":0.0,"relics_obtained":["Vajra"]},{"cards_removed":["Defend_B"],"damage_healed":0.0,"max_hp_gain":0.0,"max_hp_loss":0.0,"gold_gain":0.0,"event_name":"Falling","player_choice":"Removed Skill","floor":36.0,"gold_loss":0.0,"damage_taken":0.0},{"damage_healed":0.0,"max_hp_gain":0.0,"max_hp_loss":0.0,"gold_gain":0.0,"event_name":"SensoryStone","player_choice":"Memory 2","floor":37.0,"gold_loss":0.0,"damage_taken":5.0},{"damage_healed":0.0,"max_hp_gain":0.0,"max_hp_loss":0.0,"gold_gain":275.0,"event_name":"Golden Shrine","player_choice":"Desecrate","floor":45.0,"gold_loss":0.0,"damage_taken":0.0,"cards_obtained":["Regret"]}],"is_beta":false,"boss_relics":[{"not_picked":["Runic Dome","White Beast Statue"],"picked":"Sozu"},{"not_picked":["Busted Crown","Orrery"],"picked":"Coffee Dripper"}],"items_purged_floors":[4,46],"is_endless":false,"potions_floor_spawned":[10,11,12,13,16,18,24,30,31,33,39,40,48],"ascension_level":0}