{"gold_per_floor":[112,37,37,37,54,54,70,102,129,144,160,160,170,190,190,294,294,304,109,129,129,148,183,183,183],"floor_reached":25,"playtime":1979,"items_purged":["Defend_G","Strike_G"],"score":225,"play_id":"a4ba2624-8d19-45de-92de-6f4e5189039f","local_time":"20190128124412","is_ascension_mode":false,"campfire_choices":[{"data":"Flying Knee","floor":6,"key":"SMITH"},{"floor":15,"key":"REST"},{"floor":24,"key":"REST"}],"neow_cost":"NONE","seed_source_timestamp":323593657035348,"circlet_count":0,"master_deck":["Defend_G","Defend_G","Defend_G","Defend_G","Strike_G","Strike_G","Strike_G+1","Strike_G+1","Survivor","Neutralize","Bouncing Flask","Flying Knee+1","Blade Dance","Flying Knee","Infinite Blades","Quick Slash","Envenom","Noxious Fumes","Poisoned Stab","Bane","Bane+1","Dagger Spray+1"],"relics":["Ring of the Snake","NeowsBlessing","Kunai","Gambling Chip","Snake Skull","Philosopher\u0027s Stone","MutagenicStrength","Blood Vial"],"potions_floor_usage":[13,13,14,14,25],"damage_taken":[{"damage":0,"enemies":"Small Slimes","floor":1,"turns":1},{"damage":0,"enemies":"Jaw Worm","floor":5,"turns":1},{"damage":0,"enemies":"Cultist","floor":7,"turns":1},{"damage":27,"enemies":"3 Sentries","floor":8,"turns":8},{"damage":10,"enemies":"Looter","floor":10,"turns":3},{"damage":4,"enemies":"Blue Slaver","floor":11,"turns":3},{"damage":0,"enemies":"3 Louse","floor":13,"turns":1},{"damage":7,"enemies":"Lots of Slimes","floor":14,"turns":4},{"damage":19,"enemies":"Hexaghost","floor":16,"turns":9},{"damage":17,"enemies":"Shell Parasite","floor":18,"turns":4},{"damage":6,"enemies":"Chosen","floor":20,"turns":4},{"damage":27,"enemies":"Snake Plant","floor":22,"turns":4},{"damage":15,"enemies":"Gremlin Leader","floor":23,"turns":5},{"damage":38,"enemies":"Slavers","floor":25,"turns":3}],"seed_played":"-582971076130537058","potions_obtained":[{"floor":1,"key":"Strength Potion"},{"floor":8,"key":"Strength Potion"},{"floor":10,"key":"FearPotion"},{"floor":13,"key":"EssenceOfSteel"},{"floor":23,"key":"Regen Potion"}],"is_trial":false,"path_per_floor":["M","$","?","T","M","R","M","E","T","M","M","?","M","M","R","B",null,"M","$","M","?","M","E","R","E"],"character_chosen":"THE_SILENT","items_purchased":["Poisoned Stab","Bane"],"campfire_rested":2,"item_purchase_floors":[19,19],"current_hp_per_floor":[70,70,56,56,56,56,56,29,29,19,15,15,15,8,29,10,70,53,53,47,47,20,5,26,0],"gold":183,"neow_bonus":"THREE_ENEMY_KILL","is_prod":false,"is_daily":false,"chose_seed":false,"campfire_upgraded":1,"win_rate":0.0,"timestamp":1548697452,"path_taken":["M","$","?","?","M","R","M","E","T","M","?","?","M","M","R","BOSS","M","$","M","?","M","E","R","E"],"build_version":"2019-01-23","purchased_purges":2,"victory":false,"max_hp_per_floor":[70,70,70,70,70,70,70,70,70,70,70,70,70,70,70,70,70,70,70,70,70,70,70,70,70],"card_choices":[{"not_picked":["Dagger Throw","Bane"],"picked":"Bouncing Flask","floor":1},{"not_picked":["Quick Slash","Bouncing Flask"],"picked":"Flying Knee","floor":5},{"not_picked":["Masterful Stab","Dash"],"picked":"Blade Dance","floor":7},{"not_picked":["Bouncing Flask","Quick Slash"],"picked":"Flying Knee","floor":8},{"not_picked":["Predator","Flying Knee"],"picked":"Infinite Blades","floor":10},{"not_picked":["Catalyst","Tactician","Tools of the Trade"],"picked":"SKIP","floor":11},{"not_picked":["PiercingWail","Prepared"],"picked":"Quick Slash","floor":13},{"not_picked":["Leg Sweep","Blade Dance","Malaise"],"picked":"SKIP","floor":14},{"not_picked":["Wraith Form v2","Burst"],"picked":"Envenom","floor":16},{"not_picked":["Dodge and Roll","Outmaneuver"],"picked":"Noxious Fumes","floor":18},{"not_picked":["Sucker Punch","PiercingWail+1"],"picked":"Bane+1","floor":20},{"not_picked":["Underhanded Strike+1","Sucker Punch+1","Blade Dance"],"picked":"SKIP","floor":22},{"not_picked":["Acrobatics","Bullet Time"],"picked":"Dagger Spray+1","floor":23}],"player_experience":30655,"relics_obtained":[{"floor":4,"key":"Kunai"},{"floor":8,"key":"Gambling Chip"},{"floor":9,"key":"Snake Skull"},{"floor":23,"key":"Blood Vial"}],"event_choices":[{"damage_healed":0,"gold_gain":0,"player_choice":"Entered Light","damage_taken":14,"max_hp_gain":0,"max_hp_loss":0,"event_name":"Shining Light","floor":3,"gold_loss":0,"cards_upgraded":["Strike_G","Strike_G"]},{"damage_healed":0,"gold_gain":0,"player_choice":"Ignored","damage_taken":0,"max_hp_gain":0,"max_hp_loss":0,"event_name":"Golden Idol","floor":12,"gold_loss":0},{"damage_healed":0,"gold_gain":0,"player_choice":"Inject Mutagens","damage_taken":0,"relics_obtained":["MutagenicStrength"],"max_hp_gain":0,"max_hp_loss":0,"event_name":"Drug Dealer","floor":21,"gold_loss":0}],"is_beta":false,"boss_relics":[{"not_picked":["Astrolabe","Ring of the Serpent"],"picked":"Philosopher\u0027s Stone"}],"items_purged_floors":[2,19],"is_endless":false,"potions_floor_spawned":[1,8,10,13,23],"killed_by":"Slavers","ascension_level":0}