{"gold_per_floor":[115,115,66,81,81,110,110,130,205,205,219,239,258,268,268,367,367,377,377,397,397,407,407,418,418],"floor_reached":25,"playtime":2145,"items_purged":[],"score":232,"play_id":"d066c5d8-8801-483a-8aeb-0d3b588f4cdb","local_time":"20190122130801","is_ascension_mode":false,"campfire_choices":[{"data":"Cleave","floor":7.0,"key":"SMITH"},{"data":"Heavy Blade","floor":10.0,"key":"SMITH"},{"floor":15.0,"key":"REST"},{"floor":23.0,"key":"REST"}],"neow_cost":"NONE","seed_source_timestamp":39218346266126,"circlet_count":0,"master_deck":["Strike_R","Strike_R","Strike_R","Strike_R","Strike_R","Defend_R","Defend_R","Defend_R","Bash+1","Iron Wave","Twin Strike","Cleave+1","Heavy Blade+1","Pommel Strike","Juggernaut","Decay","Pain","Doubt","Blood for Blood+1","Decay","Pummel+1","Shrug It Off","Body Slam+1"],"special_seed":0,"relics":["Burning Blood","NeowsBlessing","Boot","Shuriken","Calling Bell","Juzu Bracelet","Dodecahedron","Du-Vu Doll","Letter Opener"],"potions_floor_usage":[25,25,25],"damage_taken":[{"damage":0.0,"enemies":"Small Slimes","floor":1.0,"turns":1.0},{"damage":0.0,"enemies":"Jaw Worm","floor":4.0,"turns":1.0},{"damage":0.0,"enemies":"3 Sentries","floor":6.0,"turns":1.0},{"damage":6.0,"enemies":"Cultist","floor":8.0,"turns":3.0},{"damage":23.0,"enemies":"Exordium Thugs","floor":11.0,"turns":3.0},{"damage":13.0,"enemies":"Red Slaver","floor":12.0,"turns":2.0},{"damage":9.0,"enemies":"Blue Slaver","floor":13.0,"turns":3.0},{"damage":1.0,"enemies":"Exordium Thugs","floor":14.0,"turns":3.0},{"damage":18.0,"enemies":"Slime Boss","floor":16.0,"turns":6.0},{"damage":27.0,"enemies":"3 Byrds","floor":18.0,"turns":5.0},{"damage":32.0,"enemies":"2 Thieves","floor":20.0,"turns":4.0},{"damage":18.0,"enemies":"Cultist and Chosen","floor":22.0,"turns":4.0},{"damage":32.0,"enemies":"Shelled Parasite and Fungi","floor":24.0,"turns":4.0},{"damage":8,"enemies":"Colosseum Slavers","floor":25,"turns":3},{"damage":32,"enemies":"Colosseum Nobs","floor":25,"turns":3}],"seed_played":"-1893206679315334818","potions_obtained":[{"floor":4.0,"key":"Ancient Potion"},{"floor":8.0,"key":"Explosive Potion"},{"floor":11.0,"key":"Energy Potion"},{"floor":13.0,"key":"SteroidPotion"},{"floor":14.0,"key":"PowerPotion"},{"floor":22.0,"key":"Regen Potion"}],"is_trial":false,"path_per_floor":["M","?","$","M","?","E","R","M","T","R","M","M","M","M","R","B",null,"M","?","M","T","M","R","M","?"],"character_chosen":"IRONCLAD","items_purchased":["Twin Strike"],"campfire_rested":2,"item_purchase_floors":[3],"current_hp_per_floor":[80,73,73,79,79,80,80,80,80,80,63,56,53,58,80,68,80,59,59,33,33,21,45,19,0],"gold":418,"neow_bonus":"THREE_ENEMY_KILL","is_prod":false,"is_daily":false,"chose_seed":false,"campfire_upgraded":2,"win_rate":0,"timestamp":1548180481,"path_taken":["M","?","$","M","?","E","R","M","T","R","M","?","M","M","R","BOSS","M","?","M","?","M","R","M","?"],"build_version":"2019-01-17v2","purchased_purges":0,"victory":false,"max_hp_per_floor":[80,80,80,80,80,80,80,80,80,80,80,80,80,80,80,80,80,80,80,80,80,80,80,80,80],"card_choices":[{"not_picked":["Flex","Thunderclap"],"picked":"Iron Wave","floor":1.0},{"not_picked":["Searing Blow","Second Wind"],"picked":"Cleave","floor":4.0},{"not_picked":["Shrug It Off","Bloodletting"],"picked":"Heavy Blade","floor":6.0},{"not_picked":["Rage","Clash","Cleave"],"picked":"SKIP","floor":8.0},{"not_picked":["Perfected Strike","Armaments","Immolate"],"picked":"SKIP","floor":11.0},{"not_picked":["Twin Strike","Wild Strike"],"picked":"Pommel Strike","floor":12.0},{"not_picked":["Power Through","Cleave","Wild Strike"],"picked":"SKIP","floor":13.0},{"not_picked":["Cleave","Warcry","Pommel Strike"],"picked":"SKIP","floor":14.0},{"not_picked":["Immolate","Bludgeon"],"picked":"Juggernaut","floor":16.0},{"not_picked":["Twin Strike+1","Dropkick+1"],"picked":"Blood for Blood+1","floor":18.0},{"not_picked":["Uppercut","Cleave+1"],"picked":"Pummel+1","floor":20.0},{"not_picked":["Armaments","Searing Blow"],"picked":"Shrug It Off","floor":22.0},{"not_picked":["Ghostly Armor","Juggernaut"],"picked":"Body Slam+1","floor":24.0}],"player_experience":3032618,"relics_obtained":[{"floor":6.0,"key":"Boot"},{"floor":9.0,"key":"Shuriken"},{"floor":17.0,"key":"Juzu Bracelet"},{"floor":17.0,"key":"Dodecahedron"},{"floor":17.0,"key":"Du-Vu Doll"},{"floor":21.0,"key":"Letter Opener"}],"event_choices":[{"cards_removed":["Defend_R"],"damage_healed":0.0,"max_hp_gain":0.0,"max_hp_loss":0.0,"gold_gain":0.0,"event_name":"Golden Wing","player_choice":"Card Removal","floor":2.0,"gold_loss":0.0,"damage_taken":7.0},{"damage_healed":0.0,"max_hp_gain":0.0,"max_hp_loss":0.0,"gold_gain":0.0,"event_name":"Accursed Blacksmith","player_choice":"Forge","floor":5.0,"gold_loss":0.0,"damage_taken":0.0,"cards_upgraded":["Bash"]},{"damage_healed":0.0,"max_hp_gain":0.0,"max_hp_loss":0.0,"gold_gain":0.0,"event_name":"Forgotten Altar","player_choice":"Smashed Altar","floor":19.0,"gold_loss":0.0,"damage_taken":0.0,"cards_obtained":["Decay"]},{"damage_healed":0,"gold_gain":0,"player_choice":"Fight","damage_taken":0,"max_hp_gain":0,"max_hp_loss":0,"event_name":"Colosseum","floor":25,"gold_loss":0},{"damage_healed":0,"gold_gain":0,"player_choice":"Fought Nobs","damage_taken":0,"max_hp_gain":0,"max_hp_loss":0,"event_name":"Colosseum","floor":25,"gold_loss":0}],"is_beta":false,"boss_relics":[{"not_picked":["Eternal Feather","Pandora\u0027s Box"],"picked":"Calling Bell"}],"items_purged_floors":[],"is_endless":false,"potions_floor_spawned":[4,8,11,13,14,22,25],"killed_by":"Colosseum Nobs","ascension_level":0}