{"gold_per_floor":[209,21,21,103,57,57,75,110,110,128,154,154,181,191,191,294,294,313,228,228,241,12,12,27,27,27,27,1,1,28,43,43,145,145,155,155,168,168,168,168,186,186,232,248,259,276,276,0,0,0],"floor_reached":51,"playtime":4913,"items_purged":["Strike_R"],"score":918,"play_id":"a1c79eb1-ee77-4d70-b7b7-836050fa31f8","local_time":"20190322124406","is_ascension_mode":true,"campfire_choices":[{"data":"Shockwave","floor":6.0,"key":"SMITH"},{"floor":12.0,"key":"REST"},{"data":"Bash","floor":15.0,"key":"SMITH"},{"data":"True Grit","floor":23.0,"key":"SMITH"},{"data":"Armaments","floor":25.0,"key":"SMITH"},{"data":"Pommel Strike","floor":29.0,"key":"SMITH"},{"data":"Disarm","floor":32.0,"key":"SMITH"},{"data":"Exhume","floor":40,"key":"SMITH"},{"data":"Uppercut","floor":42,"key":"SMITH"},{"data":"Inflame","floor":49,"key":"SMITH"}],"neow_cost":"NONE","seed_source_timestamp":0,"circlet_count":0,"master_deck":["Strike_R","Strike_R","Strike_R","Defend_R","Defend_R","Defend_R","Defend_R","Bash+1","Shockwave+1","Inflame+1","Uppercut+1","Armaments+1","Shrug It Off","Impervious","Battle Trance","Evolve","Pommel Strike+1","True Grit+1","Metallicize+1","Shrug It Off","Disarm+1","Exhume+1","Headbutt+1","Dropkick+1","Shame","Dropkick+1"],"special_seed":0,"relics":["Burning Blood","Self Forming Clay","Regal Pillow","Mercury Hourglass","Vajra","Thread and Needle","Coffee Dripper","Frozen Egg 2","Anchor","Sundial","Nilry\u0027s Codex","Gambling Chip","Cursed Key","Bottled Tornado","Centennial Puzzle","Lantern"],"potions_floor_usage":[44,50,50],"damage_taken":[{"damage":10.0,"enemies":"Cultist","floor":1.0,"turns":5.0},{"damage":1.0,"enemies":"Jaw Worm","floor":7.0,"turns":5.0},{"damage":41.0,"enemies":"Gremlin Nob","floor":8.0,"turns":6.0},{"damage":0.0,"enemies":"Small Slimes","floor":10.0,"turns":3.0},{"damage":23.0,"enemies":"Lagavulin","floor":11.0,"turns":8.0},{"damage":20.0,"enemies":"3 Sentries","floor":13.0,"turns":6.0},{"damage":2.0,"enemies":"2 Fungi Beasts","floor":14.0,"turns":3.0},{"damage":32.0,"enemies":"Hexaghost","floor":16.0,"turns":9.0},{"damage":0.0,"enemies":"Chosen","floor":18.0,"turns":4.0},{"damage":2.0,"enemies":"2 Thieves","floor":21.0,"turns":4.0},{"damage":6.0,"enemies":"Cultist and Chosen","floor":24.0,"turns":5.0},{"damage":10.0,"enemies":"Book of Stabbing","floor":30.0,"turns":5.0},{"damage":3.0,"enemies":"3 Cultists","floor":31.0,"turns":5.0},{"damage":45.0,"enemies":"Automaton","floor":33.0,"turns":10.0},{"damage":6,"enemies":"Orb Walker","floor":35,"turns":3},{"damage":16,"enemies":"3 Darklings","floor":37,"turns":6},{"damage":8,"enemies":"Sphere and 2 Shapes","floor":41,"turns":4},{"damage":13,"enemies":"Transient","floor":44,"turns":5},{"damage":3,"enemies":"Jaw Worm Horde","floor":45,"turns":3},{"damage":0,"enemies":"Writhing Mass","floor":46,"turns":11},{"damage":28,"enemies":"Awakened One","floor":50,"turns":12}],"seed_played":"-5344211045356941934","potions_obtained":[{"floor":1.0,"key":"EssenceOfSteel"},{"floor":8.0,"key":"BloodPotion"},{"floor":13.0,"key":"Fire Potion"},{"floor":14.0,"key":"SteroidPotion"},{"floor":16.0,"key":"LiquidBronze"},{"floor":18.0,"key":"AttackPotion"},{"floor":21.0,"key":"Poison Potion"},{"floor":31.0,"key":"FearPotion"},{"floor":37,"key":"SpeedPotion"},{"floor":46,"key":"AttackPotion"}],"is_trial":false,"path_per_floor":["M","$","?","T","$","R","M","E","T","M","E","R","E","M","R","B",null,"M","?","?","M","$","R","M","R","T","?","$","R","E","M","R","B",null,"M","T","M","?","?","R","M","R","T","M","M","M","?","$","R","B",null],"character_chosen":"IRONCLAD","items_purchased":["Shockwave","Inflame","Uppercut","Armaments","Anchor","Shrug It Off","Lantern","SpeedPotion","BloodPotion"],"campfire_rested":1,"item_purchase_floors":[2,2,2,5,22,28,48,48,48],"current_hp_per_floor":[68,68,61,61,61,61,66,31,31,37,28,67,53,57,57,31,68,74,74,74,78,78,78,78,78,78,62,62,62,58,61,61,22,66,66,66,56,76,76,76,74,74,74,67,70,76,76,76,76,54],"gold":0,"neow_bonus":"HUNDRED_GOLD","is_prod":false,"is_daily":false,"chose_seed":false,"campfire_upgraded":9,"win_rate":0,"timestamp":1553273046,"path_taken":["M","$","?","?","$","R","M","E","T","M","E","R","E","M","R","BOSS","M","?","?","M","?","R","M","R","T","?","?","R","E","M","R","BOSS","M","?","M","?","?","R","M","R","T","M","?","?","?","$","R","BOSS"],"build_version":"2019-01-23","purchased_purges":1,"victory":true,"max_hp_per_floor":[80,80,80,80,80,80,80,80,80,80,80,80,80,80,80,80,80,80,80,80,80,80,80,80,80,80,80,80,80,80,80,80,80,80,80,80,80,80,80,80,80,80,80,80,80,80,80,80,80,80],"card_choices":[{"not_picked":["Havoc","Infernal Blade","Warcry"],"picked":"SKIP","floor":1.0},{"not_picked":["Combust","Havoc"],"picked":"Shrug It Off","floor":7.0},{"not_picked":["Warcry","Havoc"],"picked":"Impervious","floor":8.0},{"not_picked":["Wild Strike","Armaments","Perfected Strike"],"picked":"SKIP","floor":10.0},{"not_picked":["Armaments","Blood for Blood"],"picked":"Battle Trance","floor":11.0},{"not_picked":["Perfected Strike","Shockwave"],"picked":"Evolve","floor":13.0},{"not_picked":["Clothesline","Juggernaut"],"picked":"Pommel Strike","floor":14.0},{"not_picked":["Flex","Warcry+1","Inflame"],"picked":"SKIP","floor":18.0},{"not_picked":["Clothesline","Havoc+1"],"picked":"True Grit","floor":21.0},{"not_picked":["Bloodletting","Combust+1"],"picked":"Metallicize+1","floor":24.0},{"not_picked":["Thunderclap","Body Slam"],"picked":"Disarm","floor":30.0},{"not_picked":["Cleave","Feel No Pain+1","Searing Blow"],"picked":"SKIP","floor":31.0},{"not_picked":["Juggernaut+1","Limit Break"],"picked":"Exhume","floor":33.0},{"not_picked":["Clothesline+1","Thunderclap+1"],"picked":"Headbutt+1","floor":35},{"not_picked":["Havoc","Body Slam+1"],"picked":"Dropkick+1","floor":37},{"not_picked":["Armaments","Twin Strike+1","Wild Strike+1"],"picked":"SKIP","floor":41},{"not_picked":["Fire Breathing+1","Reckless Charge+1","Searing Blow"],"picked":"SKIP","floor":44},{"not_picked":["Searing Blow+1","Ghostly Armor+1"],"picked":"Dropkick+1","floor":45},{"not_picked":["Infernal Blade","Pummel+1","Searing Blow"],"picked":"SKIP","floor":46}],"player_experience":247955,"relics_obtained":[{"floor":4.0,"key":"Self Forming Clay"},{"floor":8.0,"key":"Regal Pillow"},{"floor":9.0,"key":"Mercury Hourglass"},{"floor":11.0,"key":"Vajra"},{"floor":13.0,"key":"Thread and Needle"},{"floor":26.0,"key":"Sundial"},{"floor":27.0,"key":"Nilry\u0027s Codex"},{"floor":30.0,"key":"Gambling Chip"},{"floor":36,"key":"Bottled Tornado"},{"floor":43,"key":"Centennial Puzzle"}],"event_choices":[{"cards_removed":["Strike_R"],"damage_healed":0.0,"max_hp_gain":0.0,"max_hp_loss":0.0,"gold_gain":0.0,"event_name":"Golden Wing","player_choice":"Card Removal","floor":3.0,"gold_loss":0.0,"damage_taken":7.0},{"damage_healed":0.0,"max_hp_gain":0.0,"max_hp_loss":0.0,"gold_gain":0.0,"event_name":"Addict","player_choice":"Obtained Relic","floor":19.0,"gold_loss":85.0,"damage_taken":0.0,"relics_obtained":["Frozen Egg 2"]},{"damage_healed":0.0,"max_hp_gain":0.0,"max_hp_loss":0.0,"gold_gain":0.0,"event_name":"Ghosts","player_choice":"Ignored","floor":20.0,"gold_loss":0.0,"damage_taken":0.0},{"damage_healed":0.0,"max_hp_gain":0.0,"max_hp_loss":0.0,"gold_gain":0.0,"event_name":"Cursed Tome","player_choice":"Obtained Book","floor":27.0,"gold_loss":0.0,"damage_taken":16.0},{"damage_healed":20,"gold_gain":0,"player_choice":"Writhe","damage_taken":0,"max_hp_gain":0,"max_hp_loss":0,"event_name":"Winding Halls","floor":38,"gold_loss":0,"cards_obtained":["Writhe"]},{"cards_removed":["Writhe","Injury"],"damage_healed":0,"gold_gain":0,"player_choice":"Removed Curses","damage_taken":0,"max_hp_gain":0,"max_hp_loss":0,"event_name":"Fountain of Cleansing","floor":39,"gold_loss":0},{"damage_healed":0,"gold_gain":0,"player_choice":"Ignored","damage_taken":0,"max_hp_gain":0,"max_hp_loss":0,"event_name":"Mysterious Sphere","floor":47,"gold_loss":0}],"is_beta":false,"boss_relics":[{"not_picked":["White Beast Statue","Runic Dome"],"picked":"Coffee Dripper"},{"not_picked":["Mark of Pain","Busted Crown"],"picked":"Cursed Key"}],"items_purged_floors":[22],"is_endless":false,"potions_floor_spawned":[1,8,13,14,16,18,21,31,37,46],"ascension_level":9}