{"gold_per_floor":[166,181,194,38,58,92,15,15,15,15,45,59,59,77,77,177,177,192,57,157,337,348,348,365,365,365,365,385,396,414,414,414,514,514,528,528,528,539,539,539,557,557,557,590,337,350,350,370,370,370],"floor_reached":51,"playtime":1258,"items_purged":["Strike_R","Strike_R+1"],"score":714,"play_id":"58745789-d56a-4ca5-9e88-351bece55ab3","local_time":"20190321040736","is_ascension_mode":false,"campfire_choices":[{"data":"Demon Form","floor":10.0,"key":"SMITH"},{"data":"Whirlwind","floor":13.0,"key":"SMITH"},{"data":"Heavy Blade","floor":15.0,"key":"SMITH"},{"data":"Strike_R","floor":23.0,"key":"PURGE"},{"data":"Strike_R","floor":25.0,"key":"PURGE"},{"data":"Defend_R","floor":27.0,"key":"PURGE"},{"floor":32.0,"key":"REST"},{"data":"Limit Break","floor":40.0,"key":"SMITH"},{"data":"Demon Form","floor":42.0,"key":"SMITH"},{"data":"Strike_R+1","floor":49.0,"key":"PURGE"}],"neow_cost":"NONE","seed_source_timestamp":67416201414243,"circlet_count":0,"master_deck":["Defend_R","Defend_R","Defend_R","Bash","Shrug It Off","Heavy Blade+1","Battle Trance","Demon Form+1","Flame Barrier","Whirlwind+1","Flame Barrier","Inflame+1","Disarm","Demon Form+1","Immolate","Corruption","Flame Barrier+1","Limit Break+1","Whirlwind+1"],"special_seed":0,"relics":["Tiny House","Centennial Puzzle","Meat on the Bone","Prayer Wheel","Busted Crown","Peace Pipe","Mummified Hand","Anchor","Sozu","Bottled Tornado","Mercury Hourglass","Bag of Marbles"],"potions_floor_usage":[50,50,50],"damage_taken":[{"damage":0.0,"enemies":"Cultist","floor":1.0,"turns":4.0},{"damage":2.0,"enemies":"Small Slimes","floor":2.0,"turns":4.0},{"damage":6.0,"enemies":"Jaw Worm","floor":3.0,"turns":3.0},{"damage":0.0,"enemies":"2 Fungi Beasts","floor":5.0,"turns":4.0},{"damage":16.0,"enemies":"3 Sentries","floor":6.0,"turns":5.0},{"damage":6.0,"enemies":"Lagavulin","floor":11.0,"turns":6.0},{"damage":9.0,"enemies":"Exordium Wildlife","floor":12.0,"turns":4.0},{"damage":0.0,"enemies":"Looter","floor":14.0,"turns":4.0},{"damage":12.0,"enemies":"The Guardian","floor":16.0,"turns":9.0},{"damage":14.0,"enemies":"Shell Parasite","floor":18.0,"turns":6.0},{"damage":0.0,"enemies":"Colosseum Slavers","floor":20.0,"turns":1.0},{"damage":5.0,"enemies":"Colosseum Nobs","floor":20.0,"turns":3.0},{"damage":0.0,"enemies":"Spheric Guardian","floor":22.0,"turns":3.0},{"damage":0.0,"enemies":"Snake Plant","floor":24.0,"turns":3.0},{"damage":14.0,"enemies":"Centurion and Healer","floor":28.0,"turns":5.0},{"damage":8.0,"enemies":"Cultist and Chosen","floor":29.0,"turns":5.0},{"damage":0.0,"enemies":"3 Cultists","floor":30.0,"turns":4.0},{"damage":3.0,"enemies":"Champ","floor":33.0,"turns":6.0},{"damage":18.0,"enemies":"3 Darklings","floor":35.0,"turns":3.0},{"damage":2.0,"enemies":"Orb Walker","floor":38.0,"turns":4.0},{"damage":6.0,"enemies":"4 Shapes","floor":41.0,"turns":3.0},{"damage":5.0,"enemies":"Giant Head","floor":44.0,"turns":5.0},{"damage":2.0,"enemies":"Writhing Mass","floor":46.0,"turns":4.0},{"damage":19.0,"enemies":"Maw","floor":48.0,"turns":5.0},{"damage":6,"enemies":"Time Eater","floor":50,"turns":4}],"seed_played":"-2363304005490822124","potions_obtained":[{"floor":0.0,"key":"EntropicBrew"},{"floor":5.0,"key":"PowerPotion"},{"floor":6.0,"key":"SpeedPotion"},{"floor":11.0,"key":"PowerPotion"},{"floor":16.0,"key":"Energy Potion"},{"floor":20.0,"key":"SkillPotion"},{"floor":22.0,"key":"EssenceOfSteel"},{"floor":29.0,"key":"Block Potion"},{"floor":30.0,"key":"SteroidPotion"},{"floor":33.0,"key":"EntropicBrew"}],"is_trial":false,"path_per_floor":["M","M","M","$","M","E","$","?","T","R","E","M","R","M","R","B",null,"M","$","?","?","M","R","M","R","T","R","M","M","M","?","R","B",null,"M","?","?","M","?","R","M","R","T","E","$","M","?","M","R","B",null],"character_chosen":"IRONCLAD","items_purchased":["Flame Barrier","Inflame","Immolate","Bag of Marbles"],"campfire_rested":1,"item_purchase_floors":[4,7,19,45],"current_hp_per_floor":[85,83,77,77,77,61,61,44,44,44,50,53,53,53,53,53,85,71,71,66,42,54,54,54,54,54,54,52,44,44,28,55,52,90,72,72,72,70,70,70,64,64,64,59,59,57,57,50,50,44],"gold":370,"neow_bonus":"BOSS_RELIC","is_prod":false,"is_daily":false,"chose_seed":false,"campfire_upgraded":5,"win_rate":0,"timestamp":1553162856,"path_taken":["M","M","M","$","?","E","$","?","T","R","E","M","R","M","R","BOSS","M","$","?","?","M","R","M","R","T","R","M","M","?","?","R","BOSS","M","?","?","M","?","R","?","R","T","E","$","M","?","M","R","BOSS"],"build_version":"2019-01-23","purchased_purges":2,"victory":true,"max_hp_per_floor":[85,85,85,85,85,85,85,85,85,85,85,85,85,85,85,85,85,85,85,85,85,85,85,85,85,85,85,85,85,85,90,90,90,90,90,85,85,85,85,85,85,85,85,85,85,85,85,85,85,85],"card_choices":[{"not_picked":["Body Slam","True Grit"],"picked":"Shrug It Off","floor":0.0},{"not_picked":["Blood for Blood","Combust"],"picked":"Heavy Blade","floor":1.0},{"not_picked":["Pommel Strike","Clash"],"picked":"Battle Trance","floor":2.0},{"not_picked":["True Grit","Fire Breathing"],"picked":"Demon Form","floor":3.0},{"not_picked":["Carnage","Twin Strike"],"picked":"Whirlwind","floor":5.0},{"not_picked":["Havoc","Headbutt"],"picked":"Flame Barrier","floor":6.0},{"not_picked":["Pummel","Flex","Warcry"],"picked":"SKIP","floor":11.0},{"not_picked":["Evolve","Body Slam","Shrug It Off"],"picked":"SKIP","floor":12.0},{"not_picked":["Iron Wave","Shrug It Off","Cleave"],"picked":"SKIP","floor":12.0},{"not_picked":["Exhume","Warcry"],"picked":"Disarm","floor":14.0},{"not_picked":["Evolve","Pummel","Thunderclap"],"picked":"SKIP","floor":14.0},{"not_picked":["Feed","Fiend Fire"],"picked":"Demon Form","floor":16.0},{"not_picked":["Pummel"],"picked":"SKIP","floor":18.0},{"not_picked":["Cleave+1"],"picked":"SKIP","floor":18.0},{"not_picked":[],"picked":"Corruption","floor":22.0},{"not_picked":["Feel No Pain"],"picked":"SKIP","floor":22.0},{"not_picked":["Headbutt"],"picked":"SKIP","floor":24.0},{"not_picked":["Power Through"],"picked":"SKIP","floor":24.0},{"not_picked":[],"picked":"Flame Barrier+1","floor":28.0},{"not_picked":["Iron Wave"],"picked":"SKIP","floor":28.0},{"not_picked":["Twin Strike"],"picked":"SKIP","floor":29.0},{"not_picked":["Thunderclap"],"picked":"SKIP","floor":29.0},{"not_picked":["Clash"],"picked":"SKIP","floor":30.0},{"not_picked":["Anger"],"picked":"SKIP","floor":30.0},{"not_picked":[],"picked":"Limit Break","floor":33.0},{"not_picked":["Headbutt"],"picked":"SKIP","floor":35.0},{"not_picked":["Flex+1"],"picked":"SKIP","floor":35.0},{"not_picked":[],"picked":"Whirlwind+1","floor":38.0},{"not_picked":["Wild Strike+1"],"picked":"SKIP","floor":38.0},{"not_picked":["Fire Breathing+1"],"picked":"SKIP","floor":41.0},{"not_picked":["Cleave"],"picked":"SKIP","floor":41.0},{"not_picked":["Rampage"],"picked":"SKIP","floor":44.0},{"not_picked":["Iron Wave"],"picked":"SKIP","floor":46.0},{"not_picked":["Sentinel"],"picked":"SKIP","floor":46.0},{"not_picked":["Sword Boomerang"],"picked":"SKIP","floor":48.0},{"not_picked":["Feel No Pain+1"],"picked":"SKIP","floor":48.0}],"player_experience":1104877,"relics_obtained":[{"floor":6.0,"key":"Centennial Puzzle"},{"floor":9.0,"key":"Meat on the Bone"},{"floor":11.0,"key":"Prayer Wheel"},{"floor":20.0,"key":"Peace Pipe"},{"floor":20.0,"key":"Mummified Hand"},{"floor":26.0,"key":"Anchor"},{"floor":43.0,"key":"Bottled Tornado"},{"floor":44.0,"key":"Mercury Hourglass"}],"event_choices":[{"damage_healed":0.0,"max_hp_gain":0.0,"max_hp_loss":0.0,"gold_gain":0.0,"event_name":"Shining Light","player_choice":"Entered Light","floor":8.0,"gold_loss":0.0,"damage_taken":17.0,"cards_upgraded":["Strike_R","Inflame"]},{"damage_healed":0.0,"max_hp_gain":0.0,"max_hp_loss":0.0,"gold_gain":0.0,"event_name":"Colosseum","player_choice":"Fight","floor":20.0,"gold_loss":0.0,"damage_taken":0.0},{"damage_healed":0.0,"max_hp_gain":0.0,"max_hp_loss":0.0,"gold_gain":0.0,"event_name":"Colosseum","player_choice":"Fought Nobs","floor":20.0,"gold_loss":0.0,"damage_taken":0.0},{"damage_healed":0.0,"max_hp_gain":0.0,"max_hp_loss":0.0,"gold_gain":180.0,"event_name":"Knowing Skull","player_choice":"GOLD GOLD ","floor":21.0,"potions_obtained":[],"gold_loss":0.0,"damage_taken":24.0,"cards_obtained":[]},{"damage_healed":0.0,"max_hp_gain":5.0,"max_hp_loss":0.0,"gold_gain":0.0,"event_name":"Forgotten Altar","player_choice":"Shed Blood","floor":31.0,"gold_loss":0.0,"damage_taken":21.0},{"damage_healed":0.0,"max_hp_gain":0.0,"max_hp_loss":5.0,"gold_gain":0.0,"event_name":"Winding Halls","player_choice":"Max HP","floor":36.0,"gold_loss":0.0,"damage_taken":0.0},{"damage_healed":0.0,"max_hp_gain":0.0,"max_hp_loss":0.0,"gold_gain":0.0,"event_name":"Tomb of Lord Red Mask","player_choice":"Ignored","floor":37.0,"gold_loss":0.0,"damage_taken":0.0},{"damage_healed":0.0,"max_hp_gain":0.0,"max_hp_loss":0.0,"gold_gain":0.0,"event_name":"Duplicator","player_choice":"Copied","floor":39.0,"gold_loss":0.0,"damage_taken":0.0,"cards_obtained":["Limit Break"]},{"cards_removed":["Limit Break"],"damage_healed":0.0,"max_hp_gain":0.0,"max_hp_loss":0.0,"gold_gain":0.0,"event_name":"Falling","player_choice":"Removed Skill","floor":47.0,"gold_loss":0.0,"damage_taken":0.0}],"is_beta":false,"boss_relics":[{"not_picked":["Ectoplasm","Pandora\u0027s Box"],"picked":"Busted Crown"},{"not_picked":["Lizard Tail","Eternal Feather"],"picked":"Sozu"}],"items_purged_floors":[4,45],"is_endless":false,"potions_floor_spawned":[5,6,11,16,20,22,29,30,33,35,38,48],"ascension_level":0}