{"gold_per_floor":[114,125,3,3,18,18,18,18,18,36,56,83,83,96,96,199,199,217,142,160,35,51,85,85,85,85,98,98,126,137,150,150,248,248,266,277,277,103,123,123,134,134,134,134,134],"floor_reached":45,"playtime":5687,"items_purged":[],"score":482,"play_id":"08b82b25-ed8e-4ffe-9ef8-498979c6985d","local_time":"20190216054947","is_ascension_mode":false,"campfire_choices":[{"data":"Footwork","floor":6.0,"key":"SMITH"},{"floor":13.0,"key":"REST"},{"data":"Footwork","floor":15.0,"key":"SMITH"},{"data":"Envenom","floor":24.0,"key":"SMITH"},{"floor":28.0,"key":"REST"},{"data":"Noxious Fumes","floor":32.0,"key":"SMITH"},{"data":"A Thousand Cuts","floor":40,"key":"SMITH"},{"data":"Night Terror","floor":42,"key":"SMITH"},{"data":"Terror","floor":44,"key":"SMITH"}],"neow_cost":"NONE","seed_source_timestamp":0,"circlet_count":0,"master_deck":["Defend_G+1","Defend_G","Defend_G+1","Strike_G","Strike_G","Survivor","Neutralize","Footwork+1","Quick Slash","Footwork+1","Swift Strike","Dagger Throw","Backflip","Dagger Spray+1","Poisoned Stab+1","Envenom+1","Dodge and Roll","Backstab+1","Noxious Fumes+1","Slice+1","PiercingWail","Deflect+1","Deadly Poison","Well Laid Plans","Backflip","Noxious Fumes+1","A Thousand Cuts+1","All Out Attack+1","Prepared+1","Calculated Gamble+1","Terror+1","Night Terror+1","Leg Sweep","Dodge and Roll","Crippling Poison+1","Poisoned Stab+1","Parasite"],"special_seed":0,"relics":["Ring of the Snake","NeowsBlessing","Molten Egg 2","War Paint","Sozu","Pen Nib","Centennial Puzzle","Pantograph","Astrolabe","Oddly Smooth Stone","Toxic Egg 2"],"potions_floor_usage":[],"damage_taken":[{"damage":0.0,"enemies":"Jaw Worm","floor":1.0,"turns":1.0},{"damage":0.0,"enemies":"Cultist","floor":2.0,"turns":1.0},{"damage":0.0,"enemies":"Small Slimes","floor":5.0,"turns":1.0},{"damage":5.0,"enemies":"Exordium Wildlife","floor":10.0,"turns":4.0},{"damage":2.0,"enemies":"Red Slaver","floor":11.0,"turns":5.0},{"damage":34.0,"enemies":"Lagavulin","floor":12.0,"turns":6.0},{"damage":8.0,"enemies":"Gremlin Gang","floor":14.0,"turns":4.0},{"damage":29.0,"enemies":"Hexaghost","floor":16.0,"turns":13.0},{"damage":0.0,"enemies":"3 Byrds","floor":18.0,"turns":4.0},{"damage":13.0,"enemies":"Spheric Guardian","floor":20.0,"turns":6.0},{"damage":4.0,"enemies":"Snecko","floor":22.0,"turns":5.0},{"damage":18.0,"enemies":"Gremlin Leader","floor":23.0,"turns":6.0},{"damage":13.0,"enemies":"Shelled Parasite and Fungi","floor":27.0,"turns":6.0},{"damage":10.0,"enemies":"Slavers","floor":29.0,"turns":5.0},{"damage":2.0,"enemies":"Centurion and Healer","floor":30.0,"turns":5.0},{"damage":0.0,"enemies":"Cultist and Chosen","floor":31.0,"turns":4.0},{"damage":20.0,"enemies":"Automaton","floor":33.0,"turns":8.0},{"damage":7.0,"enemies":"3 Shapes","floor":35.0,"turns":4.0},{"damage":17.0,"enemies":"3 Darklings","floor":36.0,"turns":6.0},{"damage":15,"enemies":"Maw","floor":39,"turns":7},{"damage":3,"enemies":"Transient","floor":41,"turns":5},{"damage":37,"enemies":"Writhing Mass","floor":45,"turns":5}],"seed_played":"2350477835658503041","potions_obtained":[{"floor":1.0,"key":"Ancient Potion"},{"floor":2.0,"key":"AttackPotion"},{"floor":5.0,"key":"Regen Potion"},{"floor":11.0,"key":"SkillPotion"},{"floor":14.0,"key":"Explosive Potion"}],"is_trial":false,"path_per_floor":["M","M","$","?","M","R","?","?","T","M","M","E","R","M","R","B",null,"M","?","M","$","M","E","R","?","T","M","R","E","M","M","R","B",null,"M","M","?","$","M","R","M","R","T","R","M"],"character_chosen":"THE_SILENT","items_purchased":["Footwork","Swift Strike","Noxious Fumes","Slice+1","Oddly Smooth Stone","Dodge and Roll"],"campfire_rested":2,"item_purchase_floors":[3,3,21,21,38,38],"current_hp_per_floor":[70,70,70,70,70,70,75,75,75,70,68,34,56,60,60,31,75,75,75,62,62,58,40,40,40,40,27,49,39,37,37,37,42,75,68,51,51,51,36,36,33,33,33,33,0],"gold":134,"neow_bonus":"THREE_ENEMY_KILL","is_prod":false,"is_daily":false,"chose_seed":false,"campfire_upgraded":7,"win_rate":0.0,"timestamp":1550314187,"path_taken":["M","M","$","?","?","R","?","?","T","M","M","E","R","M","R","BOSS","M","?","M","$","M","E","R","?","T","?","R","E","?","M","R","BOSS","M","M","?","$","?","R","M","R","T","R","M"],"build_version":"2019-01-23","purchased_purges":0,"victory":false,"max_hp_per_floor":[70,70,70,70,70,70,75,75,75,75,75,75,75,75,75,75,75,75,75,75,75,75,75,75,75,75,75,75,75,75,75,75,75,75,75,75,75,75,75,75,75,75,75,75,75],"card_choices":[{"not_picked":["PiercingWail","Escape Plan"],"picked":"Footwork","floor":1.0},{"not_picked":["PiercingWail","Underhanded Strike"],"picked":"Quick Slash","floor":2.0},{"not_picked":["Well Laid Plans","Escape Plan"],"picked":"Dagger Throw","floor":5.0},{"not_picked":["Dagger Throw+1","Distraction"],"picked":"Backflip","floor":10.0},{"not_picked":["Dagger Throw+1","Skewer+1"],"picked":"Dagger Spray+1","floor":11.0},{"not_picked":["Dagger Throw+1","Underhanded Strike+1","Eviscerate+1"],"picked":"SKIP","floor":12.0},{"not_picked":["Footwork","Flying Knee+1"],"picked":"Poisoned Stab+1","floor":14.0},{"not_picked":["Venomology","Tools of the Trade"],"picked":"Envenom","floor":16.0},{"not_picked":["Backflip","Calculated Gamble"],"picked":"Dodge and Roll","floor":18.0},{"not_picked":["Dagger Spray+1","Quick Slash+1"],"picked":"Backstab+1","floor":20.0},{"not_picked":["Backstab+1","Poisoned Stab+1"],"picked":"PiercingWail","floor":22.0},{"not_picked":["Outmaneuver+1","Blur"],"picked":"Deflect+1","floor":23.0},{"not_picked":["Prepared+1","Choke+1"],"picked":"Deadly Poison","floor":27.0},{"not_picked":["Sucker Punch+1","Dodge and Roll+1"],"picked":"Well Laid Plans","floor":29.0},{"not_picked":["Wraith Form v2","Dodge and Roll"],"picked":"Backflip","floor":30.0},{"not_picked":["Dagger Spray+1","Footwork"],"picked":"Noxious Fumes+1","floor":31.0},{"not_picked":["Unload+1","Night Terror"],"picked":"A Thousand Cuts","floor":33.0},{"not_picked":["Flying Knee+1","Slice+1","Dagger Throw+1"],"picked":"SKIP","floor":35.0},{"not_picked":["Quick Slash+1","Poisoned Stab+1"],"picked":"Terror","floor":36.0},{"not_picked":["Sucker Punch+1","Dodge and Roll+1"],"picked":"Crippling Poison+1","floor":39},{"not_picked":["Quick Slash+1","Calculated Gamble"],"picked":"Poisoned Stab+1","floor":41}],"player_experience":4131,"relics_obtained":[{"floor":9.0,"key":"Molten Egg 2"},{"floor":12.0,"key":"War Paint"},{"floor":23.0,"key":"Pen Nib"},{"floor":26.0,"key":"Centennial Puzzle"},{"floor":29.0,"key":"Pantograph"},{"floor":43,"key":"Toxic Egg 2"}],"event_choices":[{"cards_removed":["Strike_G"],"damage_healed":0.0,"max_hp_gain":0.0,"max_hp_loss":0.0,"gold_gain":0.0,"event_name":"Bonfire Elementals","player_choice":"Offered Basic","floor":4.0,"gold_loss":0.0,"damage_taken":0.0},{"damage_healed":0.0,"max_hp_gain":5.0,"max_hp_loss":0.0,"gold_gain":0.0,"event_name":"Big Fish","player_choice":"Donut","floor":7.0,"gold_loss":0.0,"damage_taken":0.0},{"damage_healed":0.0,"max_hp_gain":0.0,"max_hp_loss":0.0,"gold_gain":0.0,"event_name":"The Cleric","player_choice":"Leave","floor":8.0,"gold_loss":0.0,"damage_taken":0.0},{"cards_removed":["Defend_G"],"damage_healed":0.0,"max_hp_gain":0.0,"max_hp_loss":0.0,"gold_gain":0.0,"event_name":"Beggar","player_choice":"Gave Gold","floor":19.0,"gold_loss":75.0,"damage_taken":0.0},{"damage_healed":0.0,"max_hp_gain":0.0,"max_hp_loss":0.0,"gold_gain":0.0,"event_name":"N\u0027loth","player_choice":"Ignored","floor":25.0,"gold_loss":0.0,"damage_taken":0.0},{"damage_healed":0.0,"max_hp_gain":0.0,"max_hp_loss":0.0,"gold_gain":0.0,"event_name":"Match and Keep!","player_choice":"2 cards matched","floor":37.0,"gold_loss":0.0,"damage_taken":0.0,"cards_obtained":["Night Terror","Leg Sweep"]}],"is_beta":false,"boss_relics":[{"not_picked":["Tiny House","Runic Dome"],"picked":"Sozu"},{"not_picked":["Fusion Hammer","White Beast Statue"],"picked":"Astrolabe"}],"items_purged_floors":[],"is_endless":false,"potions_floor_spawned":[1,2,5,11,14,18,27,31,36,39,41],"killed_by":"Writhing Mass","ascension_level":0}