{"gold_per_floor":[119,139,6,24,41,70,70,70,120,270,303,172,172,187,187,265,265,277,192,51,51,51,51,71,71,96,122,122,135,135,135,135,209,209,226,273,284,22,40,40,40],"floor_reached":41,"playtime":7833,"items_purged":["Parasite"],"score":859,"play_id":"5614ec2f-07f6-4764-b83c-92edca06840d","local_time":"20190207173235","is_ascension_mode":true,"campfire_choices":[{"floor":7.0,"key":"REST"},{"floor":15.0,"key":"REST"},{"floor":23.0,"key":"REST"},{"data":"Zap","floor":25.0,"key":"SMITH"},{"floor":30.0,"key":"REST"},{"data":"Discovery","floor":32.0,"key":"SMITH"},{"floor":40.0,"key":"REST"}],"neow_cost":"TEN_PERCENT_HP_LOSS","seed_source_timestamp":19269597326732,"circlet_count":0,"master_deck":["AscendersBane","Strike_B","Strike_B","Strike_B","Strike_B","Defend_B+1","Defend_B","Defend_B+1","Defend_B","Zap+1","Dualcast","Biased Cognition","Coolheaded","Rip and Tear","Compile Driver","Discovery+1","Defragment","Compile Driver","Go for the Eyes","Darkness","Conserve Battery","All For One","Cold Snap","Barrage","Ball Lightning","Hologram","Doom and Gloom","Parasite","Seek","Turbo","Echo Form","Compile Driver","Go for the Eyes+1","Coolheaded","Sweeping Beam","Auto Shields+1","Hologram+1"],"special_seed":0,"relics":["Cracked Core","Pantograph","Omamori","War Paint","Anchor","Cursed Key","Shuriken","MutagenicStrength","Pen Nib","Thread and Needle","Runic Pyramid","Prayer Wheel","Mummified Hand"],"potions_floor_usage":[],"damage_taken":[{"damage":10.0,"enemies":"Small Slimes","floor":1.0,"turns":3.0},{"damage":7.0,"enemies":"Jaw Worm","floor":2.0,"turns":5.0},{"damage":8.0,"enemies":"2 Louse","floor":4.0,"turns":2.0},{"damage":1.0,"enemies":"2 Fungi Beasts","floor":5.0,"turns":2.0},{"damage":22.0,"enemies":"3 Sentries","floor":6.0,"turns":5.0},{"damage":15.0,"enemies":"Lagavulin","floor":11.0,"turns":5.0},{"damage":5.0,"enemies":"Looter","floor":14.0,"turns":3.0},{"damage":50.0,"enemies":"Hexaghost","floor":16.0,"turns":10.0},{"damage":25.0,"enemies":"2 Thieves","floor":18.0,"turns":3.0},{"damage":0.0,"enemies":"Chosen","floor":24.0,"turns":3.0},{"damage":20.0,"enemies":"Slavers","floor":27.0,"turns":3.0},{"damage":0.0,"enemies":"3 Cultists","floor":29.0,"turns":3.0},{"damage":27.0,"enemies":"Champ","floor":33.0,"turns":5.0},{"damage":19.0,"enemies":"3 Shapes","floor":35.0,"turns":4.0},{"damage":28.0,"enemies":"2 Orb Walkers","floor":36.0,"turns":3.0},{"damage":0.0,"enemies":"Orb Walker","floor":37.0,"turns":2.0},{"damage":12.0,"enemies":"Sphere and 2 Shapes","floor":39.0,"turns":5.0},{"damage":23,"enemies":"Reptomancer","floor":41,"turns":2}],"seed_played":"3679440761114749714","potions_obtained":[{"floor":5.0,"key":"SteroidPotion"},{"floor":6.0,"key":"FocusPotion"},{"floor":14.0,"key":"SteroidPotion"},{"floor":16.0,"key":"SkillPotion"},{"floor":18.0,"key":"Ancient Potion"},{"floor":27.0,"key":"SteroidPotion"},{"floor":33.0,"key":"SkillPotion"},{"floor":36.0,"key":"FairyPotion"}],"is_trial":false,"path_per_floor":["M","M","$","M","M","E","R","?","T","?","E","$","?","M","R","B",null,"M","?","$","?","$","R","M","R","T","E","?","M","R","T","R","B",null,"M","?","M","$","M","R","E"],"character_chosen":"DEFECT","items_purchased":["Compile Driver","Discovery","Conserve Battery","Barrage","Ball Lightning","Hologram","Mummified Hand"],"campfire_rested":5,"item_purchase_floors":[3,3,12,20,20,20,38],"current_hp_per_floor":[54,47,47,39,38,16,35,51,51,51,36,36,36,31,49,11,49,24,24,24,24,24,42,42,42,42,22,34,34,52,52,52,34,54,35,7,7,7,3,21,0],"gold":40,"neow_bonus":"THREE_RARE_CARDS","is_prod":false,"is_daily":false,"chose_seed":false,"campfire_upgraded":2,"win_rate":0,"timestamp":1549578755,"path_taken":["M","M","$","M","M","E","R","?","T","?","E","?","?","M","R","BOSS","M","?","$","?","$","R","M","R","T","E","?","M","R","?","R","BOSS","M","?","M","$","M","R","E"],"build_version":"2019-01-23","purchased_purges":1,"victory":false,"max_hp_per_floor":[64,64,64,64,64,64,64,64,64,64,64,61,61,61,61,61,61,61,61,61,61,61,61,61,61,61,61,61,61,61,61,61,61,61,61,61,61,61,61,61,61],"card_choices":[{"not_picked":["Rainbow","Creative AI"],"picked":"Biased Cognition","floor":0.0},{"not_picked":["Gash","Storm"],"picked":"Coolheaded","floor":1.0},{"not_picked":["Gash","BootSequence"],"picked":"Rip and Tear","floor":2.0},{"not_picked":["Chill","Aggregate"],"picked":"Defragment","floor":4.0},{"not_picked":["Steam","Sweeping Beam"],"picked":"Compile Driver","floor":5.0},{"not_picked":["Ball Lightning","Compile Driver"],"picked":"Go for the Eyes","floor":6.0},{"not_picked":["Tempest","Melter"],"picked":"Darkness","floor":11.0},{"not_picked":["Fusion","Stack","Gash"],"picked":"SKIP","floor":14.0},{"not_picked":["Amplify","Seek"],"picked":"All For One","floor":16.0},{"not_picked":["Go for the Eyes","Melter"],"picked":"Cold Snap","floor":18.0},{"not_picked":["Defragment","Redo"],"picked":"Doom and Gloom","floor":24.0},{"not_picked":["Lockon","Rebound+1"],"picked":"Seek","floor":27.0},{"not_picked":["Heatsinks","Blizzard"],"picked":"Turbo","floor":29.0},{"not_picked":["Reboot","Electrodynamics"],"picked":"Echo Form","floor":33.0},{"not_picked":["Streamline","Rebound"],"picked":"Compile Driver","floor":35.0},{"not_picked":["Turbo+1","Reboot"],"picked":"Go for the Eyes+1","floor":36.0},{"not_picked":["Hello World","Fusion"],"picked":"Coolheaded","floor":37.0},{"not_picked":["Consume+1","Beam Cell"],"picked":"Sweeping Beam","floor":37.0},{"not_picked":["Compile Driver","Heatsinks"],"picked":"Auto Shields+1","floor":39.0},{"not_picked":["Sweeping Beam+1","Compile Driver+1"],"picked":"Hologram+1","floor":39.0}],"player_experience":3231668,"relics_obtained":[{"floor":6.0,"key":"Pantograph"},{"floor":9.0,"key":"Omamori"},{"floor":11.0,"key":"War Paint"},{"floor":26.0,"key":"Pen Nib"},{"floor":27.0,"key":"Thread and Needle"},{"floor":36.0,"key":"Prayer Wheel"}],"event_choices":[{"damage_healed":16.0,"max_hp_gain":0.0,"max_hp_loss":0.0,"gold_gain":0.0,"event_name":"Mushrooms","player_choice":"Healed and dodged fight","floor":8.0,"gold_loss":0.0,"damage_taken":0.0,"cards_obtained":["Parasite"]},{"damage_healed":0.0,"max_hp_gain":0.0,"max_hp_loss":0.0,"gold_gain":150.0,"event_name":"Liars Game","player_choice":"AGREE","floor":10.0,"gold_loss":0.0,"damage_taken":0.0,"cards_obtained":["Doubt"]},{"damage_healed":0.0,"max_hp_gain":0.0,"max_hp_loss":0.0,"gold_gain":0.0,"event_name":"Big Fish","player_choice":"Box","floor":13.0,"gold_loss":0.0,"damage_taken":0.0,"relics_obtained":["Anchor"],"cards_obtained":["Regret"]},{"damage_healed":0.0,"max_hp_gain":0.0,"max_hp_loss":0.0,"gold_gain":0.0,"event_name":"Addict","player_choice":"Obtained Relic","floor":19.0,"gold_loss":85.0,"damage_taken":0.0,"relics_obtained":["Shuriken"]},{"damage_healed":0.0,"max_hp_gain":0.0,"max_hp_loss":0.0,"gold_gain":0.0,"event_name":"Drug Dealer","player_choice":"Inject Mutagens","floor":21.0,"gold_loss":0.0,"damage_taken":0.0,"relics_obtained":["MutagenicStrength"]},{"damage_healed":12.0,"max_hp_gain":0.0,"max_hp_loss":0.0,"gold_gain":0.0,"event_name":"The Library","player_choice":"Heal","floor":28.0,"gold_loss":0.0,"damage_taken":0.0},{"damage_healed":0.0,"max_hp_gain":0.0,"max_hp_loss":0.0,"gold_gain":0.0,"event_name":"Mysterious Sphere","player_choice":"Fight","floor":36.0,"gold_loss":0.0,"damage_taken":0.0}],"is_beta":false,"boss_relics":[{"not_picked":["FrozenCore","Coffee Dripper"],"picked":"Cursed Key"},{"not_picked":["Busted Crown","White Beast Statue"],"picked":"Runic Pyramid"}],"items_purged_floors":[12],"is_endless":false,"potions_floor_spawned":[5,6,14,16,18,27,29,33,36],"killed_by":"Reptomancer","ascension_level":20}