{"gold_per_floor":[118,131,32,50,60,60,94,94,94,105,118,143,143,143,143,221,221,240,52,52,52,65,65,83,100,126,145,145,158,178,188,188,260,260,276,291,4,4,4,4,19,47,47,47,47,47],"floor_reached":46,"playtime":5307,"items_purged":[],"score":930,"play_id":"e18b71d7-dee4-4598-bcfd-577ae383c279","local_time":"20190101215747","is_ascension_mode":true,"campfire_choices":[{"data":"True Grit","floor":6.0,"key":"SMITH"},{"floor":8.0,"key":"REST"},{"data":"Whirlwind","floor":13.0,"key":"SMITH"},{"data":"Limit Break","floor":15.0,"key":"SMITH"},{"data":"Apotheosis","floor":23.0,"key":"SMITH"},{"data":"Inflame","floor":28.0,"key":"SMITH"},{"data":"Inflame","floor":32.0,"key":"SMITH"},{"data":"Feel No Pain","floor":40.0,"key":"SMITH"},{"data":"Demon Form","floor":44.0,"key":"SMITH"}],"neow_cost":"TEN_PERCENT_HP_LOSS","seed_source_timestamp":9476256742673,"circlet_count":0,"master_deck":["AscendersBane","Bash","Limit Break+1","Headbutt","Battle Trance","Whirlwind+1","Shrug It Off","True Grit+1","Sword Boomerang","Headbutt","Inflame+1","Apotheosis+1","Bite","Bite","Bite","Bite","Bite","Double Tap","Inflame+1","Power Through","Demon Form+1","Twin Strike","Uppercut","Feel No Pain+1","Bandage Up"],"special_seed":0,"relics":["Burning Blood","Charon\u0027s Ashes","Magic Flower","Bird Faced Urn","Velvet Choker","Anchor","Pandora\u0027s Box","Medical Kit","PreservedInsect","Centennial Puzzle"],"potions_floor_usage":[],"damage_taken":[{"damage":15.0,"enemies":"2 Louse","floor":1.0,"turns":3.0},{"damage":6.0,"enemies":"Cultist","floor":2.0,"turns":4.0},{"damage":7.0,"enemies":"Small Slimes","floor":4.0,"turns":3.0},{"damage":15.0,"enemies":"Looter","floor":5.0,"turns":3.0},{"damage":28.0,"enemies":"3 Sentries","floor":7.0,"turns":9.0},{"damage":0.0,"enemies":"Exordium Wildlife","floor":10.0,"turns":4.0},{"damage":10.0,"enemies":"Lots of Slimes","floor":11.0,"turns":2.0},{"damage":8.0,"enemies":"Gremlin Nob","floor":12.0,"turns":3.0},{"damage":50.0,"enemies":"The Guardian","floor":16.0,"turns":16.0},{"damage":12.0,"enemies":"Chosen","floor":18.0,"turns":3.0},{"damage":41.0,"enemies":"Shell Parasite","floor":22.0,"turns":6.0},{"damage":24.0,"enemies":"Snake Plant","floor":24.0,"turns":3.0},{"damage":24.0,"enemies":"Centurion and Healer","floor":25.0,"turns":5.0},{"damage":29.0,"enemies":"Chosen and Byrds","floor":27.0,"turns":5.0},{"damage":48.0,"enemies":"Shelled Parasite and Fungi","floor":29.0,"turns":7.0},{"damage":30.0,"enemies":"Cultist and Chosen","floor":30.0,"turns":4.0},{"damage":33.0,"enemies":"Sentry and Sphere","floor":31.0,"turns":4.0},{"damage":22.0,"enemies":"Collector","floor":33.0,"turns":5.0},{"damage":0.0,"enemies":"Orb Walker","floor":35.0,"turns":2.0},{"damage":38.0,"enemies":"3 Darklings","floor":36.0,"turns":5.0},{"damage":21.0,"enemies":"Sphere and 2 Shapes","floor":41.0,"turns":4.0},{"damage":21.0,"enemies":"Nemesis","floor":42.0,"turns":5.0},{"damage":53,"enemies":"Donu and Deca","floor":46,"turns":5}],"seed_played":"-182360402193603581","potions_obtained":[{"floor":1.0,"key":"FearPotion"},{"floor":4.0,"key":"EssenceOfSteel"},{"floor":11.0,"key":"SteroidPotion"},{"floor":16.0,"key":"Strength Potion"},{"floor":25.0,"key":"SpeedPotion"},{"floor":27.0,"key":"Swift Potion"},{"floor":29.0,"key":"Weak Potion"},{"floor":35.0,"key":"Swift Potion"}],"is_trial":false,"path_per_floor":["M","M","$","M","M","R","E","R","T","M","M","E","R","?","R","B",null,"M","$","?","?","M","R","M","M","T","M","R","M","M","M","R","B",null,"M","M","$","?","$","R","M","E","T","R","?","B"],"character_chosen":"IRONCLAD","items_purchased":["Whirlwind","Shrug It Off","Apotheosis","Feel No Pain","Medical Kit"],"campfire_rested":1,"item_purchase_floors":[3,3,19,37,37],"current_hp_per_floor":[59,59,59,58,49,49,27,47,47,56,55,56,56,56,56,15,55,52,52,47,47,47,47,47,47,47,47,47,42,37,47,47,47,47,47,41,41,41,41,41,47,47,47,47,47,17],"gold":47,"neow_bonus":"THREE_RARE_CARDS","is_prod":false,"is_daily":false,"chose_seed":false,"campfire_upgraded":8,"win_rate":0,"timestamp":1546397867,"path_taken":["M","M","$","M","M","R","E","R","T","M","M","E","R","?","R","BOSS","M","?","?","?","?","R","M","M","T","M","R","M","M","M","R","BOSS","M","?","$","?","$","R","M","E","T","R","?","BOSS"],"build_version":"2018-12-20","purchased_purges":0,"victory":false,"max_hp_per_floor":[68,68,68,68,68,68,68,68,68,68,68,68,68,68,68,68,68,68,68,47,47,47,47,47,47,47,47,47,47,47,47,47,47,47,47,47,47,47,47,47,47,47,47,47,47,47],"card_choices":[{"not_picked":["Dark Embrace","Bludgeon"],"picked":"Limit Break","floor":0.0},{"not_picked":["Dual Wield","Wild Strike"],"picked":"Headbutt","floor":1.0},{"not_picked":["Flex","Wild Strike"],"picked":"Battle Trance","floor":2.0},{"not_picked":["Feel No Pain","Thunderclap"],"picked":"True Grit","floor":4.0},{"not_picked":["Intimidate","Cleave"],"picked":"Sword Boomerang","floor":5.0},{"not_picked":["Seeing Red","True Grit"],"picked":"Headbutt","floor":7.0},{"not_picked":["Entrench","Flex","Body Slam"],"picked":"SKIP","floor":10.0},{"not_picked":["Hemokinesis","Thunderclap","Flex"],"picked":"SKIP","floor":11.0},{"not_picked":["Immolate","Body Slam","Twin Strike"],"picked":"SKIP","floor":12.0},{"not_picked":["Uppercut","Iron Wave"],"picked":"Inflame","floor":18.0},{"not_picked":["Anger+1","Rampage","Thunderclap+1"],"picked":"SKIP","floor":22.0},{"not_picked":["Ghostly Armor","Dual Wield","Pommel Strike"],"picked":"SKIP","floor":24.0},{"not_picked":["Combust","Rage","Sever Soul"],"picked":"SKIP","floor":25.0},{"not_picked":["Sentinel","Wild Strike","Twin Strike"],"picked":"SKIP","floor":27.0},{"not_picked":["Headbutt","Pommel Strike","Armaments"],"picked":"SKIP","floor":29.0},{"not_picked":["Pummel","Uppercut"],"picked":"Double Tap","floor":30.0},{"not_picked":["Heavy Blade","Anger"],"picked":"Inflame","floor":31.0},{"not_picked":["Spot Weakness+1","Dropkick","Clothesline"],"picked":"SKIP","floor":35.0},{"not_picked":["Body Slam","Heavy Blade","Perfected Strike"],"picked":"SKIP","floor":36.0},{"not_picked":["Impatience","Dark Shackles"],"picked":"Bandage Up","floor":38.0},{"not_picked":["Cleave","Warcry","Body Slam+1"],"picked":"SKIP","floor":41.0},{"not_picked":["Exhume","Heavy Blade","Body Slam+1"],"picked":"SKIP","floor":42.0}],"player_experience":2771989,"relics_obtained":[{"floor":7.0,"key":"Charon\u0027s Ashes"},{"floor":9.0,"key":"Magic Flower"},{"floor":12.0,"key":"Bird Faced Urn"},{"floor":26.0,"key":"Anchor"},{"floor":42.0,"key":"PreservedInsect"},{"floor":43.0,"key":"Centennial Puzzle"}],"event_choices":[{"damage_healed":0.0,"max_hp_gain":0.0,"max_hp_loss":0.0,"gold_gain":0.0,"event_name":"Match and Keep!","player_choice":"0 cards matched","floor":14.0,"gold_loss":0.0,"damage_taken":0.0,"cards_obtained":[]},{"damage_healed":0.0,"max_hp_gain":0.0,"max_hp_loss":21.0,"gold_gain":0.0,"event_name":"Vampires","player_choice":"Became a vampire","floor":20.0,"gold_loss":0.0,"damage_taken":0.0,"cards_obtained":["Bite","Bite","Bite","Bite","Bite"]},{"damage_healed":0.0,"max_hp_gain":0.0,"max_hp_loss":0.0,"gold_gain":0.0,"event_name":"Ghosts","player_choice":"Ignored","floor":21.0,"gold_loss":0.0,"damage_taken":0.0},{"damage_healed":0.0,"max_hp_gain":0.0,"max_hp_loss":0.0,"gold_gain":0.0,"event_name":"SensoryStone","player_choice":"Memory 1","floor":38.0,"gold_loss":0.0,"damage_taken":0.0},{"damage_healed":0.0,"max_hp_gain":0.0,"max_hp_loss":0.0,"gold_gain":0.0,"event_name":"SecretPortal","player_choice":"Took Portal","floor":45.0,"gold_loss":0.0,"damage_taken":0.0}],"is_beta":false,"boss_relics":[{"not_picked":["Tiny House","Orrery"],"picked":"Velvet Choker"},{"not_picked":["Runic Dome","Snecko Eye"],"picked":"Pandora\u0027s Box"}],"items_purged_floors":[],"is_endless":false,"potions_floor_spawned":[1,4,11,16,25,27,29,30,35],"killed_by":"Donu and Deca","ascension_level":19}