{"gold_per_floor":[109,109,123,123,133,133,163,88,114,14,14,41,41,52,52,147,147,162,181,207,218,233,233,260,260,331,348,348,107,107,125,125,125],"floor_reached":33,"playtime":771,"items_purged":["Strike_R","Strike_R"],"score":275,"play_id":"815ee5c8-8d1a-412c-a306-0e742b1438f5","local_time":"20190324035103","is_ascension_mode":false,"campfire_choices":[{"data":"Flex","floor":6.0,"key":"SMITH"},{"data":"Thunderclap","floor":13.0,"key":"SMITH"},{"data":"Whirlwind","floor":15.0,"key":"SMITH"},{"data":"Feed","floor":23.0,"key":"SMITH"},{"data":"Juggernaut","floor":25.0,"key":"SMITH"},{"data":"Shockwave","floor":28.0,"key":"SMITH"},{"data":"Double Tap","floor":30.0,"key":"SMITH"},{"data":"Armaments","floor":32,"key":"SMITH"}],"neow_cost":"NONE","seed_source_timestamp":2392597524787,"circlet_count":0,"master_deck":["Strike_R","Strike_R","Strike_R","Defend_R","Defend_R","Defend_R","Defend_R+1","Bash+1","Thunderclap+1","Headbutt+1","Flex+1","Whirlwind+1","Feed+1","Armaments+1","Heavy Blade","Disarm","Double Tap+1","Juggernaut+1","Shockwave+1","Infernal Blade"],"special_seed":0,"relics":["Burning Blood","Bronze Scales","Ancient Tea Set","Sundial","Velvet Choker","Red Mask","Boot","Darkstone Periapt","Bottled Flame"],"potions_floor_usage":[33,33],"damage_taken":[{"damage":10.0,"enemies":"Small Slimes","floor":1.0,"turns":4.0},{"damage":0.0,"enemies":"2 Louse","floor":3.0,"turns":3.0},{"damage":1.0,"enemies":"Cultist","floor":5.0,"turns":3.0},{"damage":25.0,"enemies":"Gremlin Nob","floor":7.0,"turns":4.0},{"damage":8.0,"enemies":"3 Sentries","floor":12.0,"turns":7.0},{"damage":0.0,"enemies":"Looter","floor":14.0,"turns":3.0},{"damage":27.0,"enemies":"Slime Boss","floor":16.0,"turns":7.0},{"damage":25.0,"enemies":"3 Byrds","floor":18.0,"turns":4.0},{"damage":14.0,"enemies":"Shell Parasite","floor":19.0,"turns":5.0},{"damage":0.0,"enemies":"Masked Bandits","floor":20.0,"turns":1.0},{"damage":5.0,"enemies":"3 Cultists","floor":21.0,"turns":3.0},{"damage":15.0,"enemies":"Snecko","floor":22.0,"turns":4.0},{"damage":16.0,"enemies":"Slavers","floor":24.0,"turns":3.0},{"damage":14.0,"enemies":"Shelled Parasite and Fungi","floor":27.0,"turns":3.0},{"damage":5.0,"enemies":"Centurion and Healer","floor":31.0,"turns":4.0},{"damage":61,"enemies":"Champ","floor":33,"turns":7}],"seed_played":"-7023671012099858369","potions_obtained":[{"floor":1.0,"key":"AttackPotion"},{"floor":3.0,"key":"Weak Potion"},{"floor":7.0,"key":"FearPotion"},{"floor":14.0,"key":"PowerPotion"},{"floor":18.0,"key":"EntropicBrew"},{"floor":21.0,"key":"SteroidPotion"}],"is_trial":false,"path_per_floor":["M","?","M","?","M","R","E","$","T","$","?","E","R","M","R","B",null,"M","M","?","M","M","R","E","R","T","M","R","$","R","M","R","B"],"character_chosen":"IRONCLAD","items_purchased":["Bottled Flame"],"campfire_rested":0,"item_purchase_floors":[29],"current_hp_per_floor":[76,81,85,85,85,85,66,66,66,66,49,47,47,53,53,32,85,66,58,64,65,56,56,50,50,50,42,42,42,42,47,47,0],"gold":125,"neow_bonus":"UPGRADE_CARD","is_prod":false,"is_daily":false,"chose_seed":false,"campfire_upgraded":8,"win_rate":0,"timestamp":1553421063,"path_taken":["M","?","M","?","?","R","E","$","T","$","?","E","R","M","R","BOSS","M","M","?","M","M","R","E","R","T","M","R","$","R","M","R","BOSS"],"build_version":"2019-01-23","purchased_purges":2,"victory":false,"max_hp_per_floor":[80,85,85,85,85,85,85,85,85,85,85,85,85,85,85,85,85,85,85,85,85,85,85,89,89,89,89,89,89,89,93,93,93],"card_choices":[{"not_picked":["Bloodletting","Iron Wave","Thunderclap"],"picked":"SKIP","floor":1.0},{"not_picked":["Bloodletting","Iron Wave"],"picked":"Thunderclap","floor":1.0},{"not_picked":["Hemokinesis","Rampage"],"picked":"Headbutt","floor":3.0},{"not_picked":["Perfected Strike","Corruption"],"picked":"Flex","floor":5.0},{"not_picked":["Thunderclap","Dropkick","Pommel Strike"],"picked":"SKIP","floor":7.0},{"not_picked":["Evolve","Clash","Anger"],"picked":"SKIP","floor":12.0},{"not_picked":["Spot Weakness","Intimidate"],"picked":"Whirlwind","floor":14.0},{"not_picked":["Barricade","Brutality"],"picked":"Feed","floor":16.0},{"not_picked":["Armaments","Wild Strike","Heavy Blade"],"picked":"SKIP","floor":18.0},{"not_picked":["Wild Strike","Heavy Blade"],"picked":"Armaments","floor":18.0},{"not_picked":["Evolve","Armaments","Thunderclap"],"picked":"SKIP","floor":19.0},{"not_picked":["Perfected Strike+1","Power Through"],"picked":"Heavy Blade","floor":20.0},{"not_picked":["Body Slam","Thunderclap"],"picked":"Disarm","floor":21.0},{"not_picked":["Pommel Strike+1","Thunderclap"],"picked":"Double Tap","floor":22.0},{"not_picked":["Heavy Blade+1","Wild Strike"],"picked":"Juggernaut","floor":24.0},{"not_picked":["Anger","Clash"],"picked":"Shockwave","floor":27.0},{"not_picked":["Cleave","Perfected Strike","Infernal Blade"],"picked":"SKIP","floor":31.0},{"not_picked":["Cleave","Perfected Strike"],"picked":"Infernal Blade","floor":31.0}],"player_experience":1127518,"relics_obtained":[{"floor":7.0,"key":"Bronze Scales"},{"floor":9.0,"key":"Ancient Tea Set"},{"floor":12.0,"key":"Sundial"},{"floor":20.0,"key":"Red Mask"},{"floor":24.0,"key":"Boot"},{"floor":26.0,"key":"Darkstone Periapt"}],"event_choices":[{"damage_healed":0.0,"max_hp_gain":5.0,"max_hp_loss":0.0,"gold_gain":0.0,"event_name":"Big Fish","player_choice":"Donut","floor":2.0,"gold_loss":0.0,"damage_taken":0.0},{"damage_healed":0.0,"max_hp_gain":0.0,"max_hp_loss":0.0,"gold_gain":0.0,"event_name":"NoteForYourself","player_choice":"Ignored","floor":4.0,"gold_loss":0.0,"damage_taken":0.0},{"damage_healed":0.0,"max_hp_gain":0.0,"max_hp_loss":0.0,"gold_gain":0.0,"event_name":"Shining Light","player_choice":"Entered Light","floor":11.0,"gold_loss":0.0,"damage_taken":17.0,"cards_upgraded":["Headbutt","Defend_R"]},{"damage_healed":0.0,"max_hp_gain":0.0,"max_hp_loss":0.0,"gold_gain":0.0,"event_name":"Masked Bandits","player_choice":"Fought Bandits","floor":20.0,"gold_loss":0.0,"damage_taken":0.0}],"is_beta":false,"boss_relics":[{"not_picked":["Calling Bell","White Beast Statue"],"picked":"Velvet Choker"}],"items_purged_floors":[8,10],"is_endless":false,"potions_floor_spawned":[1,3,7,14,18,21,31],"killed_by":"Champ","ascension_level":0}