{"gold_per_floor":[112,128,128,76,88,88,88,88,88,88,116,130,148,167,167,167],"floor_reached":16,"playtime":1170,"items_purged":[],"score":138,"play_id":"b0294eb5-32b9-48ca-94c9-eab6b84f93aa","local_time":"20190324204531","is_ascension_mode":true,"campfire_choices":[{"data":"Hologram","floor":6,"key":"SMITH"},{"floor":8,"key":"REST"},{"data":"Conserve Battery","floor":15,"key":"SMITH"}],"neow_cost":"NONE","seed_source_timestamp":786748421181100,"circlet_count":0,"master_deck":["Strike_B+1","Strike_B","Strike_B","Strike_B","Defend_B","Defend_B+1","Defend_B","Defend_B","Zap","Dualcast","Meteor Strike","Coolheaded","Sweeping Beam","Hologram+1","Hologram","Reboot","Melter","Conserve Battery+1"],"relics":["Cracked Core","Art of War","Oddly Smooth Stone","Matryoshka"],"potions_floor_usage":[11,11,13,16,16],"damage_taken":[{"damage":8,"enemies":"Small Slimes","floor":1,"turns":3},{"damage":0,"enemies":"Cultist","floor":2,"turns":3},{"damage":2,"enemies":"2 Louse","floor":5,"turns":3},{"damage":1,"enemies":"Lagavulin","floor":11,"turns":8},{"damage":7,"enemies":"Blue Slaver","floor":12,"turns":4},{"damage":7,"enemies":"Large Slime","floor":13,"turns":6},{"damage":0,"enemies":"2 Fungi Beasts","floor":14,"turns":3},{"damage":23,"enemies":"Hexaghost","floor":16,"turns":11}],"seed_played":"2304229658746661720","potions_obtained":[{"floor":2,"key":"Fire Potion"},{"floor":10,"key":"FocusPotion"},{"floor":12,"key":"AttackPotion"},{"floor":14,"key":"Strength Potion"}],"is_trial":false,"path_per_floor":["M","M","?","$","M","R","?","R","T","?","E","M","M","M","R","B"],"character_chosen":"DEFECT","items_purchased":["Dexterity Potion"],"campfire_rested":1,"item_purchase_floors":[4],"current_hp_per_floor":[60,60,45,45,43,43,10,32,32,32,31,24,17,17,17,0],"gold":167,"neow_bonus":"ONE_RANDOM_RARE_CARD","is_prod":false,"is_daily":false,"chose_seed":false,"campfire_upgraded":2,"win_rate":0,"timestamp":1553456731,"path_taken":["M","M","?","$","M","R","?","R","T","?","E","M","?","M","R","BOSS"],"build_version":"2019-01-23","purchased_purges":0,"victory":false,"max_hp_per_floor":[75,75,75,75,75,75,75,75,75,75,75,75,75,75,75,75],"card_choices":[{"not_picked":["Redo","Hello World"],"picked":"Coolheaded","floor":1},{"not_picked":["Compile Driver","Beam Cell"],"picked":"Sweeping Beam","floor":2},{"not_picked":["Force Field","Reinforced Body"],"picked":"Hologram","floor":5},{"not_picked":["Stack","Heatsinks"],"picked":"Hologram","floor":11},{"not_picked":["Skim","Gash"],"picked":"Reboot","floor":12},{"not_picked":["Rebound","Lockon"],"picked":"Melter","floor":13},{"not_picked":["Coolheaded","Rebound"],"picked":"Conserve Battery","floor":14}],"player_experience":595895,"relics_obtained":[{"floor":9,"key":"Oddly Smooth Stone"},{"floor":11,"key":"Matryoshka"}],"event_choices":[{"damage_healed":0,"gold_gain":0,"player_choice":"Entered Light","damage_taken":15,"max_hp_gain":0,"max_hp_loss":0,"event_name":"Shining Light","floor":3,"gold_loss":0,"cards_upgraded":["Defend_B","Strike_B"]},{"damage_healed":0,"gold_gain":0,"player_choice":"Success","damage_taken":33,"relics_obtained":["Art of War"],"max_hp_gain":0,"max_hp_loss":0,"event_name":"Scrap Ooze","floor":7,"gold_loss":0},{"damage_healed":0,"gold_gain":0,"player_choice":"Got Potions","damage_taken":0,"max_hp_gain":0,"max_hp_loss":0,"event_name":"Lab","floor":10,"gold_loss":0}],"is_beta":false,"boss_relics":[],"items_purged_floors":[],"is_endless":false,"potions_floor_spawned":[2,12,14],"killed_by":"Hexaghost","ascension_level":7}