{"gold_per_floor":[119,24,24,24,41,41,61,61,61,61,71,71,102,117,117,217,217,236,256,272,272,304,304,304,331,331,331,341,358,23,36,36,136,136,146,160,160],"floor_reached":37,"playtime":9616,"items_purged":[],"score":441,"play_id":"28924ed4-867c-4f9c-afc3-c44932c4d2f0","local_time":"20190302031048","is_ascension_mode":false,"campfire_choices":[{"data":"Zap","floor":6,"key":"SMITH"},{"data":"Defragment","floor":10,"key":"SMITH"},{"floor":12,"key":"REST"},{"floor":15,"key":"REST"},{"floor":23,"key":"REST"},{"floor":27,"key":"RECALL"},{"floor":32,"key":"REST"}],"neow_cost":"TEN_PERCENT_HP_LOSS","seed_source_timestamp":1159563068122,"circlet_count":0,"master_deck":["Strike_B","Strike_B","Strike_B","Strike_B","Defend_B","Defend_B","Defend_B","Defend_B","Zap+1","Dualcast","Hologram+1","Defragment+1","Compile Driver","Coolheaded+1","Sweeping Beam","Turbo","Loop","Go for the Eyes","Rainbow","FTL","Conserve Battery+1","Scrape+1","Redo","Double Energy","Turbo+1","Reinforced Body+1","Static Discharge+1","Hologram+1","Amplify","Gash+1","Chill"],"relics":["Cracked Core","Gambling Chip","Question Card","War Paint","Nuclear Battery","Red Mask","Blood Vial","Regal Pillow","Frozen Egg 2","Runic Pyramid"],"potions_floor_usage":[16,22,25,25,25,33,33],"damage_taken":[{"damage":0,"enemies":"Small Slimes","floor":1,"turns":3},{"damage":9,"enemies":"Jaw Worm","floor":5,"turns":4},{"damage":2,"enemies":"Cultist","floor":7,"turns":3},{"damage":13,"enemies":"Exordium Thugs","floor":11,"turns":5},{"damage":21,"enemies":"3 Sentries","floor":13,"turns":6},{"damage":10,"enemies":"Looter","floor":14,"turns":2},{"damage":0,"enemies":"The Guardian","floor":16,"turns":11},{"damage":8,"enemies":"Shell Parasite","floor":18,"turns":4},{"damage":15,"enemies":"3 Byrds","floor":19,"turns":4},{"damage":3,"enemies":"Centurion and Healer","floor":20,"turns":6},{"damage":8,"enemies":"Masked Bandits","floor":22,"turns":4},{"damage":5,"enemies":"Slavers","floor":25,"turns":5},{"damage":3,"enemies":"Sentry and Sphere","floor":28,"turns":4},{"damage":7,"enemies":"Snecko","floor":29,"turns":7},{"damage":0,"enemies":"Centurion and Healer","floor":31,"turns":7},{"damage":16,"enemies":"Automaton","floor":33,"turns":9},{"damage":10,"enemies":"3 Shapes","floor":35,"turns":3},{"damage":38,"enemies":"3 Darklings","floor":36,"turns":5},{"damage":26,"enemies":"Spire Growth","floor":37,"turns":4}],"seed_played":"-3620765479415054289","potions_obtained":[{"floor":1,"key":"Poison Potion"},{"floor":16,"key":"Block Potion"},{"floor":22,"key":"EssenceOfSteel"},{"floor":24,"key":"SkillPotion"},{"floor":24,"key":"EntropicBrew"},{"floor":36,"key":"Fire Potion"}],"is_trial":false,"path_per_floor":["M","$","?","$","M","R","M","?","T","R","M","R","E","M","R","B",null,"M","M","M","$","?","R","?","E","T","R","M","M","$","M","R","B",null,"M","M","M"],"character_chosen":"DEFECT","items_purchased":["Defragment","Compile Driver","Frozen Egg 2","Static Discharge+1"],"campfire_rested":4,"item_purchase_floors":[2,2,30,30],"current_hp_per_floor":[68,68,68,68,59,59,57,50,50,50,37,57,36,26,46,46,68,60,45,42,42,34,54,54,49,49,49,48,43,43,45,68,52,68,58,22,0],"gold":160,"neow_bonus":"ONE_RARE_RELIC","is_prod":false,"is_daily":false,"chose_seed":false,"campfire_upgraded":2,"win_rate":0,"timestamp":1551514248,"path_taken":["M","$","?","$","M","R","M","?","T","R","M","R","E","M","R","BOSS","M","M","M","$","?","R","?","E","T","R","M","M","$","?","R","BOSS","M","M","M"],"build_version":"2019-01-23","purchased_purges":0,"victory":false,"max_hp_per_floor":[68,68,68,68,68,68,68,68,68,68,68,68,68,68,68,68,68,68,68,68,68,68,68,68,68,68,68,68,68,68,68,68,68,68,68,68,68],"card_choices":[{"not_picked":["Storm","Conserve Battery"],"picked":"Hologram","floor":1},{"not_picked":["Compile Driver","Beam Cell","Rip and Tear"],"picked":"Coolheaded","floor":5},{"not_picked":["Rebound","Stack","Lockon"],"picked":"Sweeping Beam","floor":7},{"not_picked":["Capacitor","Loop","Conserve Battery"],"picked":"Turbo","floor":11},{"not_picked":["Cold Snap","Melter","Stack"],"picked":"Loop","floor":13},{"not_picked":["Steam","Reinforced Body","Coolheaded"],"picked":"Go for the Eyes","floor":14},{"not_picked":["Echo Form","Hyperbeam","Buffer"],"picked":"Rainbow","floor":16},{"not_picked":["Sweeping Beam","Loop","Heatsinks+1"],"picked":"FTL","floor":18},{"not_picked":["Hologram+1","Ball Lightning","Melter"],"picked":"Conserve Battery+1","floor":19},{"not_picked":["Storm","Leap","Reboot"],"picked":"Scrape+1","floor":20},{"not_picked":["BootSequence","Conserve Battery+1","Go for the Eyes"],"picked":"Redo","floor":22},{"not_picked":["Coolheaded","Undo","Beam Cell"],"picked":"Double Energy","floor":25},{"not_picked":["Reinforced Body","Sweeping Beam","Streamline+1"],"picked":"Turbo+1","floor":28},{"not_picked":["FTL","Beam Cell","Redo"],"picked":"Reinforced Body+1","floor":29},{"not_picked":["Blizzard","Double Energy+1","Compile Driver"],"picked":"Hologram+1","floor":31},{"not_picked":["Hyperbeam","Reboot","Machine Learning+1"],"picked":"Amplify","floor":33},{"not_picked":["Rip and Tear","Reinforced Body+1","Reprogram"],"picked":"Gash+1","floor":35},{"not_picked":["Beam Cell","Rebound+1","Go for the Eyes"],"picked":"Chill","floor":36}],"player_experience":124249,"relics_obtained":[{"floor":13,"key":"War Paint"},{"floor":22,"key":"Red Mask"},{"floor":25,"key":"Blood Vial"},{"floor":26,"key":"Regal Pillow"}],"event_choices":[{"damage_healed":0,"gold_gain":0,"player_choice":"Box","damage_taken":0,"relics_obtained":["Question Card"],"max_hp_gain":0,"max_hp_loss":0,"event_name":"Big Fish","floor":3,"gold_loss":0,"cards_obtained":["Regret"]},{"cards_removed":["Regret"],"damage_healed":0,"gold_gain":0,"player_choice":"Card Removal","damage_taken":7,"max_hp_gain":0,"max_hp_loss":0,"event_name":"Golden Wing","floor":8,"gold_loss":0},{"damage_healed":0,"gold_gain":0,"player_choice":"Fought Bandits","damage_taken":0,"max_hp_gain":0,"max_hp_loss":0,"event_name":"Masked Bandits","floor":22,"gold_loss":0},{"damage_healed":0,"gold_gain":0,"player_choice":"Got Potions","damage_taken":0,"max_hp_gain":0,"max_hp_loss":0,"event_name":"Lab","floor":24,"gold_loss":0}],"is_beta":false,"boss_relics":[{"not_picked":["Velvet Choker","Orrery"],"picked":"Nuclear Battery"},{"not_picked":["Empty Cage","Calling Bell"],"picked":"Runic Pyramid"}],"items_purged_floors":[],"is_endless":false,"potions_floor_spawned":[1,16,22,25,28,31,36],"killed_by":"Spire Growth","ascension_level":0}