{"gold_per_floor":[369,379,54,70,70,70,100,117,117,117,130,130,142,43,43,43],"floor_reached":16,"playtime":460,"items_purged":["Decay"],"score":204,"play_id":"e202741d-1baa-437e-b14e-6a5ab2a6db82","local_time":"20190325122314","is_ascension_mode":true,"campfire_choices":[{"data":"Sunder","floor":6.0,"key":"SMITH"},{"data":"Zap","floor":10.0,"key":"SMITH"},{"data":"Dualcast","floor":12.0,"key":"SMITH"},{"floor":15,"key":"REST"}],"neow_cost":"CURSE","seed_source_timestamp":436220708991565,"circlet_count":0,"master_deck":["AscendersBane","Strike_B","Strike_B","Strike_B","Strike_B","Defend_B","Defend_B","Defend_B","Defend_B","Zap+1","Dualcast+1","Sunder+1","Genetic Algorithm+1","Glacier","BootSequence","Cold Snap","Ball Lightning","Discovery"],"special_seed":0,"relics":["Cracked Core","Orichalcum","Gambling Chip","Prayer Wheel"],"potions_floor_usage":[13,16],"damage_taken":[{"damage":11.0,"enemies":"Small Slimes","floor":1.0,"turns":4.0},{"damage":8.0,"enemies":"Cultist","floor":2.0,"turns":3.0},{"damage":2.0,"enemies":"Jaw Worm","floor":4.0,"turns":5.0},{"damage":20.0,"enemies":"Lagavulin","floor":7.0,"turns":6.0},{"damage":3.0,"enemies":"3 Louse","floor":8.0,"turns":4.0},{"damage":1.0,"enemies":"Large Slime","floor":11.0,"turns":4.0},{"damage":16,"enemies":"Exordium Thugs","floor":13,"turns":3},{"damage":26,"enemies":"Hexaghost","floor":16,"turns":10}],"seed_played":"-3540568012491405430","potions_obtained":[{"floor":2.0,"key":"Poison Potion"},{"floor":8.0,"key":"FearPotion"},{"floor":11.0,"key":"Ancient Potion"}],"is_trial":false,"path_per_floor":["M","M","$","M","?","R","E","M","T","R","M","R","M","$","R","B"],"character_chosen":"DEFECT","items_purchased":["Orichalcum","Glacier","Discovery"],"campfire_rested":1,"item_purchase_floors":[3,3,14],"current_hp_per_floor":[53,45,45,43,43,43,23,20,20,20,19,19,3,3,24,0],"gold":43,"neow_bonus":"TWO_FIFTY_GOLD","is_prod":false,"is_daily":false,"chose_seed":false,"campfire_upgraded":3,"win_rate":0,"timestamp":1553512994,"path_taken":["M","M","$","M","?","R","E","M","T","R","?","R","M","$","R","BOSS"],"build_version":"2019-01-23","purchased_purges":1,"victory":false,"max_hp_per_floor":[71,71,71,71,71,71,71,71,71,71,71,71,71,71,71,71],"card_choices":[{"not_picked":["Tempest","Steam"],"picked":"Sunder","floor":1.0},{"not_picked":["Lockon","Redo"],"picked":"Genetic Algorithm","floor":2.0},{"not_picked":["Melter","Aggregate","Compile Driver"],"picked":"SKIP","floor":4.0},{"not_picked":["Tempest","Steam"],"picked":"BootSequence","floor":7.0},{"not_picked":["Heatsinks","Coolheaded"],"picked":"Cold Snap","floor":8.0},{"not_picked":["Chaos","Leap"],"picked":"Ball Lightning","floor":11.0},{"not_picked":["Hello World","Reboot","Double Energy"],"picked":"SKIP","floor":11.0},{"not_picked":["Storm","Consume","Go for the Eyes"],"picked":"SKIP","floor":13},{"not_picked":["Auto Shields","Ball Lightning","Leap"],"picked":"SKIP","floor":13}],"player_experience":1113557,"relics_obtained":[{"floor":7.0,"key":"Gambling Chip"},{"floor":9.0,"key":"Prayer Wheel"}],"event_choices":[{"damage_healed":0.0,"max_hp_gain":0.0,"max_hp_loss":0.0,"gold_gain":0.0,"event_name":"Accursed Blacksmith","player_choice":"Forge","floor":5.0,"gold_loss":0.0,"damage_taken":0.0,"cards_upgraded":["Genetic Algorithm"]}],"is_beta":false,"boss_relics":[],"items_purged_floors":[3],"is_endless":false,"potions_floor_spawned":[2,8,11],"killed_by":"Hexaghost","ascension_level":20}