{"gold_per_floor":[117,117,71,45,45,45,55,88,88,163,163,14,14,25,25,126,176,191,45,45,57,57,57,82,82,82,82,115,115,214,245,245,245],"floor_reached":33,"playtime":2416,"items_purged":["Strike_R"],"score":369,"play_id":"1278e9d0-1218-4738-b38d-d77b2ad25929","local_time":"20190312124207","is_ascension_mode":true,"campfire_choices":[{"data":"Flex","floor":6,"key":"SMITH"},{"data":"Inflame","floor":11,"key":"SMITH"},{"data":"Heavy Blade","floor":13,"key":"SMITH"},{"data":"Battle Trance","floor":15,"key":"SMITH"},{"data":"Immolate","floor":23,"key":"SMITH"},{"data":"Double Tap","floor":25,"key":"SMITH"},{"data":"Reaper","floor":29,"key":"SMITH"},{"floor":32,"key":"REST"}],"neow_cost":"NONE","seed_source_timestamp":786062647254917,"circlet_count":0,"master_deck":["Strike_R","Strike_R","Strike_R","Strike_R","Defend_R+1","Defend_R","Defend_R","Bash+1","Pommel Strike","Shrug It Off","Iron Wave","Flex+1","Heavy Blade+1","Inflame+1","Battle Trance+1","Immolate+1","True Grit","Double Tap+1","Perfected Strike","Reaper+1"],"relics":["Burning Blood","Orichalcum","Mummified Hand","Bottled Lightning","Tiny House","Charon\u0027s Ashes","Champion Belt","Potion Belt","Bottled Flame","Ice Cream"],"potions_floor_usage":[18,24,28,33],"damage_taken":[{"damage":4,"enemies":"Small Slimes","floor":1,"turns":4},{"damage":0,"enemies":"Cultist","floor":7,"turns":3},{"damage":26,"enemies":"Lagavulin","floor":8,"turns":6},{"damage":3,"enemies":"2 Louse","floor":14,"turns":2},{"damage":6,"enemies":"Slime Boss","floor":16,"turns":8},{"damage":5,"enemies":"3 Byrds","floor":18,"turns":5},{"damage":14,"enemies":"Shell Parasite","floor":21,"turns":3},{"damage":33,"enemies":"Book of Stabbing","floor":24,"turns":4},{"damage":9,"enemies":"Gremlin Leader","floor":28,"turns":7},{"damage":48,"enemies":"Book of Stabbing","floor":31,"turns":5},{"damage":104,"enemies":"Collector","floor":33,"turns":8}],"seed_played":"-4191347031087331480","potions_obtained":[{"floor":8,"key":"Energy Potion"},{"floor":17,"key":"FairyPotion"},{"floor":18,"key":"Block Potion"},{"floor":21,"key":"SpeedPotion"},{"floor":31,"key":"Dexterity Potion"}],"is_trial":false,"path_per_floor":["M","?","$","$","?","R","M","E","T","?","R","$","R","M","R","B",null,"M","$","?","M","?","R","E","R","T","?","E","R","?","E","R","B"],"character_chosen":"IRONCLAD","items_purchased":["Shrug It Off","Iron Wave","Battle Trance","Double Tap"],"campfire_rested":1,"item_purchase_floors":[3,4,12,19],"current_hp_per_floor":[80,80,80,80,80,80,80,60,60,49,49,49,49,52,52,52,78,79,79,79,71,71,71,44,44,44,44,57,57,57,15,40,0],"gold":245,"neow_bonus":"UPGRADE_CARD","is_prod":false,"is_daily":false,"chose_seed":false,"campfire_upgraded":7,"win_rate":0,"timestamp":1552408927,"path_taken":["M","?","?","$","?","R","?","E","T","?","R","$","R","M","R","BOSS","M","$","?","?","?","R","E","R","T","?","E","R","?","E","R","BOSS"],"build_version":"2019-01-23","purchased_purges":1,"victory":false,"max_hp_per_floor":[80,80,80,80,80,80,80,80,80,80,80,80,80,80,80,80,85,85,85,85,85,85,85,85,85,85,85,85,85,85,85,85,85],"card_choices":[{"not_picked":["Headbutt","Thunderclap"],"picked":"Pommel Strike","floor":1},{"not_picked":["Dual Wield","Reckless Charge"],"picked":"Heavy Blade","floor":7},{"not_picked":["Headbutt","Rage"],"picked":"Inflame","floor":8},{"not_picked":["Clash","Flex","Heavy Blade"],"picked":"SKIP","floor":14},{"not_picked":["Dark Embrace","Demon Form"],"picked":"Immolate","floor":16},{"not_picked":["Rage","Iron Wave"],"picked":"True Grit","floor":17},{"not_picked":["Seeing Red","Cleave","Rampage+1"],"picked":"SKIP","floor":18},{"not_picked":["Perfected Strike","Body Slam+1","Flex"],"picked":"SKIP","floor":21},{"not_picked":["Body Slam","Shrug It Off"],"picked":"Reaper","floor":24},{"not_picked":["Juggernaut","Burning Pact","Wild Strike+1"],"picked":"SKIP","floor":28},{"not_picked":["Flex","Juggernaut","Power Through"],"picked":"SKIP","floor":31}],"player_experience":151875,"relics_obtained":[{"floor":2,"key":"Orichalcum"},{"floor":8,"key":"Mummified Hand"},{"floor":9,"key":"Bottled Lightning"},{"floor":24,"key":"Charon\u0027s Ashes"},{"floor":26,"key":"Champion Belt"},{"floor":28,"key":"Bottled Flame"},{"floor":31,"key":"Ice Cream"}],"event_choices":[{"damage_healed":0,"gold_gain":0,"player_choice":"Relic","damage_taken":0,"max_hp_gain":0,"max_hp_loss":0,"event_name":"Wheel of Change","floor":2,"gold_loss":0},{"damage_healed":0,"gold_gain":0,"player_choice":"1 cards matched","damage_taken":0,"max_hp_gain":0,"max_hp_loss":0,"event_name":"Match and Keep!","floor":5,"gold_loss":0,"cards_obtained":["Flex"]},{"damage_healed":0,"gold_gain":75,"player_choice":"Gather Gold","damage_taken":11,"max_hp_gain":0,"max_hp_loss":0,"event_name":"World of Goop","floor":10,"gold_loss":0},{"damage_healed":0,"gold_gain":0,"cards_transformed":["Defend_R"],"player_choice":"Transformed","damage_taken":0,"max_hp_gain":0,"max_hp_loss":0,"event_name":"Transmorgrifier","floor":20,"gold_loss":0,"cards_obtained":["Perfected Strike"]},{"damage_healed":0,"gold_gain":0,"player_choice":"Ignored","damage_taken":0,"max_hp_gain":0,"max_hp_loss":0,"event_name":"Beggar","floor":22,"gold_loss":0},{"damage_healed":0,"gold_gain":0,"player_choice":"Opened","damage_taken":0,"relics_obtained":["Potion Belt"],"max_hp_gain":0,"max_hp_loss":0,"event_name":"The Mausoleum","floor":27,"gold_loss":0},{"damage_healed":0,"gold_gain":99,"player_choice":"Stole From Cult","damage_taken":0,"max_hp_gain":0,"max_hp_loss":0,"event_name":"Nest","floor":30,"gold_loss":0}],"is_beta":false,"boss_relics":[{"not_picked":["Pandora\u0027s Box","Astrolabe"],"picked":"Tiny House"}],"items_purged_floors":[12],"is_endless":false,"potions_floor_spawned":[8,18,21,31],"killed_by":"Collector","ascension_level":5}