{"gold_per_floor":[119,119,69,90,113,113,157,157,157,157,192,44,44,65,65,186,186,169,30,30,46,46,46,46],"floor_reached":24,"playtime":978,"items_purged":[],"score":202,"play_id":"ad51a8ea-6749-498c-a402-14752d901130","local_time":"20190318100727","is_ascension_mode":false,"campfire_choices":[{"data":"Bash","floor":6,"key":"SMITH"},{"data":"Whirlwind","floor":8,"key":"SMITH"},{"data":"Armaments","floor":13,"key":"SMITH"},{"data":"Twin Strike","floor":15,"key":"SMITH"},{"data":"Fiend Fire","floor":23,"key":"SMITH"}],"neow_cost":"NONE","seed_source_timestamp":897329416687244,"circlet_count":0,"master_deck":["Strike_R+1","Strike_R","Strike_R+1","Strike_R","Strike_R","Defend_R","Defend_R+1","Defend_R","Defend_R+1","Bash+1","Pummel","Armaments+1","Twin Strike+1","Feel No Pain","Whirlwind+1","Shrug It Off","Fiend Fire+1","Shrug It Off","Feed","Headbutt"],"relics":["Burning Blood","Golden Idol","Darkstone Periapt","Bottled Flame","War Paint","Art of War","Black Star","Enchiridion"],"potions_floor_usage":[4,7,18],"damage_taken":[{"damage":7,"enemies":"2 Louse","floor":1,"turns":3},{"damage":2,"enemies":"Jaw Worm","floor":4,"turns":4},{"damage":0,"enemies":"Small Slimes","floor":5,"turns":4},{"damage":14,"enemies":"Gremlin Nob","floor":7,"turns":3},{"damage":18,"enemies":"3 Sentries","floor":11,"turns":4},{"damage":0,"enemies":"Gremlin Gang","floor":14,"turns":1},{"damage":42,"enemies":"The Guardian","floor":16,"turns":13},{"damage":15,"enemies":"2 Thieves","floor":18,"turns":4},{"damage":5,"enemies":"Spheric Guardian","floor":21,"turns":4},{"damage":69,"enemies":"Book of Stabbing","floor":24,"turns":6}],"seed_played":"485113276407079031","potions_obtained":[{"floor":1,"key":"EssenceOfSteel"},{"floor":5,"key":"Fire Potion"},{"floor":14,"key":"Explosive Potion"}],"is_trial":false,"path_per_floor":["M","?","$","M","M","R","E","R","T","?","E","$","R","M","R","B",null,"M","$","?","M","$","R","E"],"character_chosen":"IRONCLAD","items_purchased":["Armaments","Art of War","Feed"],"campfire_rested":0,"item_purchase_floors":[3,12,19],"current_hp_per_floor":[87,65,65,69,75,75,67,67,67,49,37,37,37,43,43,7,88,79,79,63,64,64,64,0],"gold":46,"neow_bonus":"TEN_PERCENT_HP_BONUS","is_prod":false,"is_daily":false,"chose_seed":false,"campfire_upgraded":5,"win_rate":0,"timestamp":1552918047,"path_taken":["M","?","$","M","M","R","E","R","T","?","E","$","R","M","R","BOSS","M","$","?","M","$","R","E"],"build_version":"2019-01-23","purchased_purges":0,"victory":false,"max_hp_per_floor":[88,88,88,88,88,88,88,88,88,88,88,88,88,88,88,88,88,88,88,88,88,88,88,88],"card_choices":[{"not_picked":["Combust","Warcry"],"picked":"Pummel","floor":1},{"not_picked":["Blood for Blood","Cleave"],"picked":"Twin Strike","floor":4},{"not_picked":["Hemokinesis","Body Slam"],"picked":"Feel No Pain","floor":5},{"not_picked":["Warcry","Spot Weakness"],"picked":"Whirlwind","floor":7},{"not_picked":["Flex","Headbutt"],"picked":"Shrug It Off","floor":11},{"not_picked":["Body Slam","Feel No Pain","Intimidate"],"picked":"SKIP","floor":14},{"not_picked":["Berserk","Immolate"],"picked":"Fiend Fire","floor":16},{"not_picked":["Armaments","Blood for Blood+1"],"picked":"Shrug It Off","floor":18},{"not_picked":["Shrug It Off","Dropkick+1"],"picked":"Headbutt","floor":21}],"player_experience":232193,"relics_obtained":[{"floor":7,"key":"Darkstone Periapt"},{"floor":9,"key":"Bottled Flame"},{"floor":11,"key":"War Paint"},{"floor":20,"key":"Enchiridion"}],"event_choices":[{"damage_healed":0,"gold_gain":0,"player_choice":"Take Damage","damage_taken":22,"relics_obtained":["Golden Idol"],"max_hp_gain":0,"max_hp_loss":0,"event_name":"Golden Idol","floor":2,"gold_loss":0},{"damage_healed":0,"gold_gain":0,"player_choice":"Entered Light","damage_taken":18,"max_hp_gain":0,"max_hp_loss":0,"event_name":"Shining Light","floor":10,"gold_loss":0,"cards_upgraded":["Strike_R","Strike_R"]},{"damage_healed":0,"gold_gain":0,"player_choice":"Obtained Book","damage_taken":16,"max_hp_gain":0,"max_hp_loss":0,"event_name":"Cursed Tome","floor":20,"gold_loss":0}],"is_beta":false,"boss_relics":[{"not_picked":["Runic Dome","Calling Bell"],"picked":"Black Star"}],"items_purged_floors":[],"is_endless":false,"potions_floor_spawned":[1,5,14],"killed_by":"Book of Stabbing","ascension_level":0}