{"gold_per_floor":[20,31,31,45,45,45,73,73,103,137,137,164,176,204,204,304,304,319,319,84,94,94,94,112,144,219,133,133,146,61,87,87,87],"floor_reached":33,"playtime":2062,"items_purged":["Parasite","Writhe"],"score":378,"play_id":"f3e85314-2ce8-483b-8b0f-e60c85e9cd7c","local_time":"20190313150142","is_ascension_mode":true,"campfire_choices":[{"data":"Metallicize","floor":6,"key":"SMITH"},{"data":"Headbutt","floor":8,"key":"SMITH"},{"floor":11,"key":"REST"},{"floor":15,"key":"REST"},{"data":"Juggernaut","floor":23,"key":"SMITH"},{"data":"Bash","floor":28,"key":"SMITH"},{"floor":32,"key":"REST"}],"neow_cost":"NO_GOLD","seed_source_timestamp":826095621288885,"circlet_count":0,"master_deck":["Strike_R","Strike_R","Strike_R","Strike_R","Defend_R","Defend_R","Defend_R","Defend_R","Bash+1","Headbutt+1","Metallicize+1","Flame Barrier","Battle Trance","Iron Wave+1","Pommel Strike+1","Juggernaut+1","Disarm","Pain"],"relics":["Burning Blood","Champion Belt","Pear","Tiny Chest","Letter Opener","Molten Egg 2","Happy Flower","Cursed Key","Bottled Tornado","Smiling Mask","Bottled Flame","WingedGreaves","Art of War"],"potions_floor_usage":[7,14,16,16,29,33],"damage_taken":[{"damage":17,"enemies":"2 Louse","floor":1,"turns":3},{"damage":7,"enemies":"Small Slimes","floor":2,"turns":4},{"damage":0,"enemies":"Cultist","floor":4,"turns":3},{"damage":12,"enemies":"Gremlin Nob","floor":7,"turns":4},{"damage":44,"enemies":"Lagavulin","floor":10,"turns":7},{"damage":18,"enemies":"Gremlin Nob","floor":12,"turns":5},{"damage":4,"enemies":"Lots of Slimes","floor":13,"turns":4},{"damage":19,"enemies":"3 Sentries","floor":14,"turns":9},{"damage":62,"enemies":"Slime Boss","floor":16,"turns":19},{"damage":0,"enemies":"3 Byrds","floor":18,"turns":3},{"damage":8,"enemies":"Shell Parasite","floor":21,"turns":5},{"damage":14,"enemies":"Sentry and Sphere","floor":24,"turns":5},{"damage":37,"enemies":"Book of Stabbing","floor":25,"turns":7},{"damage":7,"enemies":"Snecko","floor":29,"turns":4},{"damage":66,"enemies":"Champ","floor":33,"turns":9}],"seed_played":"-2254703933055930992","potions_obtained":[{"floor":2,"key":"Explosive Potion"},{"floor":12,"key":"SpeedPotion"},{"floor":13,"key":"Fire Potion"},{"floor":14,"key":"Weak Potion"},{"floor":21,"key":"Energy Potion"},{"floor":25,"key":"GamblersBrew"}],"is_trial":false,"path_per_floor":["M","M","?","M","?","R","E","R","T","E","R","E","M","E","R","B",null,"M","T","$","M","$","R","M","E","T","$","R","M","?","T","R","B"],"character_chosen":"IRONCLAD","items_purchased":["Juggernaut","Disarm"],"campfire_rested":3,"item_purchase_floors":[20,27],"current_hp_per_floor":[61,60,60,66,66,66,70,70,70,32,59,47,49,36,63,7,69,75,75,75,73,73,73,65,34,34,34,34,33,33,33,59,0],"gold":87,"neow_bonus":"ONE_RARE_RELIC","is_prod":false,"is_daily":false,"chose_seed":false,"campfire_upgraded":4,"win_rate":0,"timestamp":1552503702,"path_taken":["M","M","?","M","?","R","E","R","T","E","R","E","M","E","R","BOSS","M","?","$","M","$","R","M","E","T","$","R","?","?","?","R","BOSS"],"build_version":"2019-01-23","purchased_purges":2,"victory":false,"max_hp_per_floor":[80,80,80,80,80,80,90,90,90,90,90,90,90,90,90,90,90,90,90,87,87,87,87,87,87,87,87,87,87,87,87,87,87],"card_choices":[{"not_picked":["Intimidate","Wild Strike"],"picked":"Headbutt","floor":1},{"not_picked":["Dropkick","Headbutt"],"picked":"Metallicize","floor":2},{"not_picked":["Twin Strike","Berserk","Evolve"],"picked":"SKIP","floor":4},{"not_picked":["Havoc","Hemokinesis","Dual Wield"],"picked":"SKIP","floor":7},{"not_picked":["Pommel Strike","Demon Form"],"picked":"Flame Barrier","floor":10},{"not_picked":["Flex","Wild Strike"],"picked":"Battle Trance","floor":12},{"not_picked":["Headbutt+1","Cleave+1","Combust"],"picked":"SKIP","floor":13},{"not_picked":["Sentinel","Uppercut+1"],"picked":"Iron Wave+1","floor":14},{"not_picked":["Clothesline+1","Flex"],"picked":"Pommel Strike+1","floor":18},{"not_picked":["Cleave+1","Clash+1","Twin Strike+1"],"picked":"SKIP","floor":21},{"not_picked":["Clash+1","Havoc","Warcry"],"picked":"SKIP","floor":24},{"not_picked":["Uppercut+1","Dual Wield","Intimidate"],"picked":"SKIP","floor":25},{"not_picked":["Rupture","Havoc","Searing Blow+1"],"picked":"SKIP","floor":29}],"player_experience":168188,"relics_obtained":[{"floor":7,"key":"Pear"},{"floor":9,"key":"Tiny Chest"},{"floor":10,"key":"Letter Opener"},{"floor":12,"key":"Molten Egg 2"},{"floor":14,"key":"Happy Flower"},{"floor":19,"key":"Bottled Tornado"},{"floor":25,"key":"Smiling Mask"},{"floor":26,"key":"Bottled Flame"},{"floor":31,"key":"Art of War"}],"event_choices":[{"damage_healed":0,"gold_gain":0,"player_choice":"Leave","damage_taken":0,"max_hp_gain":0,"max_hp_loss":0,"event_name":"The Cleric","floor":3,"gold_loss":0},{"cards_removed":["Strike_R"],"damage_healed":0,"gold_gain":0,"player_choice":"Purged","damage_taken":0,"max_hp_gain":0,"max_hp_loss":0,"event_name":"Purifier","floor":5,"gold_loss":0},{"damage_healed":0,"gold_gain":0,"player_choice":"Obtained Relic","damage_taken":0,"relics_obtained":["WingedGreaves"],"max_hp_gain":0,"max_hp_loss":0,"event_name":"Addict","floor":30,"gold_loss":85}],"is_beta":false,"boss_relics":[{"not_picked":["Runic Dome","Snecko Eye"],"picked":"Cursed Key"}],"items_purged_floors":[20,27],"is_endless":false,"potions_floor_spawned":[2,12,13,14,21,25],"killed_by":"Champ","ascension_level":6}