{"gold_per_floor":[110,130,11,26,45,45,45,45,99,99,133,147,181,199,199,271,271,286,286,286,298,136,136,136,136,162,25,36,66,83,99,99,171,171,189,189,100,100,111,111,133,145,157,169,192,221,250,262,274,286],"floor_reached":50,"playtime":4564,"items_purged":["Strike_G","Strike_G"],"score":948,"play_id":"5686bd0b-0ebf-44bc-b98f-220c78c645a5","local_time":"20190131100431","is_ascension_mode":true,"campfire_choices":[{"floor":6.0,"key":"DIG"},{"floor":10.0,"key":"DIG"},{"floor":15.0,"key":"REST"},{"floor":23.0,"key":"REST"},{"floor":25.0,"key":"DIG"},{"floor":32.0,"key":"DIG"},{"floor":40.0,"key":"DIG"},{"floor":42.0,"key":"DIG"},{"floor":49.0,"key":"DIG"}],"neow_cost":"TEN_PERCENT_HP_LOSS","seed_source_timestamp":0,"circlet_count":0,"master_deck":["AscendersBane","Defend_G+1","Defend_G+1","Defend_G+1","Defend_G+1","Survivor+1","Neutralize+1","PiercingWail+1","Poisoned Stab+1","Well Laid Plans+1","Corpse Explosion+1","Cloak And Dagger+1","Dodge and Roll+1","Bouncing Flask+1","Cloak And Dagger+1","Catalyst+1","A Thousand Cuts+1","Deflect+1","Footwork+1","Glass Knife+1","Backflip+1","Tools of the Trade+1","Footwork+1","Cloak And Dagger+1","Envenom+1","Wraith Form v2+1","Predator+1","Riddle With Holes+1","Noxious Fumes+1","Dramatic Entrance+1","Caltrops+1","Deflect+1","Escape Plan+1","Poisoned Stab+1"],"special_seed":0,"relics":["Ring of the Snake","Shovel","Anchor","Tiny Chest","Mummified Hand","Matryoshka","Blood Vial","Busted Crown","Smiling Mask","Ornamental Fan","Vajra","Question Card","PreservedInsect","The Specimen","Bottled Tornado","Astrolabe","Mark of the Bloom","MawBank","War Paint","Bottled Flame","Sundial","Bag of Marbles"],"potions_floor_usage":[50],"damage_taken":[{"damage":0.0,"enemies":"Jaw Worm","floor":1.0,"turns":7.0},{"damage":0.0,"enemies":"Cultist","floor":2.0,"turns":4.0},{"damage":4.0,"enemies":"Small Slimes","floor":4.0,"turns":5.0},{"damage":16.0,"enemies":"Exordium Wildlife","floor":5.0,"turns":4.0},{"damage":7.0,"enemies":"3 Sentries","floor":11.0,"turns":4.0},{"damage":1.0,"enemies":"3 Louse","floor":12.0,"turns":2.0},{"damage":32.0,"enemies":"Gremlin Nob","floor":13.0,"turns":5.0},{"damage":4.0,"enemies":"Blue Slaver","floor":14.0,"turns":5.0},{"damage":25.0,"enemies":"The Guardian","floor":16.0,"turns":8.0},{"damage":10.0,"enemies":"3 Byrds","floor":18.0,"turns":3.0},{"damage":30.0,"enemies":"Chosen","floor":21.0,"turns":6.0},{"damage":0.0,"enemies":"Centurion and Healer","floor":28.0,"turns":4.0},{"damage":19.0,"enemies":"Slavers","floor":29.0,"turns":3.0},{"damage":0.0,"enemies":"3 Cultists","floor":30.0,"turns":4.0},{"damage":0.0,"enemies":"Snake Plant","floor":31.0,"turns":4.0},{"damage":46.0,"enemies":"Automaton","floor":33.0,"turns":11.0},{"damage":11.0,"enemies":"3 Darklings","floor":35.0,"turns":4.0},{"damage":0.0,"enemies":"Orb Walker","floor":39.0,"turns":3.0},{"damage":9.0,"enemies":"Transient","floor":41.0,"turns":6.0},{"damage":0.0,"enemies":"Jaw Worm Horde","floor":45.0,"turns":2.0},{"damage":0.0,"enemies":"Spire Growth","floor":46.0,"turns":5.0},{"damage":0.0,"enemies":"4 Shapes","floor":47.0,"turns":2.0},{"damage":21,"enemies":"Awakened One","floor":50,"turns":6}],"seed_played":"-9165916112229608487","potions_obtained":[{"floor":1.0,"key":"AttackPotion"},{"floor":2.0,"key":"SpeedPotion"},{"floor":5.0,"key":"SpeedPotion"},{"floor":13.0,"key":"LiquidBronze"},{"floor":16.0,"key":"Poison Potion"},{"floor":29.0,"key":"Regen Potion"},{"floor":30.0,"key":"EntropicBrew"},{"floor":33.0,"key":"SkillPotion"},{"floor":35.0,"key":"Weak Potion"}],"is_trial":false,"path_per_floor":["M","M","$","M","M","R","?","$","T","R","E","M","E","M","R","B",null,"M","?","T","M","$","R","?","R","T","$","M","E","M","M","R","B",null,"M","?","$","?","M","R","M","R","T","T","M","M","M","?","R","B"],"character_chosen":"THE_SILENT","items_purchased":["Well Laid Plans","Footwork","Glass Knife","Footwork","Caltrops"],"campfire_rested":2,"item_purchase_floors":[3,22,22,27,37],"current_hp_per_floor":[59,59,59,55,39,39,60,60,60,60,53,52,20,18,36,13,48,40,52,52,24,24,42,42,42,42,42,44,27,29,45,45,1,45,36,36,36,36,36,36,27,27,27,27,27,27,27,27,27,6],"gold":286,"neow_bonus":"ONE_RARE_RELIC","is_prod":false,"is_daily":false,"chose_seed":false,"campfire_upgraded":0,"win_rate":0,"timestamp":1548947071,"path_taken":["M","M","$","M","M","R","?","$","T","R","E","?","E","M","R","BOSS","M","?","?","M","$","R","?","R","T","?","M","E","M","M","R","BOSS","M","?","?","?","M","R","M","R","T","?","M","M","?","?","R","BOSS"],"build_version":"2019-01-23","purchased_purges":2,"victory":false,"max_hp_per_floor":[60,60,60,60,60,60,60,60,60,60,60,60,60,60,60,60,60,60,60,60,60,60,60,60,60,60,60,60,60,60,60,60,60,60,60,60,60,60,60,60,60,60,60,60,60,60,60,57,57,57],"card_choices":[{"not_picked":["Eviscerate","Setup"],"picked":"PiercingWail","floor":1.0},{"not_picked":["Dagger Throw","Blade Dance"],"picked":"Poisoned Stab","floor":2.0},{"not_picked":["Slice","Flying Knee"],"picked":"Corpse Explosion","floor":4.0},{"not_picked":["Blur","Slice"],"picked":"Cloak And Dagger","floor":5.0},{"not_picked":["Finisher","Flechettes"],"picked":"Dodge and Roll","floor":11.0},{"not_picked":["Dash","Riddle With Holes"],"picked":"Bouncing Flask","floor":12.0},{"not_picked":["Blade Dance","Doppelganger"],"picked":"Cloak And Dagger","floor":13.0},{"not_picked":["Accuracy","Flying Knee"],"picked":"Catalyst","floor":14.0},{"not_picked":["Tools of the Trade","Grand Finale"],"picked":"A Thousand Cuts","floor":16.0},{"not_picked":["Dodge and Roll"],"picked":"SKIP","floor":18.0},{"not_picked":[],"picked":"Deflect","floor":21.0},{"not_picked":["Dagger Throw","Outmaneuver"],"picked":"SKIP","floor":28.0},{"not_picked":["Underhanded Strike"],"picked":"Distraction","floor":29.0},{"not_picked":["Bane"],"picked":"Cloak And Dagger","floor":30.0},{"not_picked":["All Out Attack","Distraction"],"picked":"SKIP","floor":31.0},{"not_picked":["Die Die Die"],"picked":"Envenom","floor":33.0},{"not_picked":["Skewer"],"picked":"Noxious Fumes","floor":35.0},{"not_picked":["The Bomb"],"picked":"Dramatic Entrance","floor":36.0},{"not_picked":["Underhanded Strike"],"picked":"Deflect+1","floor":39.0},{"not_picked":["Backstab"],"picked":"Escape Plan+1","floor":41.0},{"not_picked":["Poisoned Stab","Prepared"],"picked":"SKIP","floor":45.0},{"not_picked":["Bouncing Flask","Acrobatics"],"picked":"SKIP","floor":46.0},{"not_picked":["Backflip"],"picked":"Poisoned Stab+1","floor":47.0}],"player_experience":3137058,"relics_obtained":[{"floor":6.0,"key":"Anchor"},{"floor":9.0,"key":"Tiny Chest"},{"floor":10.0,"key":"Mummified Hand"},{"floor":11.0,"key":"Matryoshka"},{"floor":13.0,"key":"Blood Vial"},{"floor":20.0,"key":"Smiling Mask"},{"floor":20.0,"key":"Ornamental Fan"},{"floor":25.0,"key":"Vajra"},{"floor":26.0,"key":"Question Card"},{"floor":26.0,"key":"PreservedInsect"},{"floor":29.0,"key":"The Specimen"},{"floor":32.0,"key":"Bottled Tornado"},{"floor":40.0,"key":"MawBank"},{"floor":42.0,"key":"War Paint"},{"floor":43.0,"key":"Bottled Flame"},{"floor":44.0,"key":"Sundial"},{"floor":49.0,"key":"Bag of Marbles"}],"event_choices":[{"damage_healed":21.0,"max_hp_gain":0.0,"max_hp_loss":0.0,"gold_gain":0.0,"event_name":"Wheel of Change","player_choice":"Full Heal","floor":7.0,"gold_loss":0.0,"damage_taken":0.0},{"damage_healed":12.0,"max_hp_gain":0.0,"max_hp_loss":0.0,"gold_gain":0.0,"event_name":"The Library","player_choice":"Heal","floor":19.0,"gold_loss":0.0,"damage_taken":0.0},{"damage_healed":0.0,"max_hp_gain":0.0,"max_hp_loss":0.0,"gold_gain":0.0,"cards_transformed":["Strike_G","Defend_G"],"event_name":"Drug Dealer","player_choice":"Became Test Subject","floor":24.0,"gold_loss":0.0,"damage_taken":0.0,"cards_obtained":["Backflip","Tools of the Trade"]},{"damage_healed":0.0,"max_hp_gain":0.0,"max_hp_loss":0.0,"gold_gain":0.0,"event_name":"SensoryStone","player_choice":"Memory 1","floor":36.0,"gold_loss":0.0,"damage_taken":0.0},{"damage_healed":0.0,"max_hp_gain":0.0,"max_hp_loss":0.0,"gold_gain":0.0,"event_name":"MindBloom","player_choice":"Upgrade","floor":38.0,"gold_loss":0.0,"damage_taken":0.0,"cards_upgraded":["Defend_G","Defend_G","Defend_G","Defend_G","Survivor","Neutralize","PiercingWail","Poisoned Stab","Well Laid Plans","Corpse Explosion","Cloak And Dagger","Dodge and Roll","Bouncing Flask","Cloak And Dagger","Catalyst","A Thousand Cuts","Deflect","Footwork","Glass Knife","Backflip","Tools of the Trade","Footwork","Cloak And Dagger","Envenom","Noxious Fumes","Dramatic Entrance","Caltrops"],"relics_obtained":["Mark of the Bloom"]},{"damage_healed":0.0,"max_hp_gain":0.0,"max_hp_loss":3.0,"gold_gain":0.0,"event_name":"Winding Halls","player_choice":"Max HP","floor":48.0,"gold_loss":0.0,"damage_taken":0.0}],"is_beta":false,"boss_relics":[{"not_picked":["Black Star","Runic Dome"],"picked":"Busted Crown"},{"not_picked":["Runic Pyramid","Empty Cage"],"picked":"Astrolabe"}],"items_purged_floors":[3,27],"is_endless":false,"potions_floor_spawned":[1,2,5,13,16,28,29,30,33,35,46,47],"killed_by":"Awakened One","ascension_level":20}