{"gold_per_floor":[115,115,115,40,61,61,80,80,105,105,105,105,130,144,144,267,267,283,283,283,183,206,249,249,269,294,309,333,258,271,1,1,1],"floor_reached":33,"playtime":2021,"items_purged":["Strike_G","Defend_G","Strike_G"],"score":257,"play_id":"5e0e27bc-2187-4b9f-b8c5-8f4266a6330a","local_time":"20190201112321","is_ascension_mode":false,"campfire_choices":[{"data":"Catalyst","floor":6,"key":"SMITH"},{"data":"Deadly Poison","floor":8,"key":"SMITH"},{"data":"Flying Knee","floor":12,"key":"SMITH"},{"data":"Crippling Poison","floor":15,"key":"SMITH"},{"data":"Adrenaline","floor":24,"key":"SMITH"},{"floor":32,"key":"REST"}],"neow_cost":"NONE","seed_source_timestamp":1809409673923,"circlet_count":0,"master_deck":["Defend_G+1","Defend_G+1","Survivor+1","Neutralize","Flying Knee+1","Catalyst+1","Crippling Poison+1","Flying Knee+1","Adrenaline+1"],"relics":["Ring of the Snake","Golden Idol","War Paint","Mercury Hourglass","Empty Cage","Pen Nib","Mummified Hand","Anchor","Lantern"],"potions_floor_usage":[23,25,25,27,33,33,33],"damage_taken":[{"damage":2,"enemies":"2 Louse","floor":1,"turns":4},{"damage":0,"enemies":"Small Slimes","floor":5,"turns":3},{"damage":0,"enemies":"Cultist","floor":7,"turns":4},{"damage":0,"enemies":"Looter","floor":13,"turns":2},{"damage":0,"enemies":"Blue Slaver","floor":14,"turns":3},{"damage":28,"enemies":"Slime Boss","floor":16,"turns":10},{"damage":8,"enemies":"Spheric Guardian","floor":18,"turns":5},{"damage":1,"enemies":"Shell Parasite","floor":22,"turns":5},{"damage":20,"enemies":"Slavers","floor":23,"turns":6},{"damage":9,"enemies":"Snake Plant","floor":25,"turns":3},{"damage":0,"enemies":"Chosen and Byrds","floor":27,"turns":3},{"damage":0,"enemies":"3 Cultists","floor":28,"turns":5},{"damage":0,"enemies":"Cultist and Chosen","floor":30,"turns":4},{"damage":70,"enemies":"Automaton","floor":33,"turns":6}],"seed_played":"844066576128096851","potions_obtained":[{"floor":7,"key":"AttackPotion"},{"floor":13,"key":"Poison Potion"},{"floor":14,"key":"Swift Potion"},{"floor":23,"key":"EssenceOfSteel"},{"floor":25,"key":"Ancient Potion"},{"floor":27,"key":"AttackPotion"},{"floor":30,"key":"PowerPotion"}],"is_trial":false,"path_per_floor":["M","?","?","$","M","R","M","R","T","?","T","R","M","M","R","B",null,"M","?","?","$","M","E","R","M","T","M","M","?","M","$","R","B"],"character_chosen":"THE_SILENT","items_purchased":["Lantern"],"campfire_rested":1,"item_purchase_floors":[31],"current_hp_per_floor":[68,51,44,44,44,44,44,44,44,44,44,44,44,44,44,16,70,62,62,62,62,61,41,41,32,32,32,32,32,32,32,53,0],"gold":1,"neow_bonus":"UPGRADE_CARD","is_prod":false,"is_daily":false,"chose_seed":false,"campfire_upgraded":5,"win_rate":0.0,"timestamp":1549038201,"path_taken":["M","?","?","$","M","R","M","R","T","?","?","R","?","M","R","BOSS","M","?","?","$","M","E","R","M","T","M","M","?","M","?","R","BOSS"],"build_version":"2019-01-23","purchased_purges":3,"victory":false,"max_hp_per_floor":[70,70,70,70,70,70,70,70,70,70,70,70,70,70,70,70,70,70,70,70,70,70,70,70,70,70,70,70,70,70,70,70,70],"card_choices":[{"not_picked":["Prepared","Sucker Punch"],"picked":"Flying Knee","floor":1},{"not_picked":["Prepared","Skewer"],"picked":"Catalyst","floor":5},{"not_picked":["Outmaneuver","Footwork"],"picked":"Deadly Poison","floor":7},{"not_picked":["Dagger Spray","Leg Sweep"],"picked":"Crippling Poison","floor":13},{"not_picked":["Distraction","Infinite Blades","Heel Hook"],"picked":"SKIP","floor":14},{"not_picked":["Poisoned Stab","Deflect"],"picked":"Flying Knee+1","floor":18},{"not_picked":["Dodge and Roll","PiercingWail+1","Dagger Throw"],"picked":"SKIP","floor":22},{"not_picked":["Cloak And Dagger","Underhanded Strike"],"picked":"Adrenaline","floor":23},{"not_picked":["Calculated Gamble","All Out Attack+1","Dagger Spray+1"],"picked":"SKIP","floor":25},{"not_picked":["PiercingWail","Poisoned Stab","Sucker Punch+1"],"picked":"SKIP","floor":27},{"not_picked":["Flying Knee","Leg Sweep+1","Predator"],"picked":"SKIP","floor":28},{"not_picked":["Expertise","Prepared+1","Dagger Throw"],"picked":"SKIP","floor":30}],"player_experience":36856,"relics_obtained":[{"floor":9,"key":"War Paint"},{"floor":11,"key":"Mercury Hourglass"},{"floor":23,"key":"Mummified Hand"},{"floor":26,"key":"Anchor"}],"event_choices":[{"damage_healed":0,"gold_gain":0,"player_choice":"Take Damage","damage_taken":17,"relics_obtained":["Golden Idol"],"max_hp_gain":0,"max_hp_loss":0,"event_name":"Golden Idol","floor":2,"gold_loss":0},{"cards_removed":["Defend_G"],"damage_healed":0,"gold_gain":0,"player_choice":"Card Removal","damage_taken":7,"max_hp_gain":0,"max_hp_loss":0,"event_name":"Golden Wing","floor":3,"gold_loss":0},{"cards_removed":["Defend_G"],"damage_healed":0,"gold_gain":0,"player_choice":"Forget","damage_taken":0,"max_hp_gain":0,"max_hp_loss":0,"event_name":"Living Wall","floor":10,"gold_loss":0},{"cards_removed":["Deadly Poison"],"damage_healed":0,"gold_gain":0,"player_choice":"Elegance","damage_taken":0,"max_hp_gain":0,"max_hp_loss":0,"event_name":"Back to Basics","floor":19,"gold_loss":0},{"damage_healed":0,"gold_gain":0,"player_choice":"Opened","damage_taken":0,"relics_obtained":["Pen Nib"],"max_hp_gain":0,"max_hp_loss":0,"event_name":"The Mausoleum","floor":20,"gold_loss":0},{"cards_removed":["Strike_G"],"damage_healed":0,"gold_gain":0,"player_choice":"Gave Gold","damage_taken":0,"max_hp_gain":0,"max_hp_loss":0,"event_name":"Beggar","floor":29,"gold_loss":75}],"is_beta":false,"boss_relics":[{"not_picked":["Runic Pyramid","White Beast Statue"],"picked":"Empty Cage"}],"items_purged_floors":[4,21,31],"is_endless":false,"potions_floor_spawned":[7,13,14,18,23,25,27,30],"killed_by":"Automaton","ascension_level":0}