{"gold_per_floor":[113,113,125,125,137,137,165,184,184,211,211,238,254,268,268,364,364,378,558,569,569,581,581,581],"floor_reached":24,"playtime":1489,"items_purged":[],"score":262,"play_id":"52d6b1aa-d521-44b5-a6ae-41390f9a7190","local_time":"20190311152159","is_ascension_mode":true,"campfire_choices":[{"data":"Flame Barrier","floor":6,"key":"SMITH"},{"floor":15,"key":"REST"},{"floor":23,"key":"REST"}],"neow_cost":"TEN_PERCENT_HP_LOSS","seed_source_timestamp":767262979395528,"circlet_count":0,"master_deck":["Strike_R","Strike_R","Strike_R","Defend_R","Defend_R","Defend_R","Defend_R","Bash","Shrug It Off","Flame Barrier+1","Combust+1","Pommel Strike","Demon Form+1","Double Tap","Heavy Blade","Flex","Writhe"],"relics":["Burning Blood","Frozen Egg 2","Self Forming Clay","Bottled Tornado","PreservedInsect","Mercury Hourglass","Cursed Key","Blood Vial"],"potions_floor_usage":[5,7,10,13,16,20,24],"damage_taken":[{"damage":23,"enemies":"Jaw Worm","floor":1,"turns":6},{"damage":0,"enemies":"2 Louse","floor":3,"turns":3},{"damage":5,"enemies":"Cultist","floor":5,"turns":6},{"damage":28,"enemies":"Lagavulin","floor":7,"turns":14},{"damage":13,"enemies":"2 Fungi Beasts","floor":8,"turns":4},{"damage":10,"enemies":"3 Sentries","floor":10,"turns":6},{"damage":22,"enemies":"Lagavulin","floor":12,"turns":10},{"damage":0,"enemies":"Exordium Wildlife","floor":13,"turns":2},{"damage":3,"enemies":"Blue Slaver","floor":14,"turns":4},{"damage":11,"enemies":"Slime Boss","floor":16,"turns":7},{"damage":12,"enemies":"2 Thieves","floor":18,"turns":4},{"damage":12,"enemies":"Spheric Guardian","floor":20,"turns":4},{"damage":32,"enemies":"Snake Plant","floor":22,"turns":4},{"damage":39,"enemies":"Book of Stabbing","floor":24,"turns":4}],"seed_played":"5251377041792677301","potions_obtained":[{"floor":1,"key":"Explosive Potion"},{"floor":5,"key":"Regen Potion"},{"floor":8,"key":"EssenceOfSteel"},{"floor":12,"key":"Fire Potion"},{"floor":14,"key":"Poison Potion"},{"floor":18,"key":"EssenceOfSteel"},{"floor":22,"key":"FearPotion"}],"is_trial":false,"path_per_floor":["M","?","M","?","M","R","E","M","T","E","T","E","M","M","R","B",null,"M","?","M","?","M","R","E"],"character_chosen":"IRONCLAD","items_purchased":[],"campfire_rested":2,"item_purchase_floors":[],"current_hp_per_floor":[55,72,72,72,72,72,55,48,48,44,44,28,34,37,58,53,72,66,45,39,39,15,36,0],"gold":581,"neow_bonus":"REMOVE_TWO","is_prod":false,"is_daily":false,"chose_seed":false,"campfire_upgraded":1,"win_rate":0,"timestamp":1552332119,"path_taken":["M","?","M","?","M","R","E","M","T","E","?","E","M","?","R","BOSS","M","?","?","?","M","R","E"],"build_version":"2019-01-23","purchased_purges":0,"victory":false,"max_hp_per_floor":[72,72,72,72,72,72,72,72,72,72,72,72,72,72,72,72,72,72,72,72,72,72,72,72],"card_choices":[{"not_picked":["Searing Blow","Clothesline","Rage"],"picked":"SKIP","floor":1},{"not_picked":["Body Slam","Uppercut"],"picked":"Shrug It Off","floor":3},{"not_picked":["True Grit","Dropkick"],"picked":"Flame Barrier","floor":5},{"not_picked":["Clothesline","Limit Break"],"picked":"Combust","floor":7},{"not_picked":["Iron Wave","Clothesline"],"picked":"Pommel Strike","floor":8},{"not_picked":["Dual Wield","Twin Strike","Cleave"],"picked":"SKIP","floor":10},{"not_picked":["Cleave","Twin Strike","Perfected Strike"],"picked":"SKIP","floor":12},{"not_picked":["Warcry","Twin Strike"],"picked":"Demon Form+1","floor":13},{"not_picked":["Thunderclap","Corruption+1","Intimidate"],"picked":"SKIP","floor":14},{"not_picked":["Fiend Fire","Demon Form+1"],"picked":"Double Tap","floor":16},{"not_picked":["Flex","Intimidate"],"picked":"Heavy Blade","floor":18},{"not_picked":["Cleave","Warcry"],"picked":"Flex","floor":20},{"not_picked":["Warcry","Hemokinesis","Pummel+1"],"picked":"SKIP","floor":22}],"player_experience":140314,"relics_obtained":[{"floor":7,"key":"Frozen Egg 2"},{"floor":9,"key":"Self Forming Clay"},{"floor":10,"key":"Bottled Tornado"},{"floor":11,"key":"PreservedInsect"},{"floor":12,"key":"Mercury Hourglass"}],"event_choices":[{"damage_healed":24,"gold_gain":0,"player_choice":"Banana","damage_taken":0,"max_hp_gain":0,"max_hp_loss":0,"event_name":"Big Fish","floor":2,"gold_loss":0},{"damage_healed":0,"gold_gain":0,"player_choice":"Ignored","damage_taken":0,"max_hp_gain":0,"max_hp_loss":0,"event_name":"Liars Game","floor":4,"gold_loss":0},{"damage_healed":0,"gold_gain":180,"player_choice":"GOLD GOLD ","damage_taken":21,"max_hp_gain":0,"max_hp_loss":0,"event_name":"Knowing Skull","floor":19,"potions_obtained":[],"gold_loss":0,"cards_obtained":[]},{"damage_healed":0,"gold_gain":0,"player_choice":"Opened","damage_taken":0,"relics_obtained":["Blood Vial"],"max_hp_gain":0,"max_hp_loss":0,"event_name":"The Mausoleum","floor":21,"gold_loss":0,"cards_obtained":["Writhe"]}],"is_beta":false,"boss_relics":[{"not_picked":["Calling Bell","Black Blood"],"picked":"Cursed Key"}],"items_purged_floors":[],"is_endless":false,"potions_floor_spawned":[1,5,8,12,14,18,22],"killed_by":"Book of Stabbing","ascension_level":4}