{"gold_per_floor":[112,125,75,75,75,131,131,162,186,186],"floor_reached":10,"playtime":348,"items_purged":[],"score":129,"play_id":"9e96a4a8-c794-4a8c-bb7b-c8785b9697ef","local_time":"20190319121219","is_ascension_mode":true,"campfire_choices":[{"data":"Bash","floor":7,"key":"SMITH"}],"neow_cost":"NONE","seed_source_timestamp":931228058079014,"circlet_count":0,"master_deck":["Strike_R+1","Strike_R","Strike_R","Strike_R+1","Defend_R","Defend_R","Defend_R","Defend_R","Bash+1","Clothesline","Shrug It Off","Shrug It Off"],"relics":["Burning Blood","Strawberry","Tiny Chest","Mummified Hand","Smiling Mask"],"potions_floor_usage":[8,8],"damage_taken":[{"damage":1,"enemies":"Cultist","floor":1,"turns":4},{"damage":4,"enemies":"Small Slimes","floor":2,"turns":4},{"damage":35,"enemies":"Lagavulin","floor":6,"turns":5},{"damage":5,"enemies":"Gremlin Nob","floor":8,"turns":3},{"damage":42,"enemies":"Lagavulin","floor":10,"turns":5}],"seed_played":"9194138755427500043","potions_obtained":[{"floor":2,"key":"AttackPotion"},{"floor":6,"key":"Explosive Potion"}],"is_trial":false,"path_per_floor":["M","M","?","?","?","E","R","E","T","E"],"character_chosen":"IRONCLAD","items_purchased":[],"campfire_rested":0,"item_purchase_floors":[],"current_hp_per_floor":[85,87,87,69,69,40,40,41,41,0],"gold":186,"neow_bonus":"TEN_PERCENT_HP_BONUS","is_prod":false,"is_daily":false,"chose_seed":false,"campfire_upgraded":1,"win_rate":0,"timestamp":1553011939,"path_taken":["M","M","?","?","?","E","R","E","T","E"],"build_version":"2019-01-23","purchased_purges":0,"victory":false,"max_hp_per_floor":[88,88,88,88,95,95,95,95,95,95],"card_choices":[{"not_picked":["Sword Boomerang","Pummel"],"picked":"Clothesline","floor":1},{"not_picked":["Sword Boomerang","Clash","Body Slam"],"picked":"SKIP","floor":2},{"not_picked":["Carnage","Evolve"],"picked":"Shrug It Off","floor":6},{"not_picked":["Flex","Fiend Fire"],"picked":"Shrug It Off","floor":8}],"player_experience":242333,"relics_obtained":[{"floor":6,"key":"Tiny Chest"},{"floor":8,"key":"Mummified Hand"},{"floor":9,"key":"Smiling Mask"}],"event_choices":[{"cards_removed":["Strike_R"],"damage_healed":0,"gold_gain":0,"player_choice":"Card Removal","damage_taken":0,"max_hp_gain":0,"max_hp_loss":0,"event_name":"The Cleric","floor":3,"gold_loss":50},{"damage_healed":0,"gold_gain":0,"player_choice":"Entered Light","damage_taken":18,"max_hp_gain":0,"max_hp_loss":0,"event_name":"Shining Light","floor":4,"gold_loss":0,"cards_upgraded":["Strike_R","Strike_R"]},{"damage_healed":0,"gold_gain":0,"player_choice":"Success","damage_taken":7,"relics_obtained":["Strawberry"],"max_hp_gain":0,"max_hp_loss":0,"event_name":"Scrap Ooze","floor":5,"gold_loss":0}],"is_beta":false,"boss_relics":[],"items_purged_floors":[],"is_endless":false,"potions_floor_spawned":[2,6],"killed_by":"Lagavulin","ascension_level":8}