{"gold_per_floor":[118,118,193,243,260,287,287,364,364,146,146,171,182,26,26,102,102,102],"floor_reached":18,"playtime":2553,"items_purged":["Strike_G"],"score":382,"play_id":"0e0dabf6-dae4-4cad-aff3-2ceffa7f8b32","local_time":"20190203025949","is_ascension_mode":true,"campfire_choices":[{"data":"Strike_G","floor":7.0,"key":"PURGE"},{"data":"Footwork","floor":11.0,"key":"SMITH"},{"floor":15.0,"key":"REST"}],"neow_cost":"NONE","seed_source_timestamp":0,"circlet_count":0,"master_deck":["AscendersBane","Defend_G+1","Defend_G+1","Defend_G","Defend_G","Defend_G","Strike_G","Strike_G","Strike_G","Survivor","Neutralize","Sucker Punch","Quick Slash","Backstab","Footwork+1","Flying Knee","Wraith Form v2","Cloak And Dagger","Well Laid Plans","Dagger Spray","After Image"],"special_seed":0,"relics":["Ring of the Snake","NeowsBlessing","Peace Pipe","Centennial Puzzle","Dodecahedron","War Paint","Eternal Feather"],"potions_floor_usage":[],"damage_taken":[{"damage":0.0,"enemies":"Small Slimes","floor":1.0,"turns":1.0},{"damage":0.0,"enemies":"2 Louse","floor":5.0,"turns":1.0},{"damage":0.0,"enemies":"Gremlin Nob","floor":6.0,"turns":1.0},{"damage":18.0,"enemies":"3 Sentries","floor":12.0,"turns":14.0},{"damage":0.0,"enemies":"Cultist","floor":13.0,"turns":3.0},{"damage":21.0,"enemies":"The Guardian","floor":16.0,"turns":21.0},{"damage":7,"enemies":"3 Byrds","floor":18,"turns":4}],"seed_played":"-4564998631008012037","potions_obtained":[{"floor":12.0,"key":"SkillPotion"},{"floor":16.0,"key":"SteroidPotion"}],"is_trial":false,"path_per_floor":["M","?","?","?","M","E","R","?","T","$","R","E","M","$","R","B",null,"M"],"character_chosen":"THE_SILENT","items_purchased":["Footwork","Flying Knee","Cloak And Dagger","Well Laid Plans","Dagger Spray"],"campfire_rested":1,"item_purchase_floors":[10,10,14,14,14],"current_hp_per_floor":[59,48,37,31,31,31,31,31,31,31,31,13,13,13,32,11,52,45],"gold":102,"neow_bonus":"THREE_ENEMY_KILL","is_prod":false,"is_daily":false,"chose_seed":false,"campfire_upgraded":1,"win_rate":0,"timestamp":1549180789,"path_taken":["M","?","?","?","?","E","R","?","T","$","R","E","M","$","R","BOSS","M"],"build_version":"2019-01-23","purchased_purges":1,"victory":false,"max_hp_per_floor":[66,66,66,66,66,66,66,66,66,66,66,66,66,66,66,66,66,66],"card_choices":[{"not_picked":["Bane","Underhanded Strike"],"picked":"Sucker Punch","floor":1.0},{"not_picked":["Dodge and Roll","Prepared"],"picked":"Quick Slash","floor":5.0},{"not_picked":["Reflex","Catalyst"],"picked":"Backstab","floor":6.0},{"not_picked":["Reflex","Prepared"],"picked":"Wraith Form v2","floor":12.0},{"not_picked":["Concentrate","Accuracy","Blade Dance"],"picked":"SKIP","floor":13.0},{"not_picked":["Burst","Unload"],"picked":"After Image","floor":16.0}],"player_experience":3178771,"relics_obtained":[{"floor":6.0,"key":"Centennial Puzzle"},{"floor":9.0,"key":"Dodecahedron"},{"floor":12.0,"key":"War Paint"}],"event_choices":[{"damage_healed":0.0,"max_hp_gain":0.0,"max_hp_loss":0.0,"gold_gain":0.0,"event_name":"Scrap Ooze","player_choice":"Success","floor":2.0,"gold_loss":0.0,"damage_taken":11.0,"relics_obtained":["Peace Pipe"]},{"damage_healed":0.0,"max_hp_gain":0.0,"max_hp_loss":0.0,"gold_gain":75.0,"event_name":"World of Goop","player_choice":"Gather Gold","floor":3.0,"gold_loss":0.0,"damage_taken":11.0},{"damage_healed":0.0,"max_hp_gain":0.0,"max_hp_loss":0.0,"gold_gain":50.0,"event_name":"FaceTrader","player_choice":"Touch","floor":4.0,"gold_loss":0.0,"damage_taken":6.0},{"damage_healed":0.0,"max_hp_gain":0.0,"max_hp_loss":0.0,"gold_gain":77.0,"event_name":"Golden Wing","player_choice":"Gained Gold","floor":8.0,"gold_loss":0.0,"damage_taken":0.0}],"is_beta":false,"boss_relics":[{"not_picked":["Empty Cage","Orrery"],"picked":"Eternal Feather"}],"items_purged_floors":[10],"is_endless":false,"potions_floor_spawned":[12,16],"killed_by":"3 Byrds","ascension_level":20}