{"gold_per_floor":[362,322,252,263,263,263,276,294,294,324,359,369,369,381,381,485,485,440,440,440,157,157,157,157,157,157,157,8,8,8,8,8,8,8,8,8,8,8,8,8,8,8,8,8,8,8,8,8,8,8],"floor_reached":50,"playtime":6235,"items_purged":[],"score":546,"play_id":"41275d27-1f6d-4dac-9867-8e3f1f1707af","local_time":"20190303210429","is_ascension_mode":false,"campfire_choices":[{"data":"Zap","floor":6,"key":"SMITH"},{"floor":13,"key":"REST"},{"data":"Dualcast","floor":15,"key":"SMITH"},{"floor":23,"key":"REST"},{"data":"Turbo","floor":25,"key":"SMITH"},{"data":"Self Repair","floor":27,"key":"SMITH"},{"data":"Defragment","floor":32,"key":"SMITH"},{"floor":40,"key":"RECALL"},{"data":"Defragment","floor":42,"key":"SMITH"},{"data":"Coolheaded","floor":44,"key":"SMITH"},{"data":"Go for the Eyes","floor":45,"key":"SMITH"},{"data":"Capacitor","floor":49,"key":"SMITH"}],"neow_cost":"PERCENT_DAMAGE","seed_source_timestamp":0,"circlet_count":0,"master_deck":["Strike_B","Defend_B","Defend_B","Defend_B","Defend_B","Zap+1","Dualcast+1","Ball Lightning","Melter","Turbo+1","Glacier","Sweeping Beam","Conserve Battery","Auto Shields","Seek","Go for the Eyes+1","Skim","Hologram+1","Self Repair+1","Compile Driver","Defragment+1","Blizzard","Coolheaded+1","Capacitor+1","Defragment+1","All For One","Multi-Cast+1","Redo+1","Melter+1","Loop+1","Streamline+1","Compile Driver+1","Hologram+1","Static Discharge+1","Barrage+1","Coolheaded+1"],"special_seed":0,"relics":["Cracked Core","Pocketwatch","Ectoplasm","Pantograph","Art of War","Potion Belt","Bottled Flame","Nloth\u0027s Gift","Astrolabe","WingedGreaves","Bird Faced Urn","Darkstone Periapt"],"potions_floor_usage":[7,11,11,11,11,14,16,22,30,33,37,47,48,50],"damage_taken":[{"damage":0,"enemies":"2 Louse","floor":1,"turns":3},{"damage":0,"enemies":"Cultist","floor":4,"turns":2},{"damage":0,"enemies":"Small Slimes","floor":7,"turns":2},{"damage":9,"enemies":"3 Louse","floor":8,"turns":3},{"damage":10,"enemies":"Lagavulin","floor":11,"turns":4},{"damage":0,"enemies":"Gremlin Gang","floor":12,"turns":2},{"damage":0,"enemies":"Looter","floor":14,"turns":2},{"damage":28,"enemies":"Hexaghost","floor":16,"turns":8},{"damage":20,"enemies":"2 Thieves","floor":18,"turns":3},{"damage":2,"enemies":"Shell Parasite","floor":19,"turns":4},{"damage":22,"enemies":"3 Cultists","floor":20,"turns":6},{"damage":2,"enemies":"Cultist and Chosen","floor":22,"turns":7},{"damage":6,"enemies":"Centurion and Healer","floor":24,"turns":8},{"damage":0,"enemies":"Sentry and Sphere","floor":29,"turns":3},{"damage":12,"enemies":"Book of Stabbing","floor":30,"turns":9},{"damage":20,"enemies":"Automaton","floor":33,"turns":13},{"damage":5,"enemies":"Orb Walker","floor":35,"turns":4},{"damage":19,"enemies":"3 Darklings","floor":36,"turns":6},{"damage":0,"enemies":"Mind Bloom Boss Battle","floor":37,"turns":6},{"damage":15,"enemies":"Sphere and 2 Shapes","floor":39,"turns":4},{"damage":0,"enemies":"Nemesis","floor":41,"turns":7},{"damage":3,"enemies":"Maw","floor":46,"turns":7},{"damage":14,"enemies":"Jaw Worm Horde","floor":47,"turns":5},{"damage":26,"enemies":"Sphere and 2 Shapes","floor":48,"turns":5},{"damage":90,"enemies":"Awakened One","floor":50,"turns":14}],"seed_played":"-2178097778295102824","potions_obtained":[{"floor":2,"key":"SkillPotion"},{"floor":2,"key":"EntropicBrew"},{"floor":2,"key":"Ancient Potion"},{"floor":8,"key":"Poison Potion"},{"floor":12,"key":"FocusPotion"},{"floor":16,"key":"Weak Potion"},{"floor":20,"key":"GamblersBrew"},{"floor":30,"key":"Dexterity Potion"},{"floor":33,"key":"PowerPotion"},{"floor":36,"key":"Explosive Potion"},{"floor":39,"key":"SteroidPotion"},{"floor":46,"key":"Fire Potion"}],"is_trial":false,"path_per_floor":["M","?","$","M","?","R","M","M","T","?","E","M","R","M","R","B",null,"M","M","M","$","M","R","M","R","T","R","$","M","E","?","R","B",null,"M","M","?","?","M","R","E","R","T","R","R","M","M","M","R","B"],"character_chosen":"DEFECT","items_purchased":["Melter","Self Repair","Pantograph","Defragment","Blizzard","Coolheaded"],"campfire_rested":2,"item_purchase_floors":[3,21,21,28,28,28],"current_hp_per_floor":[54,54,54,54,54,54,54,45,45,45,35,35,57,57,57,29,75,55,53,31,31,36,58,59,59,59,59,59,69,67,67,67,65,75,75,66,75,75,60,60,70,70,70,70,70,75,75,55,55,0],"gold":8,"neow_bonus":"TWO_FIFTY_GOLD","is_prod":false,"is_daily":false,"chose_seed":false,"campfire_upgraded":9,"win_rate":0,"timestamp":1551665069,"path_taken":["M","?","$","?","?","R","M","M","T","?","E","M","R","M","R","BOSS","M","M","M","$","M","R","M","R","T","R","$","M","E","?","R","BOSS","M","?","?","?","M","R","E","R","T","R","R","M","M","M","R","BOSS"],"build_version":"2019-01-23","purchased_purges":0,"victory":false,"max_hp_per_floor":[75,75,75,75,75,75,75,75,75,75,75,75,75,75,75,75,75,75,75,75,75,75,75,75,75,75,75,75,75,75,75,75,75,75,75,75,75,75,75,75,75,75,75,75,75,75,75,75,75,75],"card_choices":[{"not_picked":["Hologram","Double Energy"],"picked":"Ball Lightning","floor":1},{"not_picked":["Hologram","Leap"],"picked":"Turbo","floor":4},{"not_picked":["Lockon","Hello World","Leap"],"picked":"SKIP","floor":7},{"not_picked":["Barrage","Consume"],"picked":"Glacier","floor":8},{"not_picked":["Chill","Loop"],"picked":"Sweeping Beam","floor":11},{"not_picked":["Beam Cell","Hologram"],"picked":"Conserve Battery","floor":12},{"not_picked":["Static Discharge","Cold Snap"],"picked":"Auto Shields","floor":14},{"not_picked":["Meteor Strike","Amplify"],"picked":"Seek","floor":16},{"not_picked":["Beam Cell","Leap"],"picked":"Go for the Eyes","floor":18},{"not_picked":["Ball Lightning","Gash"],"picked":"Skim","floor":19},{"not_picked":["Darkness","Ball Lightning"],"picked":"Hologram+1","floor":20},{"not_picked":["Rebound","Machine Learning","Hello World+1"],"picked":"SKIP","floor":22},{"not_picked":["Gash","Leap"],"picked":"Compile Driver","floor":24},{"not_picked":["Self Repair","Conserve Battery"],"picked":"Capacitor","floor":29},{"not_picked":["Streamline","Sunder"],"picked":"Defragment","floor":30},{"not_picked":["Machine Learning","Creative AI"],"picked":"All For One","floor":33},{"not_picked":["Melter+1","Barrage+1"],"picked":"Loop+1","floor":35},{"not_picked":["Ball Lightning+1","Redo"],"picked":"Streamline+1","floor":36},{"not_picked":["All For One","Buffer"],"picked":"Leap+1","floor":37},{"not_picked":["Fusion","Chill"],"picked":"Compile Driver+1","floor":39},{"not_picked":["Fission","Machine Learning"],"picked":"Hologram+1","floor":41},{"not_picked":["Defragment","Sunder"],"picked":"Static Discharge+1","floor":46},{"not_picked":["Sweeping Beam","Stack+1"],"picked":"Barrage+1","floor":47},{"not_picked":["Rebound+1","Rip and Tear"],"picked":"Coolheaded+1","floor":48}],"player_experience":155846,"relics_obtained":[{"floor":11,"key":"Pocketwatch"},{"floor":26,"key":"Art of War"},{"floor":26,"key":"Potion Belt"},{"floor":30,"key":"Bottled Flame"},{"floor":37,"key":"WingedGreaves"},{"floor":41,"key":"Bird Faced Urn"},{"floor":43,"key":"Darkstone Periapt"}],"event_choices":[{"damage_healed":0,"gold_gain":0,"player_choice":"Bought 3 Potions","damage_taken":0,"max_hp_gain":0,"max_hp_loss":0,"event_name":"The Woman in Blue","floor":2,"gold_loss":0},{"damage_healed":0,"gold_gain":0,"player_choice":"Ignored","damage_taken":0,"max_hp_gain":0,"max_hp_loss":0,"event_name":"Liars Game","floor":5,"gold_loss":0},{"damage_healed":0,"gold_gain":30,"player_choice":"Searched \u00273\u0027 times","damage_taken":0,"relics_obtained":["Matryoshka"],"max_hp_gain":0,"max_hp_loss":0,"event_name":"Dead Adventurer","floor":10,"gold_loss":0},{"damage_healed":0,"gold_gain":0,"player_choice":"Traded Relic","damage_taken":0,"relics_obtained":["Nloth\u0027s Gift"],"max_hp_gain":0,"max_hp_loss":0,"event_name":"N\u0027loth","floor":31,"relics_lost":["Matryoshka"],"gold_loss":0},{"damage_healed":0,"gold_gain":0,"player_choice":"Fight","damage_taken":0,"max_hp_gain":0,"max_hp_loss":0,"event_name":"MindBloom","floor":37,"gold_loss":0},{"cards_removed":["Leap"],"damage_healed":0,"gold_gain":0,"player_choice":"Removed Skill","damage_taken":0,"max_hp_gain":0,"max_hp_loss":0,"event_name":"Falling","floor":38,"gold_loss":0}],"is_beta":false,"boss_relics":[{"not_picked":["White Beast Statue","Snecko Eye"],"picked":"Ectoplasm"},{"not_picked":["Lizard Tail","Black Star"],"picked":"Astrolabe"}],"items_purged_floors":[],"is_endless":false,"potions_floor_spawned":[8,12,16,20,30,33,36,39,46],"killed_by":"Awakened One","ascension_level":0}