{"gold_per_floor":[119,129,129,129,129,129,163,113,159,177,188,38,213,232,232,328,328,340,351,365,365,377,377,123,123,123,223,235,235,235,249,249,346,346,356,656,431,431,445,445,445,445,472,486,500,500,91,91,91,91],"floor_reached":51,"playtime":1367,"items_purged":["Doubt","Strike_R","Defend_R"],"score":745,"play_id":"e149ee1b-b120-4a15-9737-06688ff9ceff","local_time":"20190321032608","is_ascension_mode":false,"campfire_choices":[{"data":"Bash","floor":6.0,"key":"SMITH"},{"data":"Uppercut","floor":15.0,"key":"SMITH"},{"data":"Juggernaut","floor":23.0,"key":"SMITH"},{"data":"Spot Weakness","floor":25.0,"key":"SMITH"},{"data":"Flame Barrier","floor":29.0,"key":"SMITH"},{"data":"Shrug It Off","floor":32.0,"key":"SMITH"},{"data":"Strike_R","floor":40.0,"key":"SMITH"},{"data":"Defend_R","floor":46,"key":"SMITH"},{"floor":49,"key":"RECALL"}],"neow_cost":"NONE","seed_source_timestamp":64863541848311,"circlet_count":0,"master_deck":["Strike_R+1","Strike_R+1","Defend_R+1","Defend_R+1","Defend_R+1","Bash+1","Flame Barrier+1","Armaments+1","Uppercut+1","Spot Weakness+1","Juggernaut+1","Shockwave+1","Iron Wave+1","Shrug It Off+1","Ghostly Armor+1","Metallicize+1","Iron Wave+1","Impervious+1","Whirlwind+1","Flex+1","Flex+1","Body Slam+1","Heavy Blade+1","Burning Pact+1"],"special_seed":0,"relics":["Burning Blood","Potion Belt","Pantograph","Orichalcum","Happy Flower","Juzu Bracelet","Coffee Dripper","Membership Card","Self Forming Clay","Calipers","Singing Bowl","Toxic Egg 2","Velvet Choker","Dead Branch","Mummified Hand","Anchor","Thread and Needle","Champion Belt","Mark of the Bloom"],"potions_floor_usage":[50],"damage_taken":[{"damage":13.0,"enemies":"Cultist","floor":1.0,"turns":6.0},{"damage":0.0,"enemies":"2 Louse","floor":2.0,"turns":3.0},{"damage":25.0,"enemies":"3 Sentries","floor":7.0,"turns":7.0},{"damage":0.0,"enemies":"Small Slimes","floor":10.0,"turns":3.0},{"damage":0.0,"enemies":"Exordium Wildlife","floor":11.0,"turns":4.0},{"damage":2.0,"enemies":"Red Slaver","floor":14.0,"turns":6.0},{"damage":37.0,"enemies":"The Guardian","floor":16.0,"turns":13.0},{"damage":2.0,"enemies":"Shell Parasite","floor":18.0,"turns":6.0},{"damage":5.0,"enemies":"3 Byrds","floor":19.0,"turns":5.0},{"damage":0.0,"enemies":"Centurion and Healer","floor":20.0,"turns":7.0},{"damage":11.0,"enemies":"Sentry and Sphere","floor":22.0,"turns":6.0},{"damage":8.0,"enemies":"Colosseum Slavers","floor":27.0,"turns":4.0},{"damage":6.0,"enemies":"Colosseum Nobs","floor":27.0,"turns":6.0},{"damage":15.0,"enemies":"3 Cultists","floor":28.0,"turns":6.0},{"damage":0.0,"enemies":"Shelled Parasite and Fungi","floor":31.0,"turns":6.0},{"damage":25.0,"enemies":"Collector","floor":33.0,"turns":10.0},{"damage":0.0,"enemies":"3 Shapes","floor":35.0,"turns":6.0},{"damage":3.0,"enemies":"3 Darklings","floor":39.0,"turns":3.0},{"damage":0.0,"enemies":"Maw","floor":44.0,"turns":7.0},{"damage":0.0,"enemies":"Transient","floor":45.0,"turns":5.0},{"damage":0,"enemies":"Time Eater","floor":50,"turns":6}],"seed_played":"-1372840422683694227","potions_obtained":[{"floor":1.0,"key":"AttackPotion"},{"floor":7.0,"key":"Block Potion"},{"floor":11.0,"key":"SteroidPotion"},{"floor":18.0,"key":"Dexterity Potion"},{"floor":20.0,"key":"Poison Potion"},{"floor":27.0,"key":"Regen Potion"},{"floor":31.0,"key":"SpeedPotion"},{"floor":45,"key":"Poison Potion"}],"is_trial":false,"path_per_floor":["M","M","?","?","?","R","E","?","T","M","M","$","?","M","R","B",null,"M","M","M","?","M","R","$","R","T","?","M","R","T","M","R","B",null,"M","?","$","?","M","R","?","?","T","M","M","R","$","?","R","B",null],"character_chosen":"IRONCLAD","items_purchased":["Juzu Bracelet","Membership Card","Shrug It Off","Dead Branch","Flex+1","Thread and Needle","Champion Belt","Heavy Blade","Burning Pact+1"],"campfire_rested":0,"item_purchase_floors":[12,24,24,37,37,47,47,47,47],"current_hp_per_floor":[73,79,63,63,51,51,32,32,32,38,44,44,44,48,48,42,80,80,80,80,80,75,75,75,75,75,73,64,64,64,70,70,61,80,80,80,80,80,80,80,80,80,80,82,82,82,82,82,82,82],"gold":91,"neow_bonus":"RANDOM_COMMON_RELIC","is_prod":false,"is_daily":false,"chose_seed":false,"campfire_upgraded":8,"win_rate":0,"timestamp":1553160368,"path_taken":["M","M","?","?","?","R","E","?","T","?","M","?","?","M","R","BOSS","M","M","M","?","M","R","$","R","T","?","M","R","?","M","R","BOSS","M","?","$","?","M","R","?","?","T","M","M","R","$","?","R","BOSS"],"build_version":"2019-01-23","purchased_purges":3,"victory":true,"max_hp_per_floor":[80,80,80,80,80,80,80,80,80,80,80,80,80,80,80,80,80,80,80,80,80,80,80,80,80,80,80,80,80,80,80,80,80,80,80,80,80,80,80,80,80,80,80,82,82,82,82,82,82,82],"card_choices":[{"not_picked":["Hemokinesis","Reckless Charge"],"picked":"Flame Barrier","floor":1.0},{"not_picked":["Dual Wield","Iron Wave"],"picked":"Armaments","floor":2.0},{"not_picked":["Iron Wave","Burning Pact","Dual Wield"],"picked":"SKIP","floor":7.0},{"not_picked":["Headbutt","Warcry"],"picked":"Uppercut","floor":10.0},{"not_picked":["Sentinel","Rage","Seeing Red"],"picked":"SKIP","floor":11.0},{"not_picked":["Rage","Sword Boomerang"],"picked":"Spot Weakness","floor":14.0},{"not_picked":["Berserk","Exhume"],"picked":"Juggernaut","floor":16.0},{"not_picked":["Corruption","Rampage"],"picked":"Shockwave+1","floor":18.0},{"not_picked":["Warcry","Havoc"],"picked":"Iron Wave+1","floor":19.0},{"not_picked":["Clash+1","Body Slam+1","Sever Soul"],"picked":"SKIP","floor":20.0},{"not_picked":["Flex","Bloodletting","Perfected Strike"],"picked":"SKIP","floor":22.0},{"not_picked":["Perfected Strike","Dropkick+1"],"picked":"Ghostly Armor+1","floor":27.0},{"not_picked":["Reckless Charge","Sword Boomerang+1"],"picked":"Metallicize+1","floor":28.0},{"not_picked":["Perfected Strike","Sword Boomerang"],"picked":"Iron Wave+1","floor":31.0},{"not_picked":["Feed","Brutality"],"picked":"Impervious+1","floor":33.0},{"not_picked":["Cleave+1","Battle Trance+1"],"picked":"Whirlwind+1","floor":35.0},{"not_picked":["Sword Boomerang","Cleave"],"picked":"Flex+1","floor":39.0},{"not_picked":["Carnage","Havoc+1","Clash+1"],"picked":"Singing Bowl","floor":44.0},{"not_picked":["Hemokinesis","Twin Strike+1"],"picked":"Body Slam+1","floor":45}],"player_experience":1102440,"relics_obtained":[{"floor":7.0,"key":"Orichalcum"},{"floor":9.0,"key":"Happy Flower"},{"floor":26.0,"key":"Self Forming Clay"},{"floor":27.0,"key":"Calipers"},{"floor":27.0,"key":"Singing Bowl"},{"floor":30.0,"key":"Toxic Egg 2"},{"floor":43.0,"key":"Anchor"}],"event_choices":[{"damage_healed":0.0,"max_hp_gain":0.0,"max_hp_loss":0.0,"gold_gain":0.0,"event_name":"Shining Light","player_choice":"Entered Light","floor":3.0,"gold_loss":0.0,"damage_taken":16.0,"cards_upgraded":["Strike_R","Strike_R"]},{"damage_healed":0.0,"max_hp_gain":0.0,"max_hp_loss":0.0,"gold_gain":0.0,"event_name":"Living Wall","player_choice":"Grow","floor":4.0,"gold_loss":0.0,"damage_taken":0.0,"cards_upgraded":["Armaments"]},{"damage_healed":0.0,"max_hp_gain":0.0,"max_hp_loss":0.0,"gold_gain":0.0,"event_name":"Scrap Ooze","player_choice":"Success","floor":5.0,"gold_loss":0.0,"damage_taken":12.0,"relics_obtained":["Pantograph"]},{"cards_removed":["Strike_R"],"damage_healed":0.0,"max_hp_gain":0.0,"max_hp_loss":0.0,"gold_gain":0.0,"event_name":"The Cleric","player_choice":"Card Removal","floor":8.0,"gold_loss":50.0,"damage_taken":0.0},{"damage_healed":0.0,"max_hp_gain":0.0,"max_hp_loss":0.0,"gold_gain":175.0,"event_name":"Liars Game","player_choice":"AGREE","floor":13.0,"gold_loss":0.0,"damage_taken":0.0,"cards_obtained":["Doubt"]},{"damage_healed":0.0,"max_hp_gain":0.0,"max_hp_loss":0.0,"gold_gain":0.0,"event_name":"Vampires","player_choice":"Ignored","floor":21.0,"gold_loss":0.0,"damage_taken":0.0},{"damage_healed":0.0,"max_hp_gain":0.0,"max_hp_loss":0.0,"gold_gain":0.0,"event_name":"Colosseum","player_choice":"Fight","floor":27.0,"gold_loss":0.0,"damage_taken":0.0},{"damage_healed":0.0,"max_hp_gain":0.0,"max_hp_loss":0.0,"gold_gain":0.0,"event_name":"Colosseum","player_choice":"Fought Nobs","floor":27.0,"gold_loss":0.0,"damage_taken":0.0},{"damage_healed":0.0,"max_hp_gain":0.0,"max_hp_loss":0.0,"gold_gain":300.0,"event_name":"Wheel of Change","player_choice":"Gold","floor":36.0,"gold_loss":0.0,"damage_taken":0.0},{"damage_healed":0.0,"max_hp_gain":0.0,"max_hp_loss":0.0,"gold_gain":0.0,"event_name":"WeMeetAgain","player_choice":"Gave Potion","floor":38.0,"gold_loss":0.0,"damage_taken":0.0,"relics_obtained":["Mummified Hand"]},{"cards_removed":["Strike_R"],"damage_healed":0.0,"max_hp_gain":0.0,"max_hp_loss":0.0,"gold_gain":0.0,"event_name":"Falling","player_choice":"Removed Attack","floor":41.0,"gold_loss":0.0,"damage_taken":0.0},{"damage_healed":0.0,"max_hp_gain":0.0,"max_hp_loss":0.0,"gold_gain":0.0,"event_name":"Tomb of Lord Red Mask","player_choice":"Ignored","floor":42.0,"gold_loss":0.0,"damage_taken":0.0},{"damage_healed":0,"gold_gain":0,"player_choice":"Upgrade","damage_taken":0,"relics_obtained":["Mark of the Bloom"],"max_hp_gain":0,"max_hp_loss":0,"event_name":"MindBloom","floor":48,"gold_loss":0,"cards_upgraded":["Defend_R","Defend_R","Heavy Blade"]}],"is_beta":false,"boss_relics":[{"not_picked":["Snecko Eye","Black Star"],"picked":"Coffee Dripper"},{"not_picked":["Runic Dome","Lizard Tail"],"picked":"Velvet Choker"}],"items_purged_floors":[24,37,47],"is_endless":false,"potions_floor_spawned":[1,7,11,18,20,27,31,45],"ascension_level":0}