{"gold_per_floor":[117,136,136,152,164,164,184,184,238,238,255,255,274,294,294,372,372,385,36,50,50,50,50,50,50,50,50],"floor_reached":27,"playtime":1490,"items_purged":["Regret"],"score":414,"play_id":"5aea0c6a-c4e8-47b0-9c39-ca1208a5f43e","local_time":"20190131103002","is_ascension_mode":true,"campfire_choices":[{"data":"Phantasmal Killer","floor":6,"key":"SMITH"},{"data":"Neutralize","floor":8,"key":"SMITH"},{"data":"Deadly Poison","floor":10,"key":"SMITH"},{"data":"Dodge and Roll","floor":12,"key":"SMITH"},{"data":"Malaise","floor":15,"key":"SMITH"},{"data":"Venomology","floor":23,"key":"SMITH"},{"data":"Corpse Explosion","floor":25,"key":"SMITH"}],"neow_cost":"NONE","seed_source_timestamp":255382423903237,"circlet_count":0,"master_deck":["AscendersBane","Defend_G","Defend_G","Defend_G","Defend_G","Defend_G","Strike_G","Strike_G","Strike_G","Strike_G","Survivor","Neutralize+1","Dagger Throw","Choke","Phantasmal Killer+1","Catalyst","Predator","Deadly Poison+1","Dodge and Roll+1","Malaise+1","Dagger Spray","Corpse Explosion+1","Writhe","Writhe","Poisoned Stab","Venomology+1","Good Instincts","Dodge and Roll","Bane","Decay"],"relics":["Coffee Dripper","Tiny Chest","Calling Bell","PreservedInsect","Kunai","Mango","Bird Faced Urn"],"potions_floor_usage":[16,16,20,20,24],"damage_taken":[{"damage":1,"enemies":"Cultist","floor":1,"turns":5},{"damage":0,"enemies":"2 Louse","floor":2,"turns":3},{"damage":2,"enemies":"Jaw Worm","floor":4,"turns":3},{"damage":9,"enemies":"3 Louse","floor":5,"turns":3},{"damage":12,"enemies":"Large Slime","floor":7,"turns":2},{"damage":0,"enemies":"2 Fungi Beasts","floor":11,"turns":3},{"damage":11,"enemies":"Looter","floor":13,"turns":2},{"damage":2,"enemies":"3 Louse","floor":14,"turns":3},{"damage":7,"enemies":"Hexaghost","floor":16,"turns":8},{"damage":39,"enemies":"2 Thieves","floor":18,"turns":3},{"damage":17,"enemies":"Shell Parasite","floor":20,"turns":4},{"damage":0,"enemies":"3 Cultists","floor":24,"turns":1},{"damage":40,"enemies":"Shelled Parasite and Fungi","floor":27,"turns":2}],"seed_played":"3653451085042635489","potions_obtained":[{"floor":1,"key":"AttackPotion"},{"floor":5,"key":"SpeedPotion"},{"floor":14,"key":"Strength Potion"},{"floor":18,"key":"Weak Potion"},{"floor":22,"key":"FairyPotion"},{"floor":22,"key":"SmokeBomb"}],"is_trial":false,"path_per_floor":["M","M","?","M","M","R","M","R","T","R","M","R","M","M","R","B",null,"M","$","M","?","?","R","M","R","T","M"],"character_chosen":"THE_SILENT","items_purchased":["Venomology","Good Instincts","Dodge and Roll"],"campfire_rested":0,"item_purchase_floors":[19,19,19],"current_hp_per_floor":[58,58,58,56,47,47,35,35,35,35,35,35,24,22,22,15,67,28,28,11,11,11,11,11,11,11,0],"gold":50,"neow_bonus":"BOSS_RELIC","is_prod":false,"is_daily":false,"chose_seed":false,"campfire_upgraded":7,"win_rate":0,"timestamp":1548948602,"path_taken":["M","M","?","M","M","R","?","R","T","R","M","R","M","?","R","BOSS","M","$","?","?","?","R","?","R","T","M"],"build_version":"2019-01-23","purchased_purges":1,"victory":false,"max_hp_per_floor":[66,66,66,66,66,66,66,66,66,66,66,66,66,66,66,66,80,80,80,80,80,80,80,80,80,80,80],"card_choices":[{"not_picked":["Endless Agony","Escape Plan"],"picked":"Dagger Throw","floor":1},{"not_picked":["Slice","Flying Knee"],"picked":"Choke","floor":2},{"not_picked":["PiercingWail","Acrobatics"],"picked":"Catalyst","floor":4},{"not_picked":["Quick Slash","Dagger Throw"],"picked":"Predator","floor":5},{"not_picked":["Prepared","Flechettes"],"picked":"Deadly Poison","floor":7},{"not_picked":["Blade Dance","Eviscerate"],"picked":"Dodge and Roll","floor":11},{"not_picked":["Bane","Accuracy"],"picked":"Malaise","floor":13},{"not_picked":["Deflect","Concentrate"],"picked":"Dagger Spray","floor":14},{"not_picked":["Adrenaline","Storm of Steel"],"picked":"Corpse Explosion","floor":16},{"not_picked":["Blur","Crippling Poison"],"picked":"Poisoned Stab","floor":18},{"not_picked":["Prepared+1","Caltrops"],"picked":"Bane","floor":20}],"player_experience":3141622,"relics_obtained":[{"floor":9,"key":"Tiny Chest"},{"floor":17,"key":"PreservedInsect"},{"floor":17,"key":"Kunai"},{"floor":17,"key":"Mango"},{"floor":26,"key":"Bird Faced Urn"}],"event_choices":[{"damage_healed":0,"gold_gain":0,"cards_transformed":["Strike_G"],"player_choice":"Transformed","damage_taken":0,"max_hp_gain":0,"max_hp_loss":0,"event_name":"Transmorgrifier","floor":3,"gold_loss":0,"cards_obtained":["Phantasmal Killer"]},{"damage_healed":0,"gold_gain":0,"player_choice":"Smashed Altar","damage_taken":0,"max_hp_gain":0,"max_hp_loss":0,"event_name":"Forgotten Altar","floor":21,"gold_loss":0,"cards_obtained":["Decay"]},{"damage_healed":0,"gold_gain":0,"player_choice":"Got Potions","damage_taken":0,"max_hp_gain":0,"max_hp_loss":0,"event_name":"Lab","floor":22,"gold_loss":0}],"is_beta":false,"boss_relics":[{"not_picked":["Cursed Key","Sozu"],"picked":"Calling Bell"}],"items_purged_floors":[19],"is_endless":false,"potions_floor_spawned":[1,5,14,18],"killed_by":"Shelled Parasite and Fungi","ascension_level":20}