{"gold_per_floor":[109,126,143,153,169,169,201,201,201,213,213,182,194,74,74,74],"floor_reached":16,"playtime":522,"items_purged":["Strike_B"],"score":208,"play_id":"831e4992-7dcc-4f37-bbff-42b6990dfc47","local_time":"20190325120301","is_ascension_mode":true,"campfire_choices":[{"floor":6,"key":"REST"},{"floor":8,"key":"REST"},{"floor":15,"key":"REST"}],"neow_cost":"NONE","seed_source_timestamp":434997955756598,"circlet_count":0,"master_deck":["AscendersBane","Strike_B","Strike_B","Strike_B","Defend_B","Defend_B","Defend_B","Defend_B","Zap","Dualcast","Hologram","Defragment+1","Cold Snap","Conserve Battery","Glacier","Self Repair","Defragment"],"relics":["Cracked Core","The Courier","Sundial"],"potions_floor_usage":[5,7,10,16],"damage_taken":[{"damage":0,"enemies":"2 Louse","floor":1,"turns":1},{"damage":6,"enemies":"Jaw Worm","floor":2,"turns":4},{"damage":10,"enemies":"Small Slimes","floor":3,"turns":4},{"damage":11,"enemies":"Blue Slaver","floor":4,"turns":4},{"damage":10,"enemies":"Exordium Wildlife","floor":5,"turns":6},{"damage":51,"enemies":"Gremlin Nob","floor":7,"turns":5},{"damage":6,"enemies":"3 Louse","floor":10,"turns":6},{"damage":10,"enemies":"2 Fungi Beasts","floor":13,"turns":4},{"damage":45,"enemies":"Slime Boss","floor":16,"turns":14}],"seed_played":"-604184084865550639","potions_obtained":[{"floor":1,"key":"Block Potion"},{"floor":5,"key":"Dexterity Potion"},{"floor":7,"key":"SkillPotion"},{"floor":10,"key":"SpeedPotion"}],"is_trial":false,"path_per_floor":["M","M","M","M","M","R","E","R","T","M","?","$","M","$","R","B"],"character_chosen":"DEFECT","items_purchased":["Self Repair","Defragment"],"campfire_rested":3,"item_purchase_floors":[12,14],"current_hp_per_floor":[71,65,55,44,34,57,6,29,29,23,23,23,20,20,43,0],"gold":74,"neow_bonus":"TEN_PERCENT_HP_BONUS","is_prod":false,"is_daily":false,"chose_seed":false,"campfire_upgraded":0,"win_rate":0,"timestamp":1553511781,"path_taken":["M","M","M","M","M","R","E","R","T","M","?","$","M","$","R","BOSS"],"build_version":"2019-01-23","purchased_purges":1,"victory":false,"max_hp_per_floor":[78,78,78,78,78,78,78,78,78,78,78,78,78,78,78,78],"card_choices":[{"not_picked":["Compile Driver","Redo"],"picked":"Hologram","floor":1},{"not_picked":["Go for the Eyes","Heatsinks"],"picked":"Defragment","floor":2},{"not_picked":["Steam","Steam Power"],"picked":"Cold Snap","floor":3},{"not_picked":["Skim","Go for the Eyes"],"picked":"Conserve Battery","floor":4},{"not_picked":["Cold Snap","White Noise"],"picked":"Glacier","floor":5},{"not_picked":["Force Field","Cold Snap","Barrage"],"picked":"SKIP","floor":7},{"not_picked":["Leap","Go for the Eyes","Barrage"],"picked":"SKIP","floor":10},{"not_picked":["Streamline","Cold Snap","Undo"],"picked":"SKIP","floor":13}],"player_experience":1112382,"relics_obtained":[{"floor":7,"key":"The Courier"},{"floor":9,"key":"Sundial"}],"event_choices":[{"damage_healed":0,"gold_gain":0,"player_choice":"Grow","damage_taken":0,"max_hp_gain":0,"max_hp_loss":0,"event_name":"Living Wall","floor":11,"gold_loss":0,"cards_upgraded":["Defragment"]}],"is_beta":false,"boss_relics":[],"items_purged_floors":[14],"is_endless":false,"potions_floor_spawned":[1,5,7,10],"killed_by":"Slime Boss","ascension_level":20}