{"gold_per_floor":[110,60,70,70,95,134,134,6,6,26,26,62,62,98,98,221,221,221,221,221,25,0,0,0,0,0,0,0],"floor_reached":28,"playtime":1429,"items_purged":["Strike_R"],"score":353,"play_id":"f6bfd309-2974-4505-8bf5-0122433b1110","local_time":"20190318073116","is_ascension_mode":true,"campfire_choices":[{"data":"Bash","floor":7,"key":"SMITH"},{"floor":13,"key":"REST"},{"data":"Whirlwind","floor":15,"key":"SMITH"},{"floor":24,"key":"REST"}],"neow_cost":"NONE","seed_source_timestamp":887508479649539,"circlet_count":0,"master_deck":["Strike_R","Strike_R","Strike_R","Defend_R","Defend_R","Defend_R","Defend_R","Bash+1","Cleave","Rampage","Pommel Strike","Whirlwind+1","Shrug It Off","Ghostly Armor","Ghostly Armor","Fiend Fire","Armaments","Reaper","Headbutt","Shrug It Off"],"relics":["Burning Blood","NeowsBlessing","Bloody Idol","Mango","Champion Belt","Dream Catcher","Happy Flower","Ectoplasm","Red Mask","Boot","Letter Opener","Art of War","Anchor"],"potions_floor_usage":[12,12,16,23,28],"damage_taken":[{"damage":0,"enemies":"Jaw Worm","floor":1,"turns":1},{"damage":0,"enemies":"2 Louse","floor":3,"turns":1},{"damage":0,"enemies":"Small Slimes","floor":5,"turns":1},{"damage":30,"enemies":"3 Sentries","floor":6,"turns":8},{"damage":0,"enemies":"2 Fungi Beasts","floor":10,"turns":3},{"damage":30,"enemies":"Lagavulin","floor":12,"turns":8},{"damage":20,"enemies":"Gremlin Nob","floor":14,"turns":4},{"damage":47,"enemies":"The Guardian","floor":16,"turns":14},{"damage":7,"enemies":"Shell Parasite","floor":18,"turns":5},{"damage":19,"enemies":"Masked Bandits","floor":19,"turns":4},{"damage":7,"enemies":"2 Thieves","floor":22,"turns":4},{"damage":57,"enemies":"Gremlin Leader","floor":23,"turns":6},{"damage":65,"enemies":"Book of Stabbing","floor":28,"turns":7}],"seed_played":"-8813137656031816846","potions_obtained":[{"floor":6,"key":"SkillPotion"},{"floor":10,"key":"Ancient Potion"},{"floor":14,"key":"Explosive Potion"},{"floor":16,"key":"FairyPotion"},{"floor":23,"key":"Ancient Potion"}],"is_trial":false,"path_per_floor":["M","?","M","?","M","E","R","$","T","M","$","E","R","E","R","B",null,"M","?","?","$","M","E","R","?","T","T","E"],"character_chosen":"IRONCLAD","items_purchased":["Shrug It Off","Reaper","PowerPotion"],"campfire_rested":2,"item_purchase_floors":[8,21,21],"current_hp_per_floor":[78,78,80,60,66,56,56,56,56,62,62,38,66,52,52,11,73,72,59,59,59,68,17,45,45,45,45,0],"gold":0,"neow_bonus":"THREE_ENEMY_KILL","is_prod":false,"is_daily":false,"chose_seed":false,"campfire_upgraded":2,"win_rate":0,"timestamp":1552908676,"path_taken":["M","?","M","?","M","E","R","$","T","M","$","E","R","E","R","BOSS","M","?","?","$","M","E","R","?","T","?","E"],"build_version":"2019-01-23","purchased_purges":1,"victory":false,"max_hp_per_floor":[80,80,80,80,80,94,94,94,94,94,94,94,94,94,94,94,94,94,94,94,94,94,94,94,94,94,94,94],"card_choices":[{"not_picked":["Clash","Havoc"],"picked":"Cleave","floor":1},{"not_picked":["Thunderclap","Clothesline"],"picked":"Rampage","floor":3},{"not_picked":["Body Slam","Anger"],"picked":"Pommel Strike","floor":5},{"not_picked":["Dark Embrace","Pommel Strike"],"picked":"Whirlwind","floor":6},{"not_picked":["Body Slam","Flex","Anger"],"picked":"SKIP","floor":10},{"not_picked":["Pummel","Hemokinesis"],"picked":"Ghostly Armor","floor":12},{"not_picked":["Reckless Charge","Intimidate"],"picked":"Ghostly Armor","floor":13},{"not_picked":["Twin Strike","Wild Strike","Sword Boomerang"],"picked":"SKIP","floor":14},{"not_picked":["Demon Form","Reaper"],"picked":"Fiend Fire","floor":16},{"not_picked":["Twin Strike","Sword Boomerang+1","Reckless Charge"],"picked":"SKIP","floor":18},{"not_picked":["Warcry","Iron Wave+1"],"picked":"Armaments","floor":19},{"not_picked":["Entrench+1","Seeing Red","Corruption+1"],"picked":"SKIP","floor":22},{"not_picked":["Wild Strike","Fire Breathing+1"],"picked":"Headbutt","floor":23},{"not_picked":["Intimidate","Havoc"],"picked":"Shrug It Off","floor":24}],"player_experience":227607,"relics_obtained":[{"floor":6,"key":"Mango"},{"floor":9,"key":"Champion Belt"},{"floor":12,"key":"Dream Catcher"},{"floor":14,"key":"Happy Flower"},{"floor":19,"key":"Red Mask"},{"floor":23,"key":"Letter Opener"},{"floor":26,"key":"Art of War"},{"floor":27,"key":"Anchor"}],"event_choices":[{"cards_removed":["Strike_R"],"damage_healed":0,"gold_gain":0,"player_choice":"Card Removal","damage_taken":0,"max_hp_gain":0,"max_hp_loss":0,"event_name":"The Cleric","floor":2,"gold_loss":50},{"damage_healed":0,"gold_gain":0,"player_choice":"Take Damage","damage_taken":20,"relics_obtained":["Golden Idol"],"max_hp_gain":0,"max_hp_loss":0,"event_name":"Golden Idol","floor":4,"gold_loss":0},{"damage_healed":0,"gold_gain":0,"player_choice":"Fought Bandits","damage_taken":0,"max_hp_gain":0,"max_hp_loss":0,"event_name":"Masked Bandits","floor":19,"gold_loss":0},{"damage_healed":0,"gold_gain":0,"player_choice":"Opened","damage_taken":0,"relics_obtained":["Boot"],"max_hp_gain":0,"max_hp_loss":0,"event_name":"The Mausoleum","floor":20,"gold_loss":0},{"damage_healed":0,"gold_gain":0,"player_choice":"Gave Idol","damage_taken":0,"relics_obtained":["Bloody Idol"],"max_hp_gain":0,"max_hp_loss":0,"event_name":"Forgotten Altar","floor":25,"relics_lost":["Golden Idol"],"gold_loss":0}],"is_beta":false,"boss_relics":[{"not_picked":["Snecko Eye","Philosopher\u0027s Stone"],"picked":"Ectoplasm"}],"items_purged_floors":[8],"is_endless":false,"potions_floor_spawned":[6,10,14,16,23],"killed_by":"Book of Stabbing","ascension_level":8}