{"gold_per_floor":[110,124,299,299,143,143,176,176,176,176,193,143,160,160,160,258,258,277,297,49,49,149,149,183,183,183,183,92,109,9,20,20,116,116,132,148,66,26,46,46,46,56,83,83,137,137,137,147,147,147],"floor_reached":51,"playtime":894,"items_purged":["Doubt","Strike_R"],"score":711,"play_id":"18e50677-e4e4-4904-92a4-dd32a7ad50d3","local_time":"20190321021749","is_ascension_mode":false,"campfire_choices":[{"data":"Inflame","floor":6.0,"key":"SMITH"},{"data":"Inflame","floor":8.0,"key":"SMITH"},{"data":"Twin Strike","floor":10.0,"key":"SMITH"},{"data":"Whirlwind","floor":15.0,"key":"SMITH"},{"data":"Bash","floor":23,"key":"SMITH"},{"data":"Offering","floor":25,"key":"SMITH"},{"data":"Seeing Red","floor":27,"key":"SMITH"},{"floor":32,"key":"REST"},{"data":"Whirlwind","floor":40,"key":"SMITH"},{"data":"Cleave","floor":41,"key":"SMITH"},{"data":"Brutality","floor":47,"key":"SMITH"},{"data":"Headbutt","floor":49,"key":"SMITH"}],"neow_cost":"NONE","seed_source_timestamp":61230417844625,"circlet_count":0,"master_deck":["Strike_R","Strike_R","Strike_R","Defend_R","Defend_R+1","Defend_R+1","Bash+1","Cleave+1","Twin Strike+1","Inflame+1","Inflame+1","Whirlwind+1","Offering+1","Seeing Red+1","Flame Barrier+1","Thunderclap+1","Headbutt+1","Sword Boomerang+1","Brutality+1","Shrug It Off+1","Whirlwind+1","Wild Strike+1","Sword Boomerang+1","Cleave+1"],"special_seed":0,"relics":["Burning Blood","NeowsBlessing","Mercury Hourglass","Bag of Preparation","Black Star","Toxic Egg 2","Turnip","Pear","Strawberry","WingedGreaves","War Paint","Paper Frog","Snecko Eye","Pen Nib","Boot"],"potions_floor_usage":[22,22,24,33,38,50,50],"damage_taken":[{"damage":0.0,"enemies":"Jaw Worm","floor":1.0,"turns":1.0},{"damage":0.0,"enemies":"Cultist","floor":2.0,"turns":1.0},{"damage":0.0,"enemies":"3 Sentries","floor":7.0,"turns":1.0},{"damage":7.0,"enemies":"Small Slimes","floor":11.0,"turns":3.0},{"damage":1.0,"enemies":"2 Fungi Beasts","floor":13.0,"turns":2.0},{"damage":48.0,"enemies":"The Guardian","floor":16.0,"turns":8.0},{"damage":6,"enemies":"Spheric Guardian","floor":18,"turns":2},{"damage":23,"enemies":"Shell Parasite","floor":19,"turns":3},{"damage":26,"enemies":"Colosseum Slavers","floor":22,"turns":2},{"damage":13,"enemies":"Colosseum Nobs","floor":22,"turns":2},{"damage":31,"enemies":"Book of Stabbing","floor":24,"turns":5},{"damage":11,"enemies":"Snake Plant","floor":29,"turns":2},{"damage":6,"enemies":"3 Cultists","floor":31,"turns":3},{"damage":35,"enemies":"Collector","floor":33,"turns":4},{"damage":7,"enemies":"Orb Walker","floor":35,"turns":2},{"damage":17,"enemies":"3 Darklings","floor":36,"turns":2},{"damage":31,"enemies":"Maw","floor":39,"turns":8},{"damage":6,"enemies":"Jaw Worm Horde","floor":42,"turns":2},{"damage":10,"enemies":"Sphere and 2 Shapes","floor":48,"turns":3},{"damage":55,"enemies":"Donu and Deca","floor":50,"turns":5}],"seed_played":"-5349367543754482289","potions_obtained":[{"floor":1.0,"key":"Ancient Potion"},{"floor":4.0,"key":"SteroidPotion"},{"floor":4.0,"key":"Energy Potion"},{"floor":4.0,"key":"SteroidPotion"},{"floor":29,"key":"EssenceOfSteel"},{"floor":31,"key":"FearPotion"},{"floor":35,"key":"Regen Potion"},{"floor":36,"key":"Fire Potion"},{"floor":38,"key":"Fruit Juice"},{"floor":38,"key":"FairyPotion"},{"floor":38,"key":"LiquidBronze"}],"is_trial":false,"path_per_floor":["M","M","?","?","$","R","E","R","T","R","M","?","M","?","R","B",null,"M","M","$","?","?","R","E","R","T","R","?","M","$","M","R","B",null,"M","M","$","?","M","R","R","M","T","?","T","?","R","M","R","B",null],"character_chosen":"IRONCLAD","items_purchased":["Inflame","Toxic Egg 2","Whirlwind"],"campfire_rested":1,"item_purchase_floors":[5,20,37],"current_hp_per_floor":[80,80,80,80,80,80,80,80,80,80,79,79,80,80,80,38,80,80,63,63,80,63,63,45,45,45,45,45,40,40,40,69,40,97,96,85,85,90,65,65,65,65,65,65,65,65,65,61,61,26],"gold":147,"neow_bonus":"THREE_ENEMY_KILL","is_prod":false,"is_daily":false,"chose_seed":false,"campfire_upgraded":11,"win_rate":0,"timestamp":1553156269,"path_taken":["M","M","?","?","$","R","E","R","T","R","?","?","M","?","R","BOSS","M","M","$","?","?","R","E","R","T","R","?","M","$","?","R","BOSS","M","M","$","?","?","R","R","M","T","?","?","?","R","M","R","BOSS"],"build_version":"2019-01-23","purchased_purges":2,"victory":true,"max_hp_per_floor":[80,80,80,80,80,80,80,80,80,80,80,80,80,80,80,80,80,80,80,80,80,90,90,97,97,97,97,97,97,97,97,97,97,97,97,97,97,102,102,102,102,102,102,102,102,102,102,102,102,102],"card_choices":[{"not_picked":["Bloodletting","Seeing Red"],"picked":"Cleave","floor":1.0},{"not_picked":["Sword Boomerang","Blood for Blood"],"picked":"Twin Strike","floor":2.0},{"not_picked":["Flex","Clash"],"picked":"Inflame","floor":7.0},{"not_picked":["Havoc","Ghostly Armor","Body Slam"],"picked":"SKIP","floor":11.0},{"not_picked":["Clothesline","Burning Pact"],"picked":"Whirlwind","floor":13.0},{"not_picked":["Fiend Fire","Bludgeon"],"picked":"Offering","floor":16.0},{"not_picked":["Havoc","Sever Soul+1","Pommel Strike"],"picked":"SKIP","floor":18},{"not_picked":["Hemokinesis","Metallicize"],"picked":"Seeing Red","floor":19},{"not_picked":["Pommel Strike","Headbutt"],"picked":"Flame Barrier+1","floor":22},{"not_picked":["Wild Strike+1","Rampage"],"picked":"Thunderclap+1","floor":24},{"not_picked":["Rupture","Headbutt","Thunderclap"],"picked":"SKIP","floor":29},{"not_picked":["Rupture","Thunderclap"],"picked":"Headbutt","floor":29},{"not_picked":["Body Slam","Clothesline+1"],"picked":"Sword Boomerang+1","floor":31},{"not_picked":["Dark Embrace","Barricade"],"picked":"Brutality","floor":33},{"not_picked":["Wild Strike","Clothesline"],"picked":"Shrug It Off+1","floor":35},{"not_picked":["Pummel","Seeing Red+1","Flex+1"],"picked":"SKIP","floor":36},{"not_picked":["Armaments+1","Iron Wave+1"],"picked":"Wild Strike+1","floor":39},{"not_picked":["Warcry+1","Wild Strike"],"picked":"Sword Boomerang+1","floor":42},{"not_picked":["Warcry+1","Entrench+1"],"picked":"Cleave+1","floor":48}],"player_experience":1099404,"relics_obtained":[{"floor":7.0,"key":"Mercury Hourglass"},{"floor":9.0,"key":"Bag of Preparation"},{"floor":22,"key":"Turnip"},{"floor":22,"key":"Pear"},{"floor":24,"key":"Strawberry"},{"floor":24,"key":"WingedGreaves"},{"floor":26,"key":"War Paint"},{"floor":43,"key":"Pen Nib"},{"floor":45,"key":"Boot"}],"event_choices":[{"damage_healed":0.0,"max_hp_gain":0.0,"max_hp_loss":0.0,"gold_gain":175.0,"event_name":"Liars Game","player_choice":"AGREE","floor":3.0,"gold_loss":0.0,"damage_taken":0.0,"cards_obtained":["Doubt"]},{"damage_healed":0.0,"max_hp_gain":0.0,"max_hp_loss":0.0,"gold_gain":0.0,"event_name":"Lab","player_choice":"Got Potions","floor":4.0,"gold_loss":0.0,"damage_taken":0.0},{"cards_removed":["Strike_R"],"damage_healed":0.0,"max_hp_gain":0.0,"max_hp_loss":0.0,"gold_gain":0.0,"event_name":"The Cleric","player_choice":"Card Removal","floor":12.0,"gold_loss":50.0,"damage_taken":0.0},{"damage_healed":0.0,"max_hp_gain":0.0,"max_hp_loss":0.0,"gold_gain":0.0,"event_name":"NoteForYourself","player_choice":"Ignored","floor":14.0,"gold_loss":0.0,"damage_taken":0.0},{"damage_healed":26,"gold_gain":0,"player_choice":"Heal","damage_taken":0,"max_hp_gain":0,"max_hp_loss":0,"event_name":"The Library","floor":21,"gold_loss":0},{"damage_healed":0,"gold_gain":0,"player_choice":"Fight","damage_taken":0,"max_hp_gain":0,"max_hp_loss":0,"event_name":"Colosseum","floor":22,"gold_loss":0},{"damage_healed":0,"gold_gain":0,"player_choice":"Fought Nobs","damage_taken":0,"max_hp_gain":0,"max_hp_loss":0,"event_name":"Colosseum","floor":22,"gold_loss":0},{"damage_healed":0,"gold_gain":0,"player_choice":"Paid Gold","damage_taken":0,"relics_obtained":["Paper Frog"],"max_hp_gain":0,"max_hp_loss":0,"event_name":"WeMeetAgain","floor":28,"gold_loss":91},{"damage_healed":0,"gold_gain":0,"player_choice":"Bought 3 Potions","damage_taken":0,"max_hp_gain":0,"max_hp_loss":0,"event_name":"The Woman in Blue","floor":38,"gold_loss":0},{"damage_healed":0,"gold_gain":0,"player_choice":"Ignored","damage_taken":0,"max_hp_gain":0,"max_hp_loss":0,"event_name":"Mysterious Sphere","floor":44,"gold_loss":0},{"cards_removed":["Defend_R"],"damage_healed":0,"gold_gain":0,"player_choice":"Removed Skill","damage_taken":0,"max_hp_gain":0,"max_hp_loss":0,"event_name":"Falling","floor":46,"gold_loss":0}],"is_beta":false,"boss_relics":[{"not_picked":["White Beast Statue","Tiny House"],"picked":"Black Star"},{"not_picked":["Lizard Tail","Fusion Hammer"],"picked":"Snecko Eye"}],"items_purged_floors":[5,30],"is_endless":false,"potions_floor_spawned":[1,11,16,22,29,31,35,36,42,48],"ascension_level":0}