{"gold_per_floor":[115,65,31,0,0,31,31,41,95,115,115,115,128,148,148,249,249,259,358,393,308,39,66,66,83,383,383,393,0,18,34,34,34],"floor_reached":33,"playtime":2005,"items_purged":["Strike_G","Shame"],"score":290,"play_id":"17344f4a-9523-4678-94d8-e6c93b56bf24","local_time":"20190131125146","is_ascension_mode":false,"campfire_choices":[{"floor":7.0,"key":"REST"},{"floor":15,"key":"REST"},{"floor":24,"key":"REST"},{"floor":32,"key":"REST"}],"neow_cost":"NONE","seed_source_timestamp":0,"circlet_count":0,"master_deck":["Defend_G","Defend_G","Defend_G+1","Defend_G","Strike_G+1","Strike_G","Survivor","Neutralize","Poisoned Stab","Infinite Blades","Deadly Poison","Finisher","Corpse Explosion","Sucker Punch","Quick Slash","Catalyst","Quick Slash+1","Injury","Die Die Die","Die Die Die"],"special_seed":0,"relics":["Ring of the Snake","Snake Skull","Tiny Chest","Cursed Key","Red Mask","Strawberry","HandDrill","Boot","Old Coin","Pantograph","Anchor"],"potions_floor_usage":[16,31,31,31,33],"damage_taken":[{"damage":3.0,"enemies":"Jaw Worm","floor":1.0,"turns":4.0},{"damage":28.0,"enemies":"3 Sentries","floor":6.0,"turns":9.0},{"damage":0.0,"enemies":"Small Slimes","floor":8.0,"turns":3.0},{"damage":0,"enemies":"Cultist","floor":10,"turns":2},{"damage":6,"enemies":"Exordium Wildlife","floor":13,"turns":3},{"damage":2,"enemies":"Looter","floor":14,"turns":3},{"damage":41,"enemies":"The Guardian","floor":16,"turns":8},{"damage":10,"enemies":"3 Byrds","floor":18,"turns":3},{"damage":6,"enemies":"Masked Bandits","floor":20,"turns":2},{"damage":28,"enemies":"Slavers","floor":23,"turns":3},{"damage":7,"enemies":"Shell Parasite","floor":25,"turns":3},{"damage":13,"enemies":"Centurion and Healer","floor":28,"turns":3},{"damage":22,"enemies":"Snecko","floor":30,"turns":4},{"damage":2,"enemies":"Snake Plant","floor":31,"turns":3},{"damage":65,"enemies":"Collector","floor":33,"turns":6}],"seed_played":"-4988709497286367778","potions_obtained":[{"floor":8.0,"key":"Energy Potion"},{"floor":13,"key":"Block Potion"},{"floor":14,"key":"Regen Potion"},{"floor":18,"key":"EssenceOfSteel"},{"floor":28,"key":"AttackPotion"},{"floor":31,"key":"PowerPotion"}],"is_trial":false,"path_per_floor":["M","?","$","?","$","E","R","M","T","M","?","?","M","M","R","B",null,"M","?","?","?","$","E","R","M","T","T","M","$","M","M","R","B"],"character_chosen":"THE_SILENT","items_purchased":["Infinite Blades","HandDrill","Die Die Die","Anchor"],"campfire_rested":4,"item_purchase_floors":[3,22,29,29],"current_hp_per_floor":[67,67,67,67,67,39,60,60,60,60,46,46,40,38,59,33,70,60,60,54,61,61,33,56,49,49,49,36,36,14,12,35,0],"gold":34,"neow_bonus":"REMOVE_CARD","is_prod":false,"is_daily":false,"chose_seed":false,"campfire_upgraded":0,"win_rate":0.0,"timestamp":1548957106,"path_taken":["M","?","$","?","$","E","R","M","T","M","?","?","?","M","R","BOSS","M","?","?","?","$","E","R","?","T","?","?","?","M","M","R","BOSS"],"build_version":"2019-01-23","purchased_purges":2,"victory":false,"max_hp_per_floor":[70,70,70,70,70,70,70,70,70,70,70,70,70,70,70,70,70,70,70,70,77,77,77,77,77,77,77,77,77,77,77,77,77],"card_choices":[{"not_picked":["Dash","Caltrops"],"picked":"Poisoned Stab","floor":1.0},{"not_picked":["Blade Dance","Heel Hook"],"picked":"Deadly Poison","floor":6.0},{"not_picked":["Eviscerate","PiercingWail"],"picked":"Finisher","floor":8.0},{"not_picked":["Deflect","Caltrops","Underhanded Strike"],"picked":"SKIP","floor":10},{"not_picked":["Blade Dance","Predator"],"picked":"Corpse Explosion","floor":13},{"not_picked":["Finisher","Backflip"],"picked":"Sucker Punch","floor":14},{"not_picked":["Leg Sweep","Outmaneuver"],"picked":"Quick Slash","floor":18},{"not_picked":["Tactician","Underhanded Strike+1"],"picked":"Catalyst","floor":23},{"not_picked":["Dagger Throw","Deadly Poison"],"picked":"Quick Slash+1","floor":25},{"not_picked":["Backflip+1","Poisoned Stab","Flying Knee+1"],"picked":"SKIP","floor":28},{"not_picked":["Acrobatics+1","Terror"],"picked":"Die Die Die","floor":30},{"not_picked":["Slice","Predator+1","Caltrops"],"picked":"SKIP","floor":31}],"player_experience":33750,"relics_obtained":[{"floor":6.0,"key":"Snake Skull"},{"floor":9,"key":"Tiny Chest"},{"floor":20,"key":"Red Mask"},{"floor":23,"key":"Boot"},{"floor":26,"key":"Old Coin"},{"floor":27,"key":"Pantograph"}],"event_choices":[{"cards_removed":["Strike_G"],"damage_healed":0.0,"max_hp_gain":0.0,"max_hp_loss":0.0,"gold_gain":0.0,"event_name":"The Cleric","player_choice":"Card Removal","floor":2.0,"gold_loss":50.0,"damage_taken":0.0},{"damage_healed":0.0,"max_hp_gain":0.0,"max_hp_loss":0.0,"gold_gain":0.0,"event_name":"World of Goop","player_choice":"Left Gold","floor":4.0,"gold_loss":31.0,"damage_taken":0.0},{"damage_healed":0,"gold_gain":0,"player_choice":"Entered Light","damage_taken":14,"max_hp_gain":0,"max_hp_loss":0,"event_name":"Shining Light","floor":11,"gold_loss":0,"cards_upgraded":["Defend_G","Strike_G"]},{"cards_removed":["Strike_G"],"damage_healed":0,"gold_gain":0,"player_choice":"Purged","damage_taken":0,"max_hp_gain":0,"max_hp_loss":0,"event_name":"Purifier","floor":12,"gold_loss":0},{"damage_healed":0,"gold_gain":99,"player_choice":"Stole From Cult","damage_taken":0,"max_hp_gain":0,"max_hp_loss":0,"event_name":"Nest","floor":19,"gold_loss":0},{"damage_healed":0,"gold_gain":0,"player_choice":"Fought Bandits","damage_taken":0,"max_hp_gain":0,"max_hp_loss":0,"event_name":"Masked Bandits","floor":20,"gold_loss":0},{"damage_healed":0,"gold_gain":0,"player_choice":"Obtained Relic","damage_taken":0,"relics_obtained":["Strawberry"],"max_hp_gain":0,"max_hp_loss":0,"event_name":"Addict","floor":21,"gold_loss":85}],"is_beta":false,"boss_relics":[{"not_picked":["Fusion Hammer","Coffee Dripper"],"picked":"Cursed Key"}],"items_purged_floors":[22,29],"is_endless":false,"potions_floor_spawned":[8,13,14,18,28,31],"killed_by":"Collector","ascension_level":0}