{"gold_per_floor":[116,77,90,90,90,90,105,105,152,152,170,187,198,198,198,272,272,284,284],"floor_reached":19,"playtime":2185,"items_purged":[],"score":310,"play_id":"699b9da0-0574-43e7-8c7b-56fd9d45daf2","local_time":"20190105034901","is_ascension_mode":true,"campfire_choices":[{"data":"Whirlwind","floor":6.0,"key":"SMITH"},{"data":"Battle Trance","floor":8.0,"key":"SMITH"},{"data":"Iron Wave","floor":10.0,"key":"SMITH"},{"data":"Bash","floor":15.0,"key":"SMITH"}],"neow_cost":"NONE","seed_source_timestamp":0,"circlet_count":0,"master_deck":["AscendersBane","Strike_R","Strike_R","Strike_R","Strike_R","Defend_R","Defend_R","Defend_R","Defend_R","Bash+1","Whirlwind+1","Battle Trance+1","Iron Wave+1","Offering","Headbutt","Offering","Flame Barrier"],"special_seed":0,"relics":["Burning Blood","NeowsBlessing","Anchor","Velvet Choker"],"potions_floor_usage":[],"damage_taken":[{"damage":0.0,"enemies":"Jaw Worm","floor":1.0,"turns":1.0},{"damage":0.0,"enemies":"Cultist","floor":3.0,"turns":1.0},{"damage":0.0,"enemies":"2 Louse","floor":7.0,"turns":1.0},{"damage":4.0,"enemies":"2 Fungi Beasts","floor":11.0,"turns":3.0},{"damage":12.0,"enemies":"Looter","floor":12.0,"turns":3.0},{"damage":1.0,"enemies":"Large Slime","floor":13.0,"turns":3.0},{"damage":67.0,"enemies":"The Guardian","floor":16.0,"turns":11.0},{"damage":6.0,"enemies":"Chosen","floor":18.0,"turns":2.0},{"damage":0,"enemies":"Spheric Guardian","floor":19,"turns":1}],"seed_played":"-3622129192925240475","potions_obtained":[{"floor":7.0,"key":"FearPotion"},{"floor":11.0,"key":"GamblersBrew"},{"floor":18.0,"key":"SteroidPotion"}],"is_trial":false,"path_per_floor":["M","$","M","?","$","R","M","R","T","R","M","M","M","?","R","B",null,"M","M"],"character_chosen":"IRONCLAD","items_purchased":["Battle Trance"],"campfire_rested":0,"item_purchase_floors":[2],"current_hp_per_floor":[74,74,75,75,75,75,75,75,75,75,75,69,74,74,74,13,60,60,60],"gold":284,"neow_bonus":"THREE_ENEMY_KILL","is_prod":false,"is_daily":false,"chose_seed":false,"campfire_upgraded":4,"win_rate":0,"timestamp":1546678141,"path_taken":["M","$","M","?","$","R","M","R","T","R","?","M","M","?","R","BOSS","M","?"],"build_version":"2019-01-03v4","purchased_purges":0,"victory":false,"max_hp_per_floor":[75,75,75,75,75,75,75,75,75,75,75,75,75,75,75,75,75,75,75],"card_choices":[{"not_picked":["Perfected Strike","Carnage"],"picked":"Whirlwind","floor":1.0},{"not_picked":["Metallicize","Armaments"],"picked":"Iron Wave","floor":3.0},{"not_picked":["Warcry","True Grit"],"picked":"Headbutt","floor":7.0},{"not_picked":["Searing Blow","Dropkick","Immolate"],"picked":"SKIP","floor":11.0},{"not_picked":["Havoc","Battle Trance","Cleave"],"picked":"SKIP","floor":12.0},{"not_picked":["Rage","Clothesline","Cleave"],"picked":"SKIP","floor":13.0},{"not_picked":["Immolate","Feed"],"picked":"Offering","floor":16.0},{"not_picked":["Pommel Strike","Cleave"],"picked":"Flame Barrier","floor":18.0}],"player_experience":2795006,"relics_obtained":[{"floor":9.0,"key":"Anchor"}],"event_choices":[{"damage_healed":0.0,"max_hp_gain":0.0,"max_hp_loss":0.0,"gold_gain":0.0,"event_name":"Match and Keep!","player_choice":"1 cards matched","floor":4.0,"gold_loss":0.0,"damage_taken":0.0,"cards_obtained":["Offering"]},{"cards_removed":["Strike_R"],"damage_healed":0.0,"max_hp_gain":0.0,"max_hp_loss":0.0,"gold_gain":0.0,"event_name":"Bonfire Elementals","player_choice":"Offered Basic","floor":14.0,"gold_loss":0.0,"damage_taken":0.0}],"is_beta":false,"boss_relics":[{"not_picked":["Orrery","Calling Bell"],"picked":"Velvet Choker"}],"items_purged_floors":[],"is_endless":false,"potions_floor_spawned":[7,11,13,18],"killed_by":"Spheric Guardian","ascension_level":19}