{"gold_per_floor":[119,138,148,162,162,162,19,54,54,54,54,54,54,65,65,167,167,185,197,197,197,215,215,90,119,119,119,79,105,124,136,136,233,233,252,271,98,116,116,151,151,151,176,194,228,228,253,267,267,267],"floor_reached":50,"playtime":4201,"items_purged":["Strike_R","Writhe","Strike_R"],"score":595,"play_id":"1e7cb116-63bf-455e-a3dc-85a8aa12de00","local_time":"20190125154758","is_ascension_mode":false,"campfire_choices":[{"data":"Anger","floor":6.0,"key":"SMITH"},{"data":"Carnage","floor":10.0,"key":"SMITH"},{"floor":15.0,"key":"REST"},{"data":"Anger","floor":23,"key":"SMITH"},{"floor":27,"key":"REST"},{"floor":32,"key":"REST"},{"data":"Anger","floor":41,"key":"SMITH"},{"floor":46,"key":"REST"},{"floor":49,"key":"REST"}],"neow_cost":"NONE","seed_source_timestamp":0,"circlet_count":0,"master_deck":["Strike_R+1","Strike_R+1","Defend_R","Defend_R","Defend_R+1","Defend_R","Bash","Sword Boomerang","Anger+1","Uppercut+1","Iron Wave","Carnage+1","Offering","Searing Blow","Fiend Fire","Sword Boomerang","Anger+1","Thunderclap","Clothesline+1","Infernal Blade","Flame Barrier+1","Pommel Strike+1","Dark Embrace","Cleave+1","Flex+1","Pommel Strike","Anger+1","Thunderclap+1","Writhe","Cleave","Heavy Blade+1","Ghostly Armor+1"],"special_seed":0,"relics":["Burning Blood","NeowsBlessing","Bottled Flame","Sundial","Philosopher\u0027s Stone","Shuriken","MutagenicStrength","Happy Flower","Nunchaku","Lantern","Sozu","Bag of Preparation","Blood Vial","Whetstone","Bottled Tornado"],"potions_floor_usage":[19,22,25,29,29,33,33],"damage_taken":[{"damage":0.0,"enemies":"Cultist","floor":1.0,"turns":1.0},{"damage":0.0,"enemies":"Small Slimes","floor":2.0,"turns":1.0},{"damage":0.0,"enemies":"2 Louse","floor":3.0,"turns":1.0},{"damage":10.0,"enemies":"Looter","floor":4.0,"turns":2.0},{"damage":21.0,"enemies":"Lagavulin","floor":8.0,"turns":5.0},{"damage":12.0,"enemies":"Exordium Thugs","floor":14.0,"turns":4.0},{"damage":33.0,"enemies":"Slime Boss","floor":16.0,"turns":10.0},{"damage":12,"enemies":"Shell Parasite","floor":18,"turns":3},{"damage":13,"enemies":"2 Thieves","floor":19,"turns":3},{"damage":32,"enemies":"3 Cultists","floor":22,"turns":5},{"damage":19,"enemies":"Slavers","floor":25,"turns":4},{"damage":21,"enemies":"Gremlin Leader","floor":29,"turns":3},{"damage":7,"enemies":"Centurion and Healer","floor":30,"turns":4},{"damage":7,"enemies":"Chosen and Byrds","floor":31,"turns":3},{"damage":16,"enemies":"Collector","floor":33,"turns":5},{"damage":8,"enemies":"Orb Walker","floor":35,"turns":2},{"damage":17,"enemies":"3 Darklings","floor":36,"turns":4},{"damage":13,"enemies":"Jaw Worm Horde","floor":38,"turns":3},{"damage":23,"enemies":"Reptomancer","floor":40,"turns":5},{"damage":0,"enemies":"Sphere and 2 Shapes","floor":44,"turns":3},{"damage":64,"enemies":"Nemesis","floor":45,"turns":5},{"damage":6,"enemies":"Reptomancer","floor":47,"turns":3},{"damage":15,"enemies":"Maw","floor":48,"turns":5},{"damage":65,"enemies":"Donu and Deca","floor":50,"turns":6}],"seed_played":"-4458809265002489463","potions_obtained":[{"floor":2.0,"key":"Fire Potion"},{"floor":4.0,"key":"Weak Potion"},{"floor":18,"key":"Ancient Potion"},{"floor":19,"key":"EssenceOfSteel"},{"floor":22,"key":"Explosive Potion"},{"floor":28,"key":"Explosive Potion"},{"floor":28,"key":"Block Potion"},{"floor":28,"key":"Strength Potion"},{"floor":31,"key":"Explosive Potion"}],"is_trial":false,"path_per_floor":["M","M","M","M","?","R","$","E","T","R","?","?","$","M","R","B",null,"M","M","?","?","M","R","$","E","T","R","?","E","M","M","R","B",null,"M","M","$","M","$","E","R","?","T","M","E","R","E","M","R","B"],"character_chosen":"IRONCLAD","items_purchased":["Carnage","Thunderclap","Pommel Strike"],"campfire_rested":5,"item_purchase_floors":[7,24,37],"current_hp_per_floor":[80,80,80,76,69,69,69,54,54,54,54,38,38,32,56,29,80,74,67,67,67,41,41,41,28,28,52,52,37,36,35,59,49,80,78,67,67,60,60,43,43,63,63,71,15,39,41,34,58,0],"gold":267,"neow_bonus":"THREE_ENEMY_KILL","is_prod":false,"is_daily":false,"chose_seed":false,"campfire_upgraded":4,"win_rate":0.0,"timestamp":1548449278,"path_taken":["M","M","?","M","?","R","$","E","T","R","?","?","$","M","R","BOSS","M","M","?","?","M","R","$","E","T","R","?","E","?","M","R","BOSS","M","M","$","M","$","E","R","?","T","M","E","R","E","M","R","BOSS"],"build_version":"2019-01-23","purchased_purges":3,"victory":false,"max_hp_per_floor":[80,80,80,80,80,80,80,80,80,80,80,80,80,80,80,80,80,80,80,80,80,80,80,80,80,80,80,80,80,80,80,80,80,80,80,80,80,80,80,80,80,80,80,80,80,80,80,80,80,80],"card_choices":[{"not_picked":["True Grit","Rupture"],"picked":"Sword Boomerang","floor":1.0},{"not_picked":["Dual Wield","Warcry"],"picked":"Anger","floor":2.0},{"not_picked":["Body Slam","Heavy Blade"],"picked":"Uppercut","floor":3.0},{"not_picked":["Brutality","Heavy Blade"],"picked":"Iron Wave","floor":4.0},{"not_picked":["Perfected Strike","Flex"],"picked":"Offering","floor":8.0},{"not_picked":["Heavy Blade","Clothesline"],"picked":"Searing Blow","floor":14.0},{"not_picked":["Bludgeon","Berserk"],"picked":"Fiend Fire","floor":16.0},{"not_picked":["Corruption+1","Perfected Strike+1"],"picked":"Sword Boomerang","floor":18},{"not_picked":["Heavy Blade","Armaments"],"picked":"Anger","floor":19},{"not_picked":["Disarm","Body Slam","Corruption"],"picked":"SKIP","floor":22},{"not_picked":["Warcry+1","Entrench"],"picked":"Clothesline+1","floor":25},{"not_picked":["Entrench","Rupture"],"picked":"Infernal Blade","floor":29},{"not_picked":["Dropkick","Infernal Blade"],"picked":"Flame Barrier+1","floor":30},{"not_picked":["Flex","Flame Barrier"],"picked":"Pommel Strike+1","floor":31},{"not_picked":["Demon Form","Offering"],"picked":"Dark Embrace","floor":33},{"not_picked":["Battle Trance","Fire Breathing"],"picked":"Cleave+1","floor":35},{"not_picked":["True Grit","Entrench+1"],"picked":"Flex+1","floor":36},{"not_picked":["Rupture+1","Cleave"],"picked":"Anger","floor":38},{"not_picked":["Reaper","Pommel Strike+1"],"picked":"Thunderclap+1","floor":40},{"not_picked":["Shrug It Off","Pommel Strike"],"picked":"Cleave","floor":44},{"not_picked":["Second Wind","Berserk"],"picked":"Heavy Blade+1","floor":45},{"not_picked":["Impervious","Spot Weakness+1","Reckless Charge+1"],"picked":"SKIP","floor":47},{"not_picked":["Headbutt+1","Shockwave+1"],"picked":"Ghostly Armor+1","floor":48}],"player_experience":15326,"relics_obtained":[{"floor":8.0,"key":"Bottled Flame"},{"floor":9.0,"key":"Sundial"},{"floor":25,"key":"Happy Flower"},{"floor":26,"key":"Nunchaku"},{"floor":29,"key":"Lantern"},{"floor":40,"key":"Bag of Preparation"},{"floor":43,"key":"Blood Vial"},{"floor":45,"key":"Whetstone"},{"floor":47,"key":"Bottled Tornado"}],"event_choices":[{"cards_removed":["Strike_R"],"damage_healed":0.0,"max_hp_gain":0.0,"max_hp_loss":0.0,"gold_gain":0.0,"event_name":"Golden Wing","player_choice":"Card Removal","floor":5.0,"gold_loss":0.0,"damage_taken":7.0},{"damage_healed":0.0,"max_hp_gain":0.0,"max_hp_loss":0.0,"gold_gain":0.0,"event_name":"Liars Game","player_choice":"Ignored","floor":11.0,"gold_loss":0.0,"damage_taken":0.0},{"damage_healed":0.0,"max_hp_gain":0.0,"max_hp_loss":0.0,"gold_gain":0.0,"event_name":"Shining Light","player_choice":"Entered Light","floor":12.0,"gold_loss":0.0,"damage_taken":16.0,"cards_upgraded":["Strike_R","Defend_R"]},{"damage_healed":0,"gold_gain":0,"player_choice":"Opened","damage_taken":0,"relics_obtained":["Shuriken"],"max_hp_gain":0,"max_hp_loss":0,"event_name":"The Mausoleum","floor":20,"gold_loss":0,"cards_obtained":["Writhe"]},{"damage_healed":0,"gold_gain":0,"player_choice":"Inject Mutagens","damage_taken":0,"relics_obtained":["MutagenicStrength"],"max_hp_gain":0,"max_hp_loss":0,"event_name":"Drug Dealer","floor":21,"gold_loss":0},{"damage_healed":0,"gold_gain":0,"player_choice":"Bought 3 Potions","damage_taken":0,"max_hp_gain":0,"max_hp_loss":0,"event_name":"The Woman in Blue","floor":28,"gold_loss":0},{"damage_healed":20,"gold_gain":0,"player_choice":"Writhe","damage_taken":0,"max_hp_gain":0,"max_hp_loss":0,"event_name":"Winding Halls","floor":42,"gold_loss":0,"cards_obtained":["Writhe"]}],"is_beta":false,"boss_relics":[{"not_picked":["Lizard Tail","White Beast Statue"],"picked":"Philosopher\u0027s Stone"},{"not_picked":["Orrery","Fusion Hammer"],"picked":"Sozu"}],"items_purged_floors":[7,24,37],"is_endless":false,"potions_floor_spawned":[2,4,18,19,22,31,35,44],"killed_by":"Donu and Deca","ascension_level":0}