{"gold_per_floor":[114,133,144,161,187,187,222,222,222,248,53,128,128,53,53,156,156,176,91,110,35,35,35,35,35,35,35,35,45,45,79,79,79],"floor_reached":33,"playtime":1197,"items_purged":["Strike_R"],"score":285,"play_id":"554d4653-055e-438f-8470-e6874e865583","local_time":"20190308153839","is_ascension_mode":true,"campfire_choices":[{"data":"Inflame","floor":6,"key":"SMITH"},{"data":"Armaments","floor":8,"key":"SMITH"},{"data":"Shrug It Off","floor":13,"key":"SMITH"},{"floor":15,"key":"REST"},{"data":"Immolate","floor":23,"key":"SMITH"},{"data":"J.A.X.","floor":28,"key":"SMITH"},{"data":"Rupture","floor":30,"key":"SMITH"},{"floor":32,"key":"REST"}],"neow_cost":"NONE","seed_source_timestamp":739257151574810,"circlet_count":0,"master_deck":["Strike_R","Strike_R","Strike_R","Strike_R","Defend_R+1","Defend_R","Defend_R","Bash","Pommel Strike","Inflame+1","Clothesline","Armaments+1","Iron Wave","Immolate+1","J.A.X.+1","Rupture+1","Iron Wave"],"relics":["Burning Blood","NeowsBlessing","Juzu Bracelet","War Paint","Oddly Smooth Stone","Odd Mushroom","Happy Flower","Busted Crown","Ornamental Fan","Art of War","Smiling Mask"],"potions_floor_usage":[10,16,31,33,33],"damage_taken":[{"damage":0,"enemies":"Cultist","floor":1,"turns":1},{"damage":3,"enemies":"2 Louse","floor":2,"turns":2},{"damage":0,"enemies":"Jaw Worm","floor":3,"turns":1},{"damage":17,"enemies":"Large Slime","floor":4,"turns":8},{"damage":25,"enemies":"Lagavulin","floor":7,"turns":7},{"damage":18,"enemies":"The Mushroom Lair","floor":10,"turns":6},{"damage":36,"enemies":"Hexaghost","floor":16,"turns":9},{"damage":32,"enemies":"3 Byrds","floor":18,"turns":4},{"damage":1,"enemies":"2 Thieves","floor":20,"turns":3},{"damage":26,"enemies":"Colosseum Slavers","floor":22,"turns":5},{"damage":3,"enemies":"3 Cultists","floor":29,"turns":3},{"damage":14,"enemies":"Book of Stabbing","floor":31,"turns":4},{"damage":73,"enemies":"Automaton","floor":33,"turns":6}],"seed_played":"-3116858110001656518","potions_obtained":[{"floor":1,"key":"FearPotion"},{"floor":4,"key":"Dexterity Potion"},{"floor":16,"key":"AttackPotion"},{"floor":29,"key":"Energy Potion"},{"floor":31,"key":"SneckoOil"}],"is_trial":false,"path_per_floor":["M","M","M","M","T","R","E","R","T","?","$","?","R","$","R","B",null,"M","?","M","?","?","R","?","?","T","?","R","M","R","E","R","B"],"character_chosen":"IRONCLAD","items_purchased":["Happy Flower","Shrug It Off"],"campfire_rested":2,"item_purchase_floors":[11,11],"current_hp_per_floor":[80,80,80,69,69,69,50,50,50,38,38,27,27,27,51,21,80,54,54,59,59,39,39,39,39,39,30,30,33,33,25,49,0],"gold":79,"neow_bonus":"THREE_ENEMY_KILL","is_prod":false,"is_daily":false,"chose_seed":false,"campfire_upgraded":6,"win_rate":0,"timestamp":1552077519,"path_taken":["M","?","M","M","?","R","E","R","T","?","$","?","R","$","R","BOSS","M","?","M","?","?","R","?","?","T","?","R","M","R","E","R","BOSS"],"build_version":"2019-01-23","purchased_purges":1,"victory":false,"max_hp_per_floor":[80,80,80,80,80,80,80,80,80,80,80,80,80,80,80,80,80,80,80,80,80,80,80,80,80,80,80,80,80,80,80,80,80],"card_choices":[{"not_picked":["Flex","Headbutt"],"picked":"Pommel Strike","floor":1},{"not_picked":["Anger","Thunderclap"],"picked":"Inflame","floor":2},{"not_picked":["Clothesline","Flex","Clash"],"picked":"SKIP","floor":3},{"not_picked":["Flex","Clash"],"picked":"Clothesline","floor":3},{"not_picked":["Pummel","Body Slam"],"picked":"Armaments","floor":4},{"not_picked":["Fire Breathing","Feel No Pain","Perfected Strike"],"picked":"SKIP","floor":7},{"not_picked":["Dual Wield","Warcry"],"picked":"Iron Wave","floor":10},{"not_picked":["Berserk","Fiend Fire"],"picked":"Immolate","floor":16},{"not_picked":["Clash"],"picked":"SKIP","floor":18},{"not_picked":["Sentinel"],"picked":"SKIP","floor":20},{"not_picked":[],"picked":"Rupture","floor":29},{"not_picked":[],"picked":"Iron Wave","floor":31}],"player_experience":108111,"relics_obtained":[{"floor":5,"key":"Juzu Bracelet"},{"floor":7,"key":"War Paint"},{"floor":9,"key":"Oddly Smooth Stone"},{"floor":10,"key":"Odd Mushroom"},{"floor":26,"key":"Art of War"},{"floor":31,"key":"Smiling Mask"}],"event_choices":[{"damage_healed":0,"gold_gain":0,"player_choice":"Fought Mushrooms","damage_taken":0,"max_hp_gain":0,"max_hp_loss":0,"event_name":"Mushrooms","floor":10,"gold_loss":0},{"damage_healed":0,"gold_gain":75,"player_choice":"Gather Gold","damage_taken":11,"max_hp_gain":0,"max_hp_loss":0,"event_name":"World of Goop","floor":12,"gold_loss":0},{"damage_healed":0,"gold_gain":0,"player_choice":"Obtained Relic","damage_taken":0,"relics_obtained":["Ornamental Fan"],"max_hp_gain":0,"max_hp_loss":0,"event_name":"Addict","floor":19,"gold_loss":85},{"cards_removed":["Defend_R"],"damage_healed":0,"gold_gain":0,"player_choice":"Gave Gold","damage_taken":0,"max_hp_gain":0,"max_hp_loss":0,"event_name":"Beggar","floor":21,"gold_loss":75},{"damage_healed":0,"gold_gain":0,"player_choice":"Fight","damage_taken":0,"max_hp_gain":0,"max_hp_loss":0,"event_name":"Colosseum","floor":22,"gold_loss":0},{"damage_healed":0,"gold_gain":0,"player_choice":"Fled From Nobs","damage_taken":0,"max_hp_gain":0,"max_hp_loss":0,"event_name":"Colosseum","floor":22,"gold_loss":0},{"cards_removed":["Shrug It Off"],"damage_healed":0,"gold_gain":0,"player_choice":"Elegance","damage_taken":0,"max_hp_gain":0,"max_hp_loss":0,"event_name":"Back to Basics","floor":24,"gold_loss":0},{"damage_healed":0,"gold_gain":0,"player_choice":"Obtain J.A.X.","damage_taken":0,"max_hp_gain":0,"max_hp_loss":0,"event_name":"Drug Dealer","floor":25,"gold_loss":0,"cards_obtained":["J.A.X."]},{"damage_healed":0,"gold_gain":0,"player_choice":"Stopped","damage_taken":9,"max_hp_gain":0,"max_hp_loss":0,"event_name":"Cursed Tome","floor":27,"gold_loss":0}],"is_beta":false,"boss_relics":[{"not_picked":["Snecko Eye","Runic Dome"],"picked":"Busted Crown"}],"items_purged_floors":[14],"is_endless":false,"potions_floor_spawned":[1,4,16,22,29,31],"killed_by":"Automaton","ascension_level":2}