{"gold_per_floor":[112,187,187,197,197,222,222,253,279,279,279,18,18,18,18,92,92,112,32,32,32,32,32,32,32,105,30,42,42,42,54,54,54],"floor_reached":33,"playtime":2835,"items_purged":["Normality"],"score":527,"play_id":"31f4da02-3a1c-417f-a93c-da6ed2f89fd7","local_time":"20190118145734","is_ascension_mode":true,"campfire_choices":[{"data":"Defragment","floor":7.0,"key":"SMITH"},{"floor":10.0,"key":"DIG"},{"floor":15.0,"key":"REST"},{"floor":23.0,"key":"REST"},{"floor":25.0,"key":"DIG"},{"floor":32.0,"key":"REST"}],"neow_cost":"NONE","seed_source_timestamp":372756248368576,"circlet_count":0,"master_deck":["AscendersBane","Strike_B","Strike_B","Strike_B","Defend_B+1","Defend_B","Defend_B+1","Defend_B","Zap+1","Dualcast","Compile Driver","Coolheaded","Defragment+1","Loop","Apotheosis+1","Sweeping Beam","Multi-Cast","Clumsy","Normality","Hologram+1","Hologram+1","Writhe","Cold Snap+1","All For One"],"special_seed":0,"relics":["Cracked Core","NeowsBlessing","Centennial Puzzle","Shovel","Regal Pillow","Bottled Lightning","Calling Bell","Bag of Marbles","Toxic Egg 2","Mango","Ice Cream","Gremlin Horn","Nloth\u0027s Gift"],"potions_floor_usage":[],"damage_taken":[{"damage":0.0,"enemies":"Jaw Worm","floor":1.0,"turns":1.0},{"damage":0.0,"enemies":"Cultist","floor":4.0,"turns":1.0},{"damage":0.0,"enemies":"Gremlin Nob","floor":6.0,"turns":1.0},{"damage":21.0,"enemies":"3 Sentries","floor":8.0,"turns":10.0},{"damage":34.0,"enemies":"Hexaghost","floor":16.0,"turns":10.0},{"damage":52.0,"enemies":"3 Byrds","floor":18.0,"turns":5.0},{"damage":22.0,"enemies":"2 Thieves","floor":19.0,"turns":4.0},{"damage":25.0,"enemies":"Cultist and Chosen","floor":28.0,"turns":8.0},{"damage":25.0,"enemies":"Chosen and Byrds","floor":31.0,"turns":10.0},{"damage":60,"enemies":"Collector","floor":33,"turns":7}],"seed_played":"-4983909425655525617","potions_obtained":[{"floor":8.0,"key":"PowerPotion"}],"is_trial":false,"path_per_floor":["M","?","?","M","?","E","R","E","T","R","?","$","?","?","R","B",null,"M","M","?","$","?","R","$","R","T","$","M","?","?","M","R","B"],"character_chosen":"DEFECT","items_purchased":["Apotheosis","Sweeping Beam"],"campfire_rested":3,"item_purchase_floors":[12,12],"current_hp_per_floor":[64,53,53,53,71,71,71,50,50,50,43,43,43,43,71,37,77,25,3,20,20,20,60,60,60,60,60,35,35,35,10,50,0],"gold":54,"neow_bonus":"THREE_ENEMY_KILL","is_prod":false,"is_daily":false,"chose_seed":false,"campfire_upgraded":1,"win_rate":0,"timestamp":1547841454,"path_taken":["M","?","?","?","?","E","R","E","T","R","?","$","?","?","R","BOSS","M","?","?","$","?","R","?","R","T","$","M","?","?","M","R","BOSS"],"build_version":"2019-01-17v2","purchased_purges":1,"victory":false,"max_hp_per_floor":[71,71,71,71,71,71,71,71,71,71,71,71,71,71,71,71,85,85,85,85,85,85,85,85,85,85,85,85,85,85,85,85,85],"card_choices":[{"not_picked":["Coolheaded","Cold Snap"],"picked":"Compile Driver","floor":1.0},{"not_picked":["Auto Shields","FTL"],"picked":"Coolheaded","floor":4.0},{"not_picked":["Redo","Skim"],"picked":"Defragment","floor":6.0},{"not_picked":["Gash","Meteor Strike"],"picked":"Loop","floor":8.0},{"not_picked":["Amplify","Hyperbeam"],"picked":"Multi-Cast","floor":16.0},{"not_picked":["Go for the Eyes","Cold Snap"],"picked":"Hologram+1","floor":18.0},{"not_picked":["Redo+1","Force Field+1"],"picked":"Hologram+1","floor":19.0},{"not_picked":["Ball Lightning","Barrage"],"picked":"Cold Snap+1","floor":28.0},{"not_picked":["Compile Driver","Coolheaded+1"],"picked":"All For One","floor":31.0}],"player_experience":2970650,"relics_obtained":[{"floor":6.0,"key":"Centennial Puzzle"},{"floor":8.0,"key":"Shovel"},{"floor":9.0,"key":"Regal Pillow"},{"floor":10.0,"key":"Bottled Lightning"},{"floor":17.0,"key":"Bag of Marbles"},{"floor":17.0,"key":"Toxic Egg 2"},{"floor":17.0,"key":"Mango"},{"floor":25.0,"key":"War Paint"},{"floor":26.0,"key":"Gremlin Horn"}],"event_choices":[{"damage_healed":0.0,"max_hp_gain":0.0,"max_hp_loss":0.0,"gold_gain":75.0,"event_name":"World of Goop","player_choice":"Gather Gold","floor":2.0,"gold_loss":0.0,"damage_taken":11.0},{"damage_healed":0.0,"max_hp_gain":0.0,"max_hp_loss":0.0,"gold_gain":0.0,"event_name":"Upgrade Shrine","player_choice":"Upgraded","floor":3.0,"gold_loss":0.0,"damage_taken":0.0,"cards_upgraded":["Zap"]},{"damage_healed":23.0,"max_hp_gain":0.0,"max_hp_loss":0.0,"gold_gain":0.0,"event_name":"Big Fish","player_choice":"Banana","floor":5.0,"gold_loss":0.0,"damage_taken":0.0},{"cards_removed":["Strike_B"],"damage_healed":0.0,"max_hp_gain":0.0,"max_hp_loss":0.0,"gold_gain":0.0,"event_name":"Golden Wing","player_choice":"Card Removal","floor":11.0,"gold_loss":0.0,"damage_taken":7.0},{"damage_healed":0.0,"max_hp_gain":0.0,"max_hp_loss":0.0,"gold_gain":0.0,"event_name":"Shining Light","player_choice":"Ignored","floor":13.0,"gold_loss":0.0,"damage_taken":0.0},{"damage_healed":0.0,"max_hp_gain":0.0,"max_hp_loss":0.0,"gold_gain":0.0,"event_name":"Accursed Blacksmith","player_choice":"Forge","floor":14.0,"gold_loss":0.0,"damage_taken":0.0,"cards_upgraded":["Apotheosis"]},{"damage_healed":17.0,"max_hp_gain":0.0,"max_hp_loss":0.0,"gold_gain":0.0,"event_name":"The Library","player_choice":"Heal","floor":20.0,"gold_loss":0.0,"damage_taken":0.0},{"damage_healed":0.0,"max_hp_gain":0.0,"max_hp_loss":0.0,"gold_gain":0.0,"event_name":"The Mausoleum","player_choice":"Opened","floor":22.0,"gold_loss":0.0,"damage_taken":0.0,"relics_obtained":["Ice Cream"],"cards_obtained":["Writhe"]},{"damage_healed":0.0,"max_hp_gain":0.0,"max_hp_loss":0.0,"gold_gain":0.0,"event_name":"Cursed Tome","player_choice":"Ignored","floor":29.0,"gold_loss":0.0,"damage_taken":0.0},{"damage_healed":0.0,"max_hp_gain":0.0,"max_hp_loss":0.0,"gold_gain":0.0,"event_name":"N\u0027loth","player_choice":"Traded Relic","floor":30.0,"relics_lost":["War Paint"],"gold_loss":0.0,"damage_taken":0.0,"relics_obtained":["Nloth\u0027s Gift"]}],"is_beta":false,"boss_relics":[{"not_picked":["Lizard Tail","Orrery"],"picked":"Calling Bell"}],"items_purged_floors":[27],"is_endless":false,"potions_floor_spawned":[8],"killed_by":"Collector","ascension_level":19}