{"gold_per_floor":[112,112,112,122,140,174,174,174,174,174,193,203,203,213,213,312,312,332,431,451,471,120,120,120,120,143,162,81,81,108,125,125,226,226,241,261,47,47,67,67,94,94,142,142,142,90,90,125,125,125,125,125,85,113,113],"floor_reached":55,"playtime":7973,"items_purged":[],"score":732,"play_id":"b091858c-c8b4-407d-93a2-7ef40aace753","local_time":"20190319193755","is_ascension_mode":true,"campfire_choices":[{"data":"Zap","floor":7,"key":"SMITH"},{"floor":10,"key":"REST"},{"floor":13,"key":"REST"},{"data":"Dualcast","floor":15,"key":"SMITH"},{"data":"Hologram","floor":23,"key":"SMITH"},{"data":"Buffer","floor":25,"key":"SMITH"},{"data":"Hologram","floor":29,"key":"SMITH"},{"data":"Genetic Algorithm","floor":32,"key":"SMITH"},{"floor":40,"key":"RECALL"},{"data":"Apotheosis","floor":42,"key":"SMITH"},{"data":"Mind Blast","floor":45,"key":"SMITH"},{"data":"Redo","floor":47,"key":"SMITH"},{"floor":49,"key":"REST"},{"data":"Thunder Strike","floor":52,"key":"SMITH"}],"neow_cost":"NONE","seed_source_timestamp":94749312880235,"circlet_count":0,"master_deck":["Strike_B+1","Strike_B+1","Defend_B+1","Zap+1","Dualcast+1","Cold Snap+1","Coolheaded","Melter","Conserve Battery","BootSequence","Reinforced Body","Compile Driver","Ball Lightning","Echo Form","Defragment+1","Seek+1","Doom and Gloom+1","Compile Driver","Leap","Turbo+1","Coolheaded+1","Ball Lightning+1","Barrage+1","Self Repair","Hologram+1","Go for the Eyes","Buffer+1","Cold Snap","Static Discharge+1","Hologram+1","FTL","Genetic Algorithm+1","Thunder Strike+1","Go for the Eyes+1","Stack+1","Apotheosis+1","Redo+1","Mind Blast+1","Capacitor","Skim","Defragment","Stack+1"],"relics":["FrozenCore","Whetstone","Prayer Wheel","Astrolabe","Runic Capacitor","Happy Flower","Bag of Preparation","Orichalcum","Boot","Mango","Blood Vial"],"potions_floor_usage":[6,14,31,41,55,55,55],"damage_taken":[{"damage":0,"enemies":"Small Slimes","floor":1,"turns":3},{"damage":0,"enemies":"2 Louse","floor":4,"turns":3},{"damage":0,"enemies":"Jaw Worm","floor":5,"turns":3},{"damage":28,"enemies":"Lagavulin","floor":6,"turns":6},{"damage":0,"enemies":"2 Fungi Beasts","floor":11,"turns":2},{"damage":0,"enemies":"3 Louse","floor":12,"turns":2},{"damage":0,"enemies":"Exordium Thugs","floor":14,"turns":2},{"damage":17,"enemies":"The Guardian","floor":16,"turns":12},{"damage":2,"enemies":"Chosen","floor":18,"turns":4},{"damage":1,"enemies":"3 Byrds","floor":20,"turns":4},{"damage":0,"enemies":"Shelled Parasite and Fungi","floor":21,"turns":3},{"damage":2,"enemies":"Chosen and Byrds","floor":27,"turns":4},{"damage":0,"enemies":"Snake Plant","floor":31,"turns":4},{"damage":10,"enemies":"Champ","floor":33,"turns":8},{"damage":0,"enemies":"Orb Walker","floor":35,"turns":5},{"damage":5,"enemies":"3 Darklings","floor":36,"turns":4},{"damage":12,"enemies":"Transient","floor":39,"turns":5},{"damage":7,"enemies":"Nemesis","floor":41,"turns":9},{"damage":39,"enemies":"Reptomancer","floor":48,"turns":7},{"damage":10,"enemies":"Time Eater","floor":50,"turns":11},{"damage":59,"enemies":"Shield and Spear","floor":54,"turns":8},{"damage":65,"enemies":"The Heart","floor":55,"turns":3}],"seed_played":"9011707595424937160","potions_obtained":[{"floor":5,"key":"Fire Potion"},{"floor":11,"key":"FairyPotion"},{"floor":12,"key":"Explosive Potion"},{"floor":16,"key":"Regen Potion"},{"floor":21,"key":"GamblersBrew"},{"floor":33,"key":"FocusPotion"},{"floor":54,"key":"PowerPotion"}],"is_trial":false,"path_per_floor":["M","?","?","M","M","E","R","?","T","R","M","M","R","M","R","B",null,"M","?","M","M","$","R","?","R","T","M","$","R","T","M","R","B",null,"M","M","$","?","M","R","E","R","T","?","R","$","R","E","R","B",null,"R","$","E","B"],"character_chosen":"DEFECT","items_purchased":["Self Repair","Runic Capacitor","Hologram","Go for the Eyes","FTL","Apotheosis","Redo","Strength Potion","Defragment"],"campfire_rested":3,"item_purchase_floors":[22,22,22,22,28,37,37,46,53],"current_hp_per_floor":[75,68,68,68,68,40,40,25,25,47,47,47,69,69,69,52,75,73,73,72,72,72,72,72,72,72,75,75,75,75,75,75,65,75,75,70,70,70,65,65,75,75,75,75,75,75,75,50,76,76,89,89,89,50,0],"gold":113,"neow_bonus":"RANDOM_COMMON_RELIC","is_prod":false,"is_daily":false,"chose_seed":false,"campfire_upgraded":10,"win_rate":0,"timestamp":1553038675,"path_taken":["M","?","?","M","M","E","R","?","T","R","M","M","R","M","R","BOSS","M","?","M","M","$","R","?","R","T","M","$","R","?","M","R","BOSS","M","M","$","?","M","R","E","R","T","?","R","$","R","E","R","BOSS","R","$","E","BOSS"],"build_version":"2019-01-23","purchased_purges":0,"victory":false,"max_hp_per_floor":[75,75,75,75,75,75,75,75,75,75,75,75,75,75,75,75,75,75,75,75,75,75,75,75,75,75,75,75,75,75,75,75,75,75,75,75,75,75,75,75,75,75,75,75,75,75,75,89,89,89,89,89,89,89,89],"card_choices":[{"not_picked":["Go for the Eyes","Tempest"],"picked":"Coolheaded","floor":1},{"not_picked":["Steam","Barrage"],"picked":"Cold Snap","floor":4},{"not_picked":["Streamline","Sweeping Beam"],"picked":"Coolheaded","floor":5},{"not_picked":["Amplify","Aggregate"],"picked":"Melter","floor":6},{"not_picked":["Redo","Gash"],"picked":"Conserve Battery","floor":11},{"not_picked":["Redo","Gash"],"picked":"BootSequence","floor":11},{"not_picked":["Steam","Cold Snap"],"picked":"Reinforced Body","floor":12},{"not_picked":["Leap","Melter","Undo"],"picked":"SKIP","floor":12},{"not_picked":["Hyperbeam","Fusion"],"picked":"Compile Driver","floor":14},{"not_picked":["Leap","Force Field"],"picked":"Ball Lightning","floor":14},{"not_picked":["Core Surge","Hyperbeam"],"picked":"Echo Form","floor":16},{"not_picked":["Gash","Sweeping Beam"],"picked":"Compile Driver","floor":18},{"not_picked":["Auto Shields","Steam Power"],"picked":"Leap","floor":18},{"not_picked":["BootSequence","Auto Shields"],"picked":"Turbo+1","floor":20},{"not_picked":["Beam Cell","Sweeping Beam"],"picked":"Coolheaded+1","floor":20},{"not_picked":["Coolheaded","Redo"],"picked":"Ball Lightning+1","floor":21},{"not_picked":["Beam Cell","Turbo"],"picked":"Barrage+1","floor":21},{"not_picked":["Force Field","Rebound"],"picked":"Static Discharge+1","floor":27},{"not_picked":["Meteor Strike","Aggregate"],"picked":"Hologram","floor":27},{"not_picked":["Conserve Battery","Seek"],"picked":"Genetic Algorithm","floor":31},{"not_picked":["Cold Snap","Turbo","Ball Lightning"],"picked":"SKIP","floor":31},{"not_picked":["Seek","Hyperbeam"],"picked":"Thunder Strike","floor":33},{"not_picked":["Coolheaded","Steam+1","Gash+1"],"picked":"SKIP","floor":35},{"not_picked":["BootSequence+1","Rebound","Cold Snap+1"],"picked":"SKIP","floor":35},{"not_picked":["Gash","Turbo+1"],"picked":"Go for the Eyes+1","floor":36},{"not_picked":["Thunder Strike","Hello World+1"],"picked":"Stack+1","floor":36},{"not_picked":["Magnetism","Enlightenment"],"picked":"Mind Blast","floor":38},{"not_picked":["Force Field+1","Lockon"],"picked":"Capacitor","floor":39},{"not_picked":["Steam","Streamline+1","Turbo+1"],"picked":"SKIP","floor":39},{"not_picked":["Rebound+1","Go for the Eyes+1"],"picked":"Skim","floor":41},{"not_picked":["Capacitor+1","Turbo","Conserve Battery"],"picked":"SKIP","floor":48},{"not_picked":["Compile Driver","Scrape+1"],"picked":"Stack+1","floor":54}],"player_experience":298478,"relics_obtained":[{"floor":6,"key":"Prayer Wheel"},{"floor":26,"key":"Happy Flower"},{"floor":30,"key":"Bag of Preparation"},{"floor":41,"key":"Orichalcum"},{"floor":43,"key":"Boot"},{"floor":48,"key":"Mango"},{"floor":54,"key":"Blood Vial"}],"event_choices":[{"cards_removed":["Strike_B"],"damage_healed":0,"gold_gain":0,"player_choice":"Card Removal","damage_taken":7,"max_hp_gain":0,"max_hp_loss":0,"event_name":"Golden Wing","floor":2,"gold_loss":0},{"damage_healed":0,"gold_gain":0,"player_choice":"Ignored","damage_taken":0,"max_hp_gain":0,"max_hp_loss":0,"event_name":"Liars Game","floor":3,"gold_loss":0},{"damage_healed":0,"gold_gain":0,"player_choice":"Entered Light","damage_taken":15,"max_hp_gain":0,"max_hp_loss":0,"event_name":"Shining Light","floor":8,"gold_loss":0,"cards_upgraded":["Defend_B","Cold Snap"]},{"damage_healed":0,"gold_gain":99,"player_choice":"Stole From Cult","damage_taken":0,"max_hp_gain":0,"max_hp_loss":0,"event_name":"Nest","floor":19,"gold_loss":0},{"damage_healed":0,"gold_gain":0,"cards_transformed":["Defend_B","Coolheaded"],"player_choice":"Became Test Subject","damage_taken":0,"max_hp_gain":0,"max_hp_loss":0,"event_name":"Drug Dealer","floor":24,"gold_loss":0,"cards_obtained":["Buffer","Cold Snap"]},{"damage_healed":0,"gold_gain":0,"player_choice":"Memory 1","damage_taken":0,"max_hp_gain":0,"max_hp_loss":0,"event_name":"SensoryStone","floor":38,"gold_loss":0},{"damage_healed":0,"gold_gain":0,"player_choice":"Ignored","damage_taken":0,"max_hp_gain":0,"max_hp_loss":0,"event_name":"Tomb of Lord Red Mask","floor":44,"gold_loss":0}],"is_beta":false,"boss_relics":[{"not_picked":["Runic Pyramid","Fusion Hammer"],"picked":"Astrolabe"},{"not_picked":["Black Star","Pandora\u0027s Box"],"picked":"FrozenCore"}],"items_purged_floors":[],"is_endless":false,"potions_floor_spawned":[5,11,12,16,21,33,35,39,54],"killed_by":"The Heart","ascension_level":1}