{"gold_per_floor":[112,69,83,158,58,58,73,102,151,151,151,151,161,178,178,178],"floor_reached":16,"playtime":1547,"items_purged":[],"score":195,"play_id":"502f7d8b-f4cd-41f8-bfdd-878bb47a03e0","local_time":"20190107155708","is_ascension_mode":true,"campfire_choices":[{"data":"Armaments","floor":6.0,"key":"SMITH"},{"floor":12.0,"key":"REST"},{"data":"Pommel Strike","floor":15,"key":"SMITH"}],"neow_cost":"NONE","seed_source_timestamp":57050037638354,"circlet_count":0,"master_deck":["AscendersBane","Strike_R","Strike_R","Strike_R","Strike_R","Defend_R","Defend_R+1","Defend_R","Defend_R+1","Bash","Spot Weakness","Pommel Strike+1","Feel No Pain","Armaments+1","Headbutt","Cleave"],"special_seed":0,"relics":["Burning Blood","NeowsBlessing","Bag of Marbles","War Paint"],"potions_floor_usage":[13],"damage_taken":[{"damage":0.0,"enemies":"Jaw Worm","floor":1.0,"turns":1.0},{"damage":0.0,"enemies":"2 Louse","floor":3.0,"turns":1.0},{"damage":0.0,"enemies":"Small Slimes","floor":7.0,"turns":2.0},{"damage":32.0,"enemies":"Gremlin Nob","floor":8.0,"turns":4.0},{"damage":3,"enemies":"Exordium Thugs","floor":13,"turns":6},{"damage":8,"enemies":"Blue Slaver","floor":14,"turns":4},{"damage":55,"enemies":"Hexaghost","floor":16,"turns":9}],"seed_played":"-5533252239441841","potions_obtained":[{"floor":3.0,"key":"GamblersBrew"},{"floor":8.0,"key":"Explosive Potion"}],"is_trial":false,"path_per_floor":["M","$","M","?","$","R","M","E","T","?","?","R","M","M","R","B"],"character_chosen":"IRONCLAD","items_purchased":["Spot Weakness","Feel No Pain","Armaments"],"campfire_rested":1,"item_purchase_floors":[2,5,5],"current_hp_per_floor":[74,74,75,64,64,64,70,44,44,44,44,66,69,67,67,12],"gold":178,"neow_bonus":"THREE_ENEMY_KILL","is_prod":false,"is_daily":false,"chose_seed":false,"campfire_upgraded":2,"win_rate":0,"timestamp":1546894628,"path_taken":["M","$","M","?","$","R","M","E","T","?","?","R","?","M","R","BOSS"],"build_version":"2019-01-03v4","purchased_purges":0,"victory":false,"max_hp_per_floor":[75,75,75,75,75,75,75,75,75,75,75,75,75,75,75,75],"card_choices":[{"not_picked":["Wild Strike","Rampage","Warcry"],"picked":"SKIP","floor":1.0},{"not_picked":["Twin Strike","Sword Boomerang"],"picked":"Pommel Strike","floor":3.0},{"not_picked":["Wild Strike","Clothesline"],"picked":"Headbutt","floor":7.0},{"not_picked":["Anger","Berserk","Twin Strike"],"picked":"SKIP","floor":8.0},{"not_picked":["Sword Boomerang","Disarm","Metallicize"],"picked":"SKIP","floor":13},{"not_picked":["Wild Strike","Warcry","Clothesline"],"picked":"SKIP","floor":14}],"player_experience":2837372,"relics_obtained":[{"floor":8.0,"key":"Bag of Marbles"},{"floor":9.0,"key":"War Paint"}],"event_choices":[{"damage_healed":0.0,"max_hp_gain":0.0,"max_hp_loss":0.0,"gold_gain":75.0,"event_name":"World of Goop","player_choice":"Gather Gold","floor":4.0,"gold_loss":0.0,"damage_taken":11.0},{"damage_healed":0.0,"max_hp_gain":0.0,"max_hp_loss":0.0,"gold_gain":0.0,"cards_transformed":["Strike_R"],"event_name":"Living Wall","player_choice":"Change","floor":10.0,"gold_loss":0.0,"damage_taken":0.0,"cards_obtained":["Cleave"]},{"damage_healed":0.0,"max_hp_gain":0.0,"max_hp_loss":0.0,"gold_gain":0.0,"event_name":"Shining Light","player_choice":"Ignored","floor":11.0,"gold_loss":0.0,"damage_taken":0.0}],"is_beta":false,"boss_relics":[],"items_purged_floors":[],"is_endless":false,"potions_floor_spawned":[3,8],"killed_by":"Hexaghost","ascension_level":19}