{"gold_per_floor":[118,193,217,67,67,67,90,90,162,162,162,198,198,214,214,345,345,365,365,378,398,1,1,19,19,19,59,59,103,103,147,147,267,267,288,313,26,49,49,64,64,64,64,64,64,83,83,101,101,101],"floor_reached":51,"playtime":908,"items_purged":["Strike_R","Strike_R"],"score":801,"play_id":"70686b46-c28a-4e92-845e-f52528180bc3","local_time":"20190321024443","is_ascension_mode":false,"campfire_choices":[{"data":"Inflame","floor":6.0,"key":"SMITH"},{"data":"Inflame","floor":8,"key":"SMITH"},{"data":"Bash","floor":10,"key":"SMITH"},{"data":"Twin Strike","floor":13,"key":"SMITH"},{"floor":15,"key":"REST"},{"data":"Immolate","floor":23,"key":"SMITH"},{"data":"Whirlwind","floor":28,"key":"SMITH"},{"data":"Double Tap","floor":30,"key":"SMITH"},{"data":"Flex","floor":32,"key":"SMITH"},{"data":"Whirlwind","floor":41,"key":"SMITH"},{"data":"Demon Form","floor":44,"key":"SMITH"},{"data":"Rampage","floor":47,"key":"SMITH"},{"data":"Thunderclap","floor":49,"key":"SMITH"}],"neow_cost":"PERCENT_DAMAGE","seed_source_timestamp":62835931996249,"circlet_count":0,"master_deck":["Defend_R","Defend_R","Bash+1","Inflame+1","Inflame+1","Twin Strike+1","Rampage+1","Headbutt","Immolate+1","Thunderclap+1","Cleave+1","True Grit+1","Double Tap+1","Whirlwind+1","Flex+1","Demon Form+1","Spot Weakness+1","Juggernaut+1","Armaments+1","Twin Strike+1","Whirlwind+1"],"special_seed":0,"relics":["Burning Blood","Magic Flower","Strawberry","Golden Idol","Mercury Hourglass","Calipers","Philosopher\u0027s Stone","Enchiridion","Bag of Marbles","PreservedInsect","Thread and Needle","Bag of Preparation","Gremlin Horn","Bottled Lightning","Astrolabe","OrangePellets","Bottled Tornado"],"potions_floor_usage":[29,31,33,46,50,50,50],"damage_taken":[{"damage":2.0,"enemies":"Small Slimes","floor":1.0,"turns":5.0},{"damage":4,"enemies":"Jaw Worm","floor":7,"turns":4},{"damage":25,"enemies":"3 Sentries","floor":12,"turns":6},{"damage":0,"enemies":"2 Louse","floor":14,"turns":3},{"damage":0,"enemies":"Slime Boss","floor":16,"turns":5},{"damage":0,"enemies":"Spheric Guardian","floor":18,"turns":2},{"damage":17,"enemies":"2 Thieves","floor":20,"turns":2},{"damage":22,"enemies":"Centurion and Healer","floor":21,"turns":2},{"damage":4,"enemies":"Snecko","floor":24,"turns":3},{"damage":0,"enemies":"Gremlin Leader","floor":27,"turns":4},{"damage":1,"enemies":"Book of Stabbing","floor":29,"turns":4},{"damage":0,"enemies":"Slavers","floor":31,"turns":1},{"damage":42,"enemies":"Champ","floor":33,"turns":8},{"damage":2,"enemies":"Orb Walker","floor":35,"turns":2},{"damage":0,"enemies":"3 Darklings","floor":36,"turns":2},{"damage":1,"enemies":"Sphere and 2 Shapes","floor":38,"turns":1},{"damage":33,"enemies":"Writhing Mass","floor":40,"turns":3},{"damage":2,"enemies":"Maw","floor":46,"turns":4},{"damage":0,"enemies":"Jaw Worm Horde","floor":48,"turns":1},{"damage":44,"enemies":"Donu and Deca","floor":50,"turns":4}],"seed_played":"8542629204268499782","potions_obtained":[{"floor":1.0,"key":"Weak Potion"},{"floor":21,"key":"Regen Potion"},{"floor":27,"key":"Block Potion"},{"floor":29,"key":"Swift Potion"},{"floor":38,"key":"Block Potion"},{"floor":46,"key":"Fruit Juice"},{"floor":48,"key":"Energy Potion"}],"is_trial":false,"path_per_floor":["M","?","T","$","?","R","M","R","T","R","?","E","R","M","R","B",null,"M","?","M","M","$","R","M","?","T","E","R","E","R","E","R","B",null,"M","M","$","M","$","M","R","?","T","R","?","M","R","M","R","B",null],"character_chosen":"IRONCLAD","items_purchased":["Inflame","Bag of Marbles","PreservedInsect","OrangePellets","Whirlwind"],"campfire_rested":1,"item_purchase_floors":[4,22,22,37,37],"current_hp_per_floor":[63,52,59,59,38,38,43,43,43,43,36,20,20,29,55,64,87,87,71,63,50,50,50,55,55,55,64,64,72,72,81,81,48,87,87,87,87,87,87,63,63,85,85,85,85,92,92,92,92,65],"gold":101,"neow_bonus":"ONE_RARE_RELIC","is_prod":false,"is_daily":false,"chose_seed":false,"campfire_upgraded":12,"win_rate":0,"timestamp":1553157883,"path_taken":["M","?","?","$","?","R","?","R","T","R","?","E","R","M","R","BOSS","M","?","M","M","$","R","M","?","T","E","R","E","R","E","R","BOSS","M","M","$","M","$","M","R","?","T","R","?","M","R","M","R","BOSS"],"build_version":"2019-01-23","purchased_purges":2,"victory":true,"max_hp_per_floor":[80,80,87,87,87,87,87,87,87,87,87,87,87,87,87,87,87,87,87,87,87,87,87,87,87,87,87,87,87,87,87,87,87,87,87,87,87,87,87,87,87,87,87,87,87,92,92,92,92,92],"card_choices":[{"not_picked":["Feel No Pain","Battle Trance"],"picked":"Inflame","floor":1.0},{"not_picked":["Pommel Strike","Headbutt"],"picked":"Twin Strike","floor":7},{"not_picked":["Carnage","Flex"],"picked":"Rampage","floor":12},{"not_picked":["Blood for Blood","Armaments"],"picked":"Headbutt","floor":14},{"not_picked":["Exhume","Brutality"],"picked":"Immolate","floor":16},{"not_picked":["Hemokinesis+1","Sever Soul+1"],"picked":"Thunderclap","floor":18},{"not_picked":["Dual Wield","Headbutt"],"picked":"Cleave+1","floor":20},{"not_picked":["Cleave","Rampage"],"picked":"True Grit+1","floor":21},{"not_picked":["Havoc","Infernal Blade+1"],"picked":"Double Tap","floor":24},{"not_picked":["Perfected Strike","Shockwave"],"picked":"Whirlwind","floor":27},{"not_picked":["Headbutt","Havoc","Feel No Pain"],"picked":"SKIP","floor":29},{"not_picked":["Clash+1","Juggernaut"],"picked":"Flex","floor":31},{"not_picked":["Feed","Offering"],"picked":"Demon Form","floor":33},{"not_picked":["Shrug It Off+1","Pommel Strike"],"picked":"Twin Strike+1","floor":35},{"not_picked":["Perfected Strike","Warcry","Cleave+1"],"picked":"SKIP","floor":36},{"not_picked":["Body Slam","Cleave+1","Armaments+1"],"picked":"SKIP","floor":38},{"not_picked":["Shrug It Off","Anger+1","Dual Wield+1"],"picked":"SKIP","floor":40},{"not_picked":["Clash","Thunderclap","Pommel Strike"],"picked":"SKIP","floor":46},{"not_picked":["Fire Breathing+1","Combust+1","Armaments"],"picked":"SKIP","floor":48}],"player_experience":1100632,"relics_obtained":[{"floor":3.0,"key":"Strawberry"},{"floor":9,"key":"Mercury Hourglass"},{"floor":12,"key":"Calipers"},{"floor":19,"key":"Enchiridion"},{"floor":26,"key":"Thread and Needle"},{"floor":27,"key":"Bag of Preparation"},{"floor":29,"key":"Gremlin Horn"},{"floor":31,"key":"Bottled Lightning"},{"floor":43,"key":"Bottled Tornado"}],"event_choices":[{"damage_healed":0.0,"max_hp_gain":0.0,"max_hp_loss":0.0,"gold_gain":75.0,"event_name":"World of Goop","player_choice":"Gather Gold","floor":2.0,"gold_loss":0.0,"damage_taken":11.0},{"damage_healed":0.0,"max_hp_gain":0.0,"max_hp_loss":0.0,"gold_gain":0.0,"event_name":"Golden Idol","player_choice":"Take Damage","floor":5.0,"gold_loss":0.0,"damage_taken":21.0,"relics_obtained":["Golden Idol"]},{"cards_removed":["Strike_R"],"damage_healed":0,"gold_gain":0,"player_choice":"Card Removal","damage_taken":7,"max_hp_gain":0,"max_hp_loss":0,"event_name":"Golden Wing","floor":11,"gold_loss":0},{"damage_healed":0,"gold_gain":0,"player_choice":"Obtained Book","damage_taken":16,"max_hp_gain":0,"max_hp_loss":0,"event_name":"Cursed Tome","floor":19,"gold_loss":0},{"cards_removed":["Strike_R"],"damage_healed":0,"gold_gain":0,"player_choice":"Elegance","damage_taken":0,"max_hp_gain":0,"max_hp_loss":0,"event_name":"Back to Basics","floor":25,"gold_loss":0},{"damage_healed":22,"gold_gain":0,"player_choice":"Writhe","damage_taken":0,"max_hp_gain":0,"max_hp_loss":0,"event_name":"Winding Halls","floor":42,"gold_loss":0,"cards_obtained":["Writhe"]},{"cards_removed":["Writhe"],"damage_healed":0,"gold_gain":0,"player_choice":"Purged","damage_taken":0,"max_hp_gain":0,"max_hp_loss":0,"event_name":"Purifier","floor":45,"gold_loss":0}],"is_beta":false,"boss_relics":[{"not_picked":["Tiny House","Velvet Choker"],"picked":"Philosopher\u0027s Stone"},{"not_picked":["Snecko Eye","Black Star"],"picked":"Astrolabe"}],"items_purged_floors":[4,22],"is_endless":false,"potions_floor_spawned":[1,21,27,29,38,46,48],"ascension_level":0}