{"gold_per_floor":[114,39,39,58,58,58,58,58,358,368,380,406,406,406,406,484,484,504,520,540,553,603,603,653,653,653,673,673],"floor_reached":28,"playtime":1085,"items_purged":[],"score":392,"play_id":"2ab180d4-c5cd-4eed-a863-871abd200702","local_time":"20190426144402","is_ascension_mode":true,"campfire_choices":[{"data":"Spot Weakness","floor":6.0,"key":"SMITH"},{"data":"Pommel Strike","floor":8.0,"key":"SMITH"},{"data":"Whirlwind","floor":13.0,"key":"SMITH"},{"floor":15.0,"key":"REST"},{"floor":23.0,"key":"RECALL"},{"data":"Reaper","floor":25.0,"key":"SMITH"}],"neow_cost":"NONE","seed_source_timestamp":0,"circlet_count":0,"master_deck":["AscendersBane","Strike_R","Strike_R","Strike_R","Defend_R","Defend_R+1","Defend_R","Defend_R","Bash","Pommel Strike+1","Spot Weakness+1","Anger+1","Cleave","Whirlwind+1","Reaper+1","Headbutt","Double Tap","Battle Trance"],"special_seed":0,"relics":["Burning Blood","Ancient Tea Set","Bag of Marbles","Old Coin","Pen Nib","Snecko Eye"],"potions_floor_usage":[28],"damage_taken":[{"damage":15.0,"enemies":"Small Slimes","floor":1.0,"turns":5.0},{"damage":2.0,"enemies":"Jaw Worm","floor":4.0,"turns":3.0},{"damage":0.0,"enemies":"2 Louse","floor":10.0,"turns":2.0},{"damage":17.0,"enemies":"Lots of Slimes","floor":11.0,"turns":3.0},{"damage":10.0,"enemies":"Lagavulin","floor":12.0,"turns":3.0},{"damage":30.0,"enemies":"The Guardian","floor":16.0,"turns":8.0},{"damage":30.0,"enemies":"Spheric Guardian","floor":18.0,"turns":5.0},{"damage":0.0,"enemies":"3 Byrds","floor":19.0,"turns":3.0},{"damage":51.0,"enemies":"Shelled Parasite and Fungi","floor":20.0,"turns":4.0},{"damage":14.0,"enemies":"3 Cultists","floor":21.0,"turns":4.0},{"damage":10.0,"enemies":"Snecko","floor":27.0,"turns":3.0},{"damage":42,"enemies":"Snake Plant","floor":28,"turns":3}],"seed_played":"-9110526989032526490","potions_obtained":[{"floor":4.0,"key":"SteroidPotion"},{"floor":11.0,"key":"SkillPotion"},{"floor":19.0,"key":"Strength Potion"},{"floor":27.0,"key":"GamblersBrew"}],"is_trial":false,"path_per_floor":["M","?","?","M","?","R","?","R","T","M","M","E","R","?","R","B",null,"M","M","M","M","?","R","?","R","T","M","M"],"character_chosen":"IRONCLAD","items_purchased":[],"campfire_rested":1,"item_purchase_floors":[],"current_hp_per_floor":[59,59,24,28,53,53,53,53,53,59,48,44,44,21,43,19,61,52,66,21,37,37,37,37,37,37,33,0],"gold":673,"neow_bonus":"RANDOM_COMMON_RELIC","is_prod":false,"is_daily":false,"chose_seed":false,"campfire_upgraded":4,"win_rate":0,"timestamp":1556279042,"path_taken":["M","?","?","M","?","R","?","R","T","M","?","E","R","?","R","BOSS","M","M","M","M","?","R","?","R","T","M","?"],"build_version":"2019-01-23","purchased_purges":0,"victory":false,"max_hp_per_floor":[75,75,75,75,75,75,75,75,75,75,75,75,75,75,75,75,75,75,75,75,75,75,75,75,75,75,75,75],"card_choices":[{"not_picked":["True Grit","Flex"],"picked":"Pommel Strike","floor":1.0},{"not_picked":["Twin Strike","Iron Wave"],"picked":"Spot Weakness","floor":4.0},{"not_picked":["Clothesline","Body Slam"],"picked":"Anger","floor":10.0},{"not_picked":["Shrug It Off","Combust"],"picked":"Cleave","floor":11.0},{"not_picked":["Sentinel","Searing Blow"],"picked":"Whirlwind","floor":12.0},{"not_picked":["Exhume","Feed"],"picked":"Reaper","floor":16.0},{"not_picked":["Warcry","Wild Strike","Thunderclap+1"],"picked":"SKIP","floor":18.0},{"not_picked":["Perfected Strike","Dropkick"],"picked":"Headbutt","floor":19.0},{"not_picked":["Bloodletting+1","Anger+1"],"picked":"Double Tap","floor":20.0},{"not_picked":["Spot Weakness","Sword Boomerang+1"],"picked":"Battle Trance","floor":21.0},{"not_picked":["Power Through","Warcry","Spot Weakness+1"],"picked":"SKIP","floor":27.0}],"player_experience":323500,"relics_obtained":[{"floor":9.0,"key":"Old Coin"},{"floor":12.0,"key":"Pen Nib"}],"event_choices":[{"cards_removed":["Strike_R"],"damage_healed":0.0,"max_hp_gain":0.0,"max_hp_loss":0.0,"gold_gain":0.0,"event_name":"The Cleric","player_choice":"Card Removal","floor":2.0,"gold_loss":75.0,"damage_taken":0.0},{"damage_healed":0.0,"max_hp_gain":0.0,"max_hp_loss":0.0,"gold_gain":0.0,"event_name":"Scrap Ooze","player_choice":"Success","floor":3.0,"gold_loss":0.0,"damage_taken":35.0,"relics_obtained":["Bag of Marbles"]},{"damage_healed":25.0,"max_hp_gain":0.0,"max_hp_loss":0.0,"gold_gain":0.0,"event_name":"Big Fish","player_choice":"Banana","floor":5.0,"gold_loss":0.0,"damage_taken":0.0},{"cards_removed":["Strike_R"],"damage_healed":0.0,"max_hp_gain":0.0,"max_hp_loss":0.0,"gold_gain":0.0,"event_name":"Purifier","player_choice":"Purged","floor":7.0,"gold_loss":0.0,"damage_taken":0.0},{"damage_healed":0.0,"max_hp_gain":0.0,"max_hp_loss":0.0,"gold_gain":0.0,"event_name":"Shining Light","player_choice":"Entered Light","floor":14.0,"gold_loss":0.0,"damage_taken":23.0,"cards_upgraded":["Defend_R","Anger"]},{"damage_healed":0.0,"max_hp_gain":0.0,"max_hp_loss":0.0,"gold_gain":50.0,"event_name":"Nest","player_choice":"Stole From Cult","floor":22.0,"gold_loss":0.0,"damage_taken":0.0},{"damage_healed":0.0,"max_hp_gain":0.0,"max_hp_loss":0.0,"gold_gain":50.0,"event_name":"Golden Shrine","player_choice":"Pray","floor":24.0,"gold_loss":0.0,"damage_taken":0.0}],"is_beta":false,"boss_relics":[{"not_picked":["Velvet Choker","Cursed Key"],"picked":"Snecko Eye"}],"items_purged_floors":[],"is_endless":false,"potions_floor_spawned":[4,11,19,27],"killed_by":"Snake Plant","ascension_level":16}