{"gold_per_floor":[114,126,126,37,37,72,72,95,95,152,203,235,265,310,322,433,445,475,500,562,588,255,255,295,295,295,295],"floor_reached":27,"playtime":893,"items_purged":["Strike_G"],"score":652,"play_id":"43d3f4a8-81e5-4afb-9eca-d999d07902f5","local_time":"20190112115350","is_ascension_mode":true,"campfire_choices":[{"data":"Glass Knife","floor":7.0,"key":"SMITH"},{"data":"Neutralize","floor":15.0,"key":"SMITH"},{"floor":23.0,"key":"REST"},{"data":"Bouncing Flask","floor":25.0,"key":"SMITH"}],"neow_cost":"NONE","seed_source_timestamp":681456401333,"circlet_count":0,"master_deck":["AscendersBane","Defend_G","Defend_G","Defend_G","Defend_G","Defend_G","Strike_G","Strike_G","Strike_G","Strike_G","Survivor+1","Neutralize+1","Dagger Spray","Glass Knife+1","Adrenaline+1","Backstab","Bouncing Flask+1","Escape Plan","Burst","Catalyst","Footwork"],"special_seed":0,"relics":["Ring of the Snake","NeowsBlessing","Golden Idol","The Courier","MawBank","Happy Flower","Ornamental Fan","War Paint","Cursed Key","Ancient Tea Set","Strawberry"],"potions_floor_usage":[27],"damage_taken":[{"damage":0.0,"enemies":"Jaw Worm","floor":1.0,"turns":1.0},{"damage":0.0,"enemies":"Small Slimes","floor":2.0,"turns":1.0},{"damage":0.0,"enemies":"Lagavulin","floor":6.0,"turns":1.0},{"damage":0.0,"enemies":"Cultist","floor":8.0,"turns":2.0},{"damage":32.0,"enemies":"Gremlin Nob","floor":11.0,"turns":4.0},{"damage":1.0,"enemies":"Looter","floor":12.0,"turns":3.0},{"damage":0.0,"enemies":"Gremlin Gang","floor":13.0,"turns":4.0},{"damage":8.0,"enemies":"Lagavulin","floor":14.0,"turns":5.0},{"damage":0.0,"enemies":"The Guardian","floor":16.0,"turns":12.0},{"damage":3.0,"enemies":"Shell Parasite","floor":18.0,"turns":4.0},{"damage":15.0,"enemies":"Spheric Guardian","floor":19.0,"turns":4.0},{"damage":15.0,"enemies":"Snecko","floor":21.0,"turns":4.0},{"damage":27.0,"enemies":"Book of Stabbing","floor":24.0,"turns":5.0},{"damage":1,"enemies":"Gremlin Leader","floor":27,"turns":7}],"seed_played":"475158351570725731","potions_obtained":[{"floor":11.0,"key":"EssenceOfSteel"},{"floor":13.0,"key":"Energy Potion"},{"floor":16.0,"key":"SpeedPotion"},{"floor":19.0,"key":"Fire Potion"},{"floor":24.0,"key":"GhostInAJar"}],"is_trial":false,"path_per_floor":["M","M","?","$","?","E","R","M","T","T","E","M","M","E","R","B",null,"M","M","?","M","$","R","E","R","T","E"],"character_chosen":"THE_SILENT","items_purchased":["Glass Knife","Footwork","Weak Potion","Ancient Tea Set","Explosive Potion"],"campfire_rested":1,"item_purchase_floors":[4,22,22,22,22],"current_hp_per_floor":[59,59,59,59,59,59,59,59,59,59,27,26,26,18,18,18,50,47,32,32,17,17,35,15,15,15,14],"gold":295,"neow_bonus":"THREE_ENEMY_KILL","is_prod":false,"is_daily":false,"chose_seed":false,"campfire_upgraded":3,"win_rate":0,"timestamp":1547265230,"path_taken":["M","M","?","$","?","E","R","M","T","?","E","M","M","E","R","BOSS","M","M","?","M","$","R","E","R","T","E"],"build_version":"2019-01-10","purchased_purges":1,"victory":false,"max_hp_per_floor":[66,66,60,60,60,60,60,60,60,60,60,60,60,60,60,60,60,60,60,60,60,60,60,67,67,67,67],"card_choices":[{"not_picked":["Deflect","Underhanded Strike","Distraction"],"picked":"SKIP","floor":1.0},{"not_picked":["Flying Knee","Prepared"],"picked":"Dagger Spray","floor":2.0},{"not_picked":["Wraith Form v2","Cloak And Dagger"],"picked":"Adrenaline","floor":6.0},{"not_picked":["Cloak And Dagger","Endless Agony"],"picked":"Backstab","floor":8.0},{"not_picked":["Dodge and Roll","Riddle With Holes"],"picked":"Bouncing Flask","floor":11.0},{"not_picked":["Crippling Poison","Deadly Poison"],"picked":"Escape Plan","floor":12.0},{"not_picked":["Prepared","Deflect","Bane"],"picked":"SKIP","floor":13.0},{"not_picked":["Unload","Bane","Prepared"],"picked":"SKIP","floor":14.0},{"not_picked":["Unload","Doppelganger"],"picked":"Burst","floor":16.0},{"not_picked":["Blade Dance","Underhanded Strike","Eviscerate"],"picked":"SKIP","floor":18.0},{"not_picked":["Dagger Spray","Flying Knee"],"picked":"Catalyst","floor":19.0},{"not_picked":["Setup","Deflect","Sucker Punch"],"picked":"SKIP","floor":21.0},{"not_picked":["Tactician","Doppelganger","Skewer"],"picked":"SKIP","floor":24.0},{"not_picked":["Tactician","Doppelganger","Skewer"],"picked":"SKIP","floor":24.0}],"player_experience":2516005,"relics_obtained":[{"floor":6.0,"key":"The Courier"},{"floor":9.0,"key":"MawBank"},{"floor":10.0,"key":"Happy Flower"},{"floor":11.0,"key":"Ornamental Fan"},{"floor":14.0,"key":"War Paint"},{"floor":24.0,"key":"Strawberry"}],"event_choices":[{"damage_healed":0.0,"max_hp_gain":0.0,"max_hp_loss":6.0,"gold_gain":0.0,"event_name":"Golden Idol","player_choice":"Lose Max HP","floor":3.0,"gold_loss":0.0,"damage_taken":0.0,"relics_obtained":["Golden Idol"]},{"damage_healed":0.0,"max_hp_gain":0.0,"max_hp_loss":0.0,"gold_gain":0.0,"event_name":"Scrap Ooze","player_choice":"Fled","floor":5.0,"gold_loss":0.0,"damage_taken":0.0},{"damage_healed":0.0,"max_hp_gain":0.0,"max_hp_loss":0.0,"gold_gain":50.0,"event_name":"Nest","player_choice":"Stole From Cult","floor":20.0,"gold_loss":0.0,"damage_taken":0.0}],"is_beta":false,"boss_relics":[{"not_picked":["HoveringKite","Ring of the Serpent"],"picked":"Cursed Key"}],"items_purged_floors":[22],"is_endless":false,"potions_floor_spawned":[11,13,16,19,24],"killed_by":"Gremlin Leader","ascension_level":20}