{"gold_per_floor":[115,132,151,170,182,216,216,216,270,270,270,270,286,311,311,385,385,402,420,437,454,9,9,9,9,36,51,71,103,3,3,3,75,75,94,42,57,57,57],"floor_reached":39,"playtime":2751,"items_purged":[],"score":726,"play_id":"eac56937-95d3-45cd-8596-31c006ae6ff9","local_time":"20180713205210","is_ascension_mode":true,"campfire_choices":[{"floor":8.0,"key":"REST"},{"data":"Terror","floor":10.0,"key":"SMITH"},{"data":"Riddle With Holes","floor":12.0,"key":"SMITH"},{"floor":15.0,"key":"REST"},{"floor":23.0,"key":"REST"},{"floor":32.0,"key":"REST"}],"neow_cost":"","seed_source_timestamp":45466128436750,"circlet_count":0,"master_deck":["Defend_G","Defend_G","Defend_G","Defend_G","Strike_G","Strike_G","Strike_G","Survivor","Neutralize","AscendersBane","Footwork","Dagger Throw","Riddle With Holes+1","Dagger Throw","Sucker Punch","Terror+1","Footwork","Tools of the Trade","Dagger Spray","Deflect","Dash","Blur","Cloak And Dagger","Footwork","Injury","Crippling Poison","After Image","Dagger Spray+1","Doppelganger+1","Accuracy+1","Quick Slash+1","Acrobatics","Leg Sweep+1"],"special_seed":17726,"relics":["Ring of the Snake","Peace Pipe","Dodecahedron","Pen Nib","Vajra","Cursed Key","Molten Egg 2","Boot","Pear","Astrolabe"],"potions_floor_usage":[],"damage_taken":[{"damage":3.0,"enemies":"2 Louse","floor":1.0,"turns":4.0},{"damage":2.0,"enemies":"Small Slimes","floor":2.0,"turns":5.0},{"damage":0.0,"enemies":"Cultist","floor":3.0,"turns":4.0},{"damage":19.0,"enemies":"Large Slime","floor":4.0,"turns":9.0},{"damage":1.0,"enemies":"2 Fungi Beasts","floor":5.0,"turns":4.0},{"damage":18.0,"enemies":"Lagavulin","floor":6.0,"turns":6.0},{"damage":0.0,"enemies":"Gremlin Gang","floor":11.0,"turns":1.0},{"damage":0.0,"enemies":"Large Slime","floor":13.0,"turns":7.0},{"damage":18.0,"enemies":"Gremlin Nob","floor":14.0,"turns":4.0},{"damage":21.0,"enemies":"The Guardian","floor":16.0,"turns":10.0},{"damage":0.0,"enemies":"Spheric Guardian","floor":18.0,"turns":2.0},{"damage":15.0,"enemies":"Shell Parasite","floor":19.0,"turns":3.0},{"damage":5.0,"enemies":"Cultist and Chosen","floor":20.0,"turns":4.0},{"damage":26.0,"enemies":"Slaver and Parasite","floor":21.0,"turns":9.0},{"damage":1.0,"enemies":"Centurion and Healer","floor":27.0,"turns":6.0},{"damage":4.0,"enemies":"Snecko","floor":28.0,"turns":8.0},{"damage":9.0,"enemies":"Gremlin Leader","floor":29.0,"turns":9.0},{"damage":26.0,"enemies":"Automaton","floor":33.0,"turns":11.0},{"damage":5,"enemies":"Orb Walker","floor":35,"turns":2},{"damage":22,"enemies":"3 Shapes","floor":37,"turns":7},{"damage":52,"enemies":"Transient","floor":39,"turns":3}],"seed_played":"-1557900698408723444","potions_obtained":[{"floor":1.0,"key":"Strength Potion"},{"floor":3.0,"key":"SmokeBomb"},{"floor":13.0,"key":"Poison Potion"},{"floor":14.0,"key":"Regen Potion"},{"floor":16.0,"key":"Fruit Juice"},{"floor":19.0,"key":"Poison Potion"},{"floor":28.0,"key":"GhostInAJar"},{"floor":29.0,"key":"EssenceOfSteel"},{"floor":33.0,"key":"GamblersBrew"},{"floor":35,"key":"GhostInAJar"}],"is_trial":false,"path_per_floor":["M","M","M","M","M","E","?","R","T","R","M","R","M","E","R","B",null,"M","M","M","M","$","R","?","?","T","M","M","E","$","?","R","B",null,"M","$","M","?"],"character_chosen":"THE_SILENT","items_purchased":["Cloak And Dagger","Footwork","Regen Potion","Molten Egg 2","Strength Potion","Dagger Spray+1","Strength Potion"],"campfire_rested":4,"item_purchase_floors":[22,22,22,22,30,30,36],"current_hp_per_floor":[56,54,54,35,34,16,11,30,30,30,30,30,30,12,31,25,56,56,46,41,15,15,36,36,36,36,35,31,47,47,47,71,45,72,67,67,45,45,0],"gold":57,"neow_bonus":"","is_prod":false,"is_daily":false,"chose_seed":false,"campfire_upgraded":2,"win_rate":0,"timestamp":1531540330,"path_taken":["M","M","M","M","M","E","?","R","T","R","M","R","M","E","R","BOSS","M","M","M","M","$","R","?","?","T","?","M","E","$","?","R","BOSS","M","$","M","?","M"],"build_version":"2018-07-12","purchased_purges":0,"victory":false,"max_hp_per_floor":[66,66,66,66,66,66,66,66,66,66,66,66,66,66,66,66,66,66,71,71,71,71,71,71,71,71,71,71,81,81,81,81,81,81,81,81,81,81,81],"card_choices":[{"not_picked":["Eviscerate","All Out Attack"],"picked":"Footwork","floor":1.0},{"not_picked":["Bane","Dodge and Roll"],"picked":"Dagger Throw","floor":2.0},{"not_picked":["Acrobatics","Outmaneuver"],"picked":"Riddle With Holes","floor":3.0},{"not_picked":["Flechettes","Poisoned Stab"],"picked":"Dagger Throw","floor":4.0},{"not_picked":["Outmaneuver","Choke"],"picked":"Sucker Punch","floor":5.0},{"not_picked":["Eviscerate","Reflex"],"picked":"Terror","floor":6.0},{"not_picked":["Finisher","Quick Slash"],"picked":"Footwork","floor":13.0},{"not_picked":["Accuracy","Outmaneuver","Venomology"],"picked":"SKIP","floor":14.0},{"not_picked":["Phantasmal Killer","Corpse Explosion"],"picked":"Tools of the Trade","floor":16.0},{"not_picked":["Dagger Throw","Quick Slash"],"picked":"Dagger Spray","floor":18.0},{"not_picked":["Accuracy","Sucker Punch"],"picked":"Deflect","floor":19.0},{"not_picked":["Flechettes","Accuracy"],"picked":"Dash","floor":20.0},{"not_picked":["Quick Slash","Sucker Punch"],"picked":"Blur","floor":21.0},{"not_picked":["Deflect+1","Flechettes+1"],"picked":"Crippling Poison","floor":27.0},{"not_picked":["Poisoned Stab+1","Flying Knee+1","Finisher+1"],"picked":"SKIP","floor":28.0},{"not_picked":["Setup","Terror"],"picked":"After Image","floor":29.0},{"not_picked":["Sucker Punch+1","Heel Hook+1"],"picked":"Acrobatics","floor":35},{"not_picked":["Endless Agony+1","Dagger Spray+1"],"picked":"Leg Sweep+1","floor":37}],"player_experience":757463,"relics_obtained":[{"floor":6.0,"key":"Peace Pipe"},{"floor":9.0,"key":"Pen Nib"},{"floor":14.0,"key":"Vajra"},{"floor":26.0,"key":"Boot"},{"floor":29.0,"key":"Pear"}],"event_choices":[{"event_name":"Scrap Ooze","player_choice":"success","floor":7.0,"damage_taken":5.0},{"event_name":"Beggar","player_choice":"Ignored","floor":24.0,"damage_taken":0.0},{"event_name":"Cursed Tome","player_choice":"Ignored","floor":25.0,"damage_taken":0.0},{"event_name":"Addict","player_choice":"Ignored","floor":31.0,"damage_taken":0.0},{"event_name":"SecretPortal","player_choice":"Rejected Portal.","floor":38,"damage_taken":0}],"boss_relics":[{"not_picked":["Eternal Feather","Runic Pyramid"],"picked":"Cursed Key"},{"not_picked":["Coffee Dripper","Velvet Choker"],"picked":"Astrolabe"}],"items_purged_floors":[],"is_endless":false,"potions_floor_spawned":[1,3,13,14,16,19,28,29,33,35],"killed_by":"Transient","ascension_level":15}