{"gold_per_floor":[114,39,55,73,93,93,110,141,164,26,26,56,56,67,67,142,142,117,129,44,44,61,61,61],"floor_reached":24,"playtime":1033,"items_purged":["Decay","Strike_R"],"score":372,"play_id":"14681586-fe4a-430b-a7c8-4ca659142e86","local_time":"20181011173624","is_ascension_mode":true,"campfire_choices":[{"data":"Bash","floor":6.0,"key":"SMITH"},{"data":"True Grit","floor":11.0,"key":"SMITH"},{"data":"True Grit","floor":13.0,"key":"SMITH"},{"floor":15.0,"key":"REST"},{"data":"Exhume","floor":23,"key":"SMITH"}],"neow_cost":"CURSE","seed_source_timestamp":34518689122770,"circlet_count":0,"master_deck":["Strike_R","Strike_R","Strike_R","Strike_R","Defend_R","Defend_R","Defend_R","Defend_R","Bash+1","AscendersBane","Feed","Feel No Pain","Spot Weakness","True Grit+1","Exhume+1","Power Through","Disarm","True Grit+1","Warcry","Demon Form","Twin Strike","Body Slam+1"],"special_seed":0,"relics":["Burning Blood","Anchor","Omamori","Odd Mushroom","Velvet Choker","Potion Belt"],"potions_floor_usage":[16,24],"damage_taken":[{"damage":2.0,"enemies":"Small Slimes","floor":1.0,"turns":3.0},{"damage":5.0,"enemies":"2 Louse","floor":3.0,"turns":4.0},{"damage":14.0,"enemies":"Jaw Worm","floor":4.0,"turns":5.0},{"damage":17.0,"enemies":"Exordium Thugs","floor":5.0,"turns":5.0},{"damage":19.0,"enemies":"Red Slaver","floor":7.0,"turns":7.0},{"damage":36.0,"enemies":"Gremlin Nob","floor":8.0,"turns":5.0},{"damage":25.0,"enemies":"The Mushroom Lair","floor":12.0,"turns":5.0},{"damage":12.0,"enemies":"Gremlin Gang","floor":14.0,"turns":8.0},{"damage":32,"enemies":"Hexaghost","floor":16,"turns":12},{"damage":20,"enemies":"2 Thieves","floor":18,"turns":5},{"damage":22,"enemies":"Spheric Guardian","floor":19,"turns":5},{"damage":20,"enemies":"Snecko","floor":22,"turns":8},{"damage":46,"enemies":"Gremlin Leader","floor":24,"turns":4}],"seed_played":"-7935609809395941152","potions_obtained":[{"floor":4.0,"key":"Weak Potion"},{"floor":5.0,"key":"BloodPotion"},{"floor":8.0,"key":"PowerPotion"},{"floor":12.0,"key":"GamblersBrew"},{"floor":19,"key":"Explosive Potion"},{"floor":22,"key":"SkillPotion"}],"is_trial":false,"path_per_floor":["M","$","M","M","M","R","M","E","T","$","R","?","R","M","R","B",null,"M","M","?","$","M","R"],"character_chosen":"IRONCLAD","items_purchased":["Disarm"],"campfire_rested":1,"item_purchase_floors":[10],"current_hp_per_floor":[75,75,79,74,66,66,56,35,35,35,35,22,22,22,52,26,83,72,56,56,56,42,42,0],"gold":61,"neow_bonus":"THREE_RARE_CARDS","is_prod":false,"is_daily":false,"chose_seed":false,"campfire_upgraded":4,"win_rate":0,"timestamp":1539304584,"path_taken":["M","$","M","M","M","R","M","E","T","$","R","?","R","M","R","BOSS","M","M","?","$","?","R","E"],"build_version":"2018-10-11","purchased_purges":2,"victory":false,"max_hp_per_floor":[78,78,81,84,87,87,90,90,90,90,90,96,96,102,102,102,102,105,105,105,105,105,105,105],"card_choices":[{"not_picked":["Immolate","Bludgeon"],"picked":"Feed","floor":0.0},{"not_picked":["Rage","Intimidate"],"picked":"Feel No Pain","floor":1.0},{"not_picked":["Hemokinesis","Searing Blow"],"picked":"Spot Weakness","floor":3.0},{"not_picked":["Intimidate","Clash","Body Slam"],"picked":"SKIP","floor":4.0},{"not_picked":["Flex","Blood for Blood"],"picked":"True Grit","floor":5.0},{"not_picked":["Sword Boomerang","Perfected Strike"],"picked":"Exhume","floor":7.0},{"not_picked":["Sword Boomerang","Dropkick"],"picked":"Power Through","floor":8.0},{"not_picked":["Perfected Strike","Heavy Blade"],"picked":"True Grit","floor":12.0},{"not_picked":["Dual Wield","Fire Breathing"],"picked":"Warcry","floor":14.0},{"not_picked":["Barricade","Fiend Fire"],"picked":"Demon Form","floor":16},{"not_picked":["True Grit","Infernal Blade+1"],"picked":"Twin Strike","floor":18},{"not_picked":["Thunderclap","Second Wind","Spot Weakness"],"picked":"SKIP","floor":19},{"not_picked":["Dropkick","Perfected Strike"],"picked":"Body Slam+1","floor":22}],"player_experience":1334660,"relics_obtained":[{"floor":8.0,"key":"Anchor"},{"floor":9.0,"key":"Omamori"},{"floor":12.0,"key":"Odd Mushroom"}],"event_choices":[{"event_name":"Mushrooms","player_choice":"Fought Mushrooms","floor":12.0,"damage_taken":0.0},{"event_name":"Addict","player_choice":"Obtained Relic","floor":20,"damage_taken":0}],"is_beta":false,"boss_relics":[{"not_picked":["Runic Cube","Orrery"],"picked":"Velvet Choker"}],"items_purged_floors":[2,10],"is_endless":false,"potions_floor_spawned":[4,5,7,8,12,19,22],"killed_by":"Gremlin Leader","ascension_level":15}