{"gold_per_floor":[118,128,148,102,119,153,153,153,176,206,226,226,0,0,0,95,95,112,112,37,57,68,97,116,41,41,41,66,76,76,96,96,96],"floor_reached":33,"playtime":1825,"items_purged":["Strike_R"],"score":297,"play_id":"333fbe8b-a0d0-41bf-aa36-4529cf4dd872","local_time":"20181101135652","is_ascension_mode":false,"campfire_choices":[{"data":"Anger","floor":7,"key":"SMITH"},{"data":"Shrug It Off","floor":12,"key":"SMITH"},{"floor":15,"key":"REST"},{"data":"Shockwave","floor":30,"key":"SMITH"},{"data":"Disarm","floor":32,"key":"SMITH"}],"neow_cost":"NONE","seed_source_timestamp":1795762699502183,"circlet_count":0,"master_deck":["Strike_R+1","Strike_R+1","Defend_R+1","Defend_R+1","Defend_R+1","Defend_R+1","Bash+1","Clash","Anger+1","Inflame","Shrug It Off","Bloodletting","Shrug It Off+1","Rampage","Reaper","True Grit+1","Clash","Armaments+1","Power Through","Hemokinesis","Disarm+1","Feed","Shockwave+1","Sword Boomerang"],"relics":["Burning Blood","NeowsBlessing","Bronze Scales","Ancient Tea Set","Boot","Juzu Bracelet","Eternal Feather","Bottled Lightning","Nloth\u0027s Gift","Potion Belt"],"potions_floor_usage":[22,23,28,28,28,33,33],"damage_taken":[{"damage":0,"enemies":"Jaw Worm","floor":1,"turns":1},{"damage":0,"enemies":"Small Slimes","floor":2,"turns":1},{"damage":0,"enemies":"2 Louse","floor":3,"turns":1},{"damage":0,"enemies":"Exordium Wildlife","floor":5,"turns":3},{"damage":21,"enemies":"3 Sentries","floor":6,"turns":9},{"damage":28,"enemies":"Gremlin Nob","floor":10,"turns":4},{"damage":16,"enemies":"Red Slaver","floor":11,"turns":2},{"damage":38,"enemies":"The Guardian","floor":16,"turns":8},{"damage":14,"enemies":"Shell Parasite","floor":18,"turns":7},{"damage":6,"enemies":"3 Byrds","floor":21,"turns":3},{"damage":28,"enemies":"Shelled Parasite and Fungi","floor":22,"turns":5},{"damage":53,"enemies":"Book of Stabbing","floor":23,"turns":6},{"damage":4,"enemies":"Centurion and Healer","floor":24,"turns":6},{"damage":43,"enemies":"Slavers","floor":28,"turns":6},{"damage":18,"enemies":"Chosen and Byrds","floor":29,"turns":5},{"damage":6,"enemies":"Snake Plant","floor":31,"turns":4},{"damage":67,"enemies":"Champ","floor":33,"turns":14}],"seed_played":"-3066093024109019358","potions_obtained":[{"floor":5,"key":"SteroidPotion"},{"floor":6,"key":"PowerPotion"},{"floor":11,"key":"Regen Potion"},{"floor":16,"key":"Fruit Juice"},{"floor":22,"key":"SmokeBomb"},{"floor":24,"key":"EntropicBrew"},{"floor":29,"key":"Energy Potion"}],"is_trial":false,"path_per_floor":["M","M","M","?","M","E","R","?","T","E","M","R","$","?","R","B",null,"M","?","?","M","M","E","M","$","T","?","E","M","R","M","R","B"],"character_chosen":"IRONCLAD","items_purchased":["Juzu Bracelet","Disarm"],"campfire_rested":1,"item_purchase_floors":[13,25],"current_hp_per_floor":[80,80,80,80,80,65,65,58,58,36,26,26,26,26,50,18,80,72,72,72,78,61,33,35,35,35,35,28,27,39,39,51,0],"gold":96,"neow_bonus":"THREE_ENEMY_KILL","is_prod":false,"is_daily":false,"chose_seed":false,"campfire_upgraded":4,"win_rate":0.0,"timestamp":1541077012,"path_taken":["M","M","M","?","M","E","R","?","T","E","M","R","$","?","R","BOSS","M","?","?","M","M","E","M","?","T","?","E","M","R","M","R","BOSS"],"build_version":"2018-10-31v2","purchased_purges":1,"victory":false,"max_hp_per_floor":[80,80,80,80,80,80,80,80,80,80,80,80,80,80,80,80,80,80,80,80,80,85,85,85,85,85,85,85,88,88,88,88,88],"card_choices":[{"not_picked":["Thunderclap","Burning Pact"],"picked":"Clash","floor":1},{"not_picked":["Body Slam","Shrug It Off"],"picked":"Anger","floor":2},{"not_picked":["Warcry","Cleave"],"picked":"Inflame","floor":3},{"not_picked":["Carnage","Flex"],"picked":"Shrug It Off","floor":5},{"not_picked":["Thunderclap","Brutality"],"picked":"Bloodletting","floor":6},{"not_picked":["Thunderclap","Rupture"],"picked":"Shrug It Off","floor":10},{"not_picked":["Armaments","Flex"],"picked":"Rampage","floor":11},{"not_picked":["Brutality","Impervious"],"picked":"Reaper","floor":16},{"not_picked":["Cleave","Perfected Strike"],"picked":"True Grit+1","floor":18},{"not_picked":["Warcry","Reckless Charge"],"picked":"Clash","floor":21},{"not_picked":["Infernal Blade","Clothesline"],"picked":"Armaments+1","floor":22},{"not_picked":["Headbutt","Carnage+1"],"picked":"Power Through","floor":23},{"not_picked":["Clothesline","Warcry+1"],"picked":"Hemokinesis","floor":24},{"not_picked":["Corruption","Headbutt"],"picked":"Feed","floor":28},{"not_picked":["Seeing Red+1","True Grit+1"],"picked":"Shockwave","floor":29},{"not_picked":["Rage","Clothesline+1"],"picked":"Sword Boomerang","floor":31}],"player_experience":1166,"relics_obtained":[{"floor":6,"key":"Bronze Scales"},{"floor":9,"key":"Ancient Tea Set"},{"floor":10,"key":"Boot"},{"floor":23,"key":"Vajra"},{"floor":26,"key":"Bottled Lightning"},{"floor":28,"key":"Potion Belt"}],"event_choices":[{"damage_healed":0,"gold_gain":0,"player_choice":"Left Gold","damage_taken":0,"max_hp_gain":0,"max_hp_loss":0,"event_name":"World of Goop","floor":4,"gold_loss":46},{"cards_removed":["Strike_R"],"damage_healed":0,"gold_gain":0,"player_choice":"Card Removal","damage_taken":7,"max_hp_gain":0,"max_hp_loss":0,"event_name":"Golden Wing","floor":8,"gold_loss":0},{"damage_healed":0,"gold_gain":0,"player_choice":"Grow","damage_taken":0,"max_hp_gain":0,"max_hp_loss":0,"event_name":"Living Wall","floor":14,"gold_loss":0,"cards_upgraded":["Bash"]},{"damage_healed":0,"gold_gain":0,"player_choice":"Simplicity","damage_taken":0,"max_hp_gain":0,"max_hp_loss":0,"event_name":"Back to Basics","floor":19,"gold_loss":0,"cards_upgraded":["Strike_R","Strike_R","Strike_R","Defend_R","Defend_R","Defend_R","Defend_R"]},{"cards_removed":["Strike_R"],"damage_healed":0,"gold_gain":0,"player_choice":"Gave Gold","damage_taken":0,"max_hp_gain":0,"max_hp_loss":0,"event_name":"Beggar","floor":20,"gold_loss":75},{"damage_healed":0,"gold_gain":0,"player_choice":"Traded Relic","damage_taken":0,"relics_obtained":["Nloth\u0027s Gift"],"max_hp_gain":0,"max_hp_loss":0,"event_name":"N\u0027loth","floor":27,"relics_lost":["Vajra"],"gold_loss":0}],"is_beta":true,"boss_relics":[{"not_picked":["Cursed Key","Busted Crown"],"picked":"Eternal Feather"}],"items_purged_floors":[13],"is_endless":false,"potions_floor_spawned":[5,6,11,16,22,24,29],"killed_by":"Champ","ascension_level":0}