{"gold_per_floor":[119,134,152,165,165,191,211,240,240,240,240,269,300,317,317,317],"floor_reached":16,"playtime":971,"items_purged":[],"score":314,"play_id":"50fe3a48-458b-49da-93d5-731e449b698c","local_time":"20181204221204","daily_mods":["SealedDeck","DeadlyEvents"],"is_ascension_mode":true,"campfire_choices":[{"data":"Cloak And Dagger","floor":11,"key":"SMITH"},{"data":"Malaise","floor":15,"key":"SMITH"}],"neow_cost":"","seed_source_timestamp":0,"circlet_count":0,"master_deck":["AscendersBane","PiercingWail","Backflip","Sucker Punch","Finisher","Cloak And Dagger","Dagger Spray","Footwork","Flying Knee","Cloak And Dagger+1","Deflect","Escape Plan","Leg Sweep","After Image","Malaise+1","Well Laid Plans"],"relics":["Ring of the Snake","Regal Pillow","Ornamental Fan","FossilizedHelix","Tough Bandages","Ice Cream"],"potions_floor_usage":[6],"damage_taken":[{"damage":0,"enemies":"2 Louse","floor":1,"turns":2},{"damage":0,"enemies":"Small Slimes","floor":2,"turns":3},{"damage":0,"enemies":"Cultist","floor":3,"turns":4},{"damage":0,"enemies":"2 Fungi Beasts","floor":4,"turns":2},{"damage":10,"enemies":"3 Sentries","floor":6,"turns":7},{"damage":0,"enemies":"3 Louse","floor":7,"turns":3},{"damage":6,"enemies":"Lagavulin","floor":8,"turns":10},{"damage":4,"enemies":"3 Sentries","floor":12,"turns":8},{"damage":0,"enemies":"Lagavulin","floor":13,"turns":8},{"damage":0,"enemies":"Looter","floor":14,"turns":4},{"damage":46,"enemies":"Hexaghost","floor":16,"turns":14}],"seed_played":"-749525491656251714","potions_obtained":[{"floor":3,"key":"Dexterity Potion"},{"floor":4,"key":"AttackPotion"},{"floor":7,"key":"EntropicBrew"}],"is_trial":true,"path_per_floor":["M","M","M","M","?","E","M","E","T","?","R","E","E","M","R","B"],"character_chosen":"THE_SILENT","items_purchased":[],"campfire_rested":0,"item_purchase_floors":[],"current_hp_per_floor":[59,59,59,59,59,49,49,43,43,43,43,39,39,39,39,0],"gold":317,"neow_bonus":"","is_prod":false,"is_daily":false,"chose_seed":false,"campfire_upgraded":2,"win_rate":0,"timestamp":1543990324,"path_taken":["M","M","M","M","?","E","M","E","T","?","R","E","?","M","R","BOSS"],"build_version":"2018-11-15","purchased_purges":0,"victory":false,"max_hp_per_floor":[66,66,66,66,66,66,66,66,66,66,66,66,66,66,66,66],"card_choices":[{"not_picked":["Dodge and Roll","Sucker Punch","All Out Attack"],"picked":"SKIP","floor":1},{"not_picked":["Dodge and Roll","Sucker Punch","All Out Attack"],"picked":"SKIP","floor":1},{"not_picked":["Acrobatics","Poisoned Stab","Choke"],"picked":"SKIP","floor":2},{"not_picked":["Footwork","Catalyst"],"picked":"Escape Plan","floor":3},{"not_picked":["Underhanded Strike","Dagger Throw"],"picked":"Leg Sweep","floor":4},{"not_picked":["Cloak And Dagger","Backflip"],"picked":"After Image","floor":6},{"not_picked":["Accuracy","Eviscerate","Dagger Throw"],"picked":"SKIP","floor":7},{"not_picked":["Bane","Predator","Backflip"],"picked":"SKIP","floor":8},{"not_picked":["Tools of the Trade","Dodge and Roll"],"picked":"Malaise","floor":12},{"not_picked":["Acrobatics","Crippling Poison","Dodge and Roll"],"picked":"SKIP","floor":13},{"not_picked":["Slice","Outmaneuver"],"picked":"Well Laid Plans","floor":14}],"player_experience":1725596,"relics_obtained":[{"floor":6,"key":"Regal Pillow"},{"floor":8,"key":"Ornamental Fan"},{"floor":9,"key":"FossilizedHelix"},{"floor":12,"key":"Tough Bandages"},{"floor":13,"key":"Ice Cream"}],"event_choices":[{"damage_healed":0,"gold_gain":0,"player_choice":"Ignored","damage_taken":0,"max_hp_gain":0,"max_hp_loss":0,"event_name":"Liars Game","floor":5,"gold_loss":0},{"damage_healed":0,"gold_gain":0,"player_choice":"Ignored","damage_taken":0,"max_hp_gain":0,"max_hp_loss":0,"event_name":"Transmorgrifier","floor":10,"gold_loss":0}],"is_beta":false,"boss_relics":[],"items_purged_floors":[],"is_endless":false,"potions_floor_spawned":[3,4,7,13],"killed_by":"Hexaghost","ascension_level":20}