{"gold_per_floor":[109,184,184,85,105,137,137,171,171,171,182,182,215,273,273,348,348,363,12,23,23,23,52,52,86,86,106,131,131,14,33,33,111,111,128,30,41,60,111,111,139,139,164,195,211,231,241,61,61,61],"floor_reached":51,"playtime":2332,"items_purged":["Strike_B"],"score":1554,"play_id":"ee76e9fe-00e5-4dcd-b9c3-c9b66192ddb3","local_time":"20190129114119","is_ascension_mode":true,"campfire_choices":[{"data":"Zap","floor":7.0,"key":"SMITH"},{"floor":10.0,"key":"REST"},{"data":"Dualcast","floor":12,"key":"SMITH"},{"data":"Fission","floor":15,"key":"SMITH"},{"floor":24,"key":"REST"},{"floor":29,"key":"REST"},{"data":"Buffer","floor":32,"key":"SMITH"},{"floor":40,"key":"REST"},{"floor":42,"key":"RECALL"},{"floor":49,"key":"REST"}],"neow_cost":"NONE","seed_source_timestamp":12094265358743,"circlet_count":0,"master_deck":["AscendersBane","Strike_B","Strike_B","Defend_B","Defend_B","Defend_B","Defend_B","Zap+1","Dualcast+1","Gash","Gash","Gash","Cold Snap","Undo","Steam","Fission+1","Buffer+1","Gash+1","Defragment","Ball Lightning","Scrape","Self Repair","Go for the Eyes","Conserve Battery","Compile Driver+1","Conserve Battery+1","All For One","Sweeping Beam","Seek","Coolheaded","Coolheaded","Beam Cell+1","Biased Cognition","Gash","Recycle+1","Steam+1","Leap+1","Loop"],"special_seed":0,"relics":["Cracked Core","NeowsBlessing","Mercury Hourglass","Potion Belt","Kunai","PreservedInsect","Blood Vial","Nuclear Battery","Thread and Needle","The Courier","Oddly Smooth Stone","Bag of Preparation","Fusion Hammer","Pocketwatch","Lantern","Art of War","Toxic Egg 2"],"potions_floor_usage":[13,13,20,23,25,38,50,50,50],"damage_taken":[{"damage":0.0,"enemies":"Jaw Worm","floor":1.0,"turns":1.0},{"damage":0.0,"enemies":"2 Louse","floor":5.0,"turns":1.0},{"damage":0.0,"enemies":"Lagavulin","floor":6.0,"turns":1.0},{"damage":31.0,"enemies":"Gremlin Nob","floor":8.0,"turns":4.0},{"damage":0,"enemies":"Cultist","floor":11,"turns":3},{"damage":2,"enemies":"Lagavulin","floor":13,"turns":5},{"damage":0,"enemies":"3 Sentries","floor":14,"turns":5},{"damage":31,"enemies":"The Guardian","floor":16,"turns":11},{"damage":7,"enemies":"2 Thieves","floor":18,"turns":5},{"damage":13,"enemies":"Shell Parasite","floor":20,"turns":5},{"damage":47,"enemies":"Gremlin Leader","floor":23,"turns":6},{"damage":13,"enemies":"Slavers","floor":25,"turns":4},{"damage":8,"enemies":"Snake Plant","floor":27,"turns":5},{"damage":10,"enemies":"Gremlin Leader","floor":28,"turns":5},{"damage":0,"enemies":"Cultist and Chosen","floor":31,"turns":5},{"damage":0,"enemies":"Automaton","floor":33,"turns":9},{"damage":0,"enemies":"3 Shapes","floor":35,"turns":2},{"damage":0,"enemies":"Orb Walker","floor":37,"turns":2},{"damage":0,"enemies":"Transient","floor":38,"turns":5},{"damage":28,"enemies":"2 Orb Walkers","floor":39,"turns":6},{"damage":0,"enemies":"Nemesis","floor":41,"turns":5},{"damage":19,"enemies":"Reptomancer","floor":44,"turns":6},{"damage":0,"enemies":"4 Shapes","floor":45,"turns":3},{"damage":13,"enemies":"Jaw Worm Horde","floor":46,"turns":3},{"damage":0,"enemies":"3 Darklings","floor":47,"turns":6},{"damage":70,"enemies":"Time Eater","floor":50,"turns":14}],"seed_played":"-6646379385029339685","potions_obtained":[{"floor":5.0,"key":"AttackPotion"},{"floor":6.0,"key":"PowerPotion"},{"floor":11,"key":"PowerPotion"},{"floor":16,"key":"SkillPotion"},{"floor":18,"key":"Fire Potion"},{"floor":25,"key":"SteroidPotion"},{"floor":33,"key":"Energy Potion"},{"floor":37,"key":"Weak Potion"},{"floor":39,"key":"Dexterity Potion"}],"is_trial":false,"path_per_floor":["M","?","?","$","M","E","R","E","T","R","M","R","E","?","R","B",null,"M","$","M","?","$","E","R","E","T","M","E","R","$","M","R","B",null,"M","$","M","M","?","R","E","R","T","E","M","M","M","$","R","B",null],"character_chosen":"DEFECT","items_purchased":["Gash","FearPotion","Regen Potion","Defragment","Ball Lightning","Scrape","All For One","Coolheaded","FocusPotion","Steam+1","Leap+1","Regen Potion","Loop"],"campfire_rested":5,"item_purchase_floors":[4,4,19,19,19,19,30,36,36,48,48,48,48],"current_hp_per_floor":[64,53,46,46,46,46,46,15,15,36,36,36,34,34,34,5,55,50,50,39,39,39,16,37,33,33,34,33,54,54,56,56,65,70,71,71,71,71,50,71,71,71,71,59,68,64,71,71,71,23],"gold":61,"neow_bonus":"THREE_ENEMY_KILL","is_prod":false,"is_daily":false,"chose_seed":false,"campfire_upgraded":4,"win_rate":0,"timestamp":1548790879,"path_taken":["M","?","?","$","M","E","R","E","T","R","M","R","E","?","R","BOSS","M","$","M","?","?","E","R","E","T","?","E","R","$","M","R","BOSS","M","$","?","M","?","R","E","R","T","E","M","M","M","$","R","BOSS"],"build_version":"2019-01-23","purchased_purges":1,"victory":true,"max_hp_per_floor":[71,71,71,71,71,71,71,71,71,71,71,71,71,71,71,71,71,71,71,71,71,71,71,71,71,71,71,71,71,71,71,71,71,71,71,71,71,71,71,71,71,71,71,71,71,71,71,71,71,71],"card_choices":[{"not_picked":["Streamline","Rebound"],"picked":"Gash","floor":1.0},{"not_picked":["Reprogram","Heatsinks"],"picked":"Gash","floor":5.0},{"not_picked":["Stack","Sweeping Beam"],"picked":"Cold Snap","floor":6.0},{"not_picked":["Beam Cell","Melter"],"picked":"Undo","floor":8.0},{"not_picked":["Stack","Go for the Eyes"],"picked":"Steam","floor":11},{"not_picked":["Rip and Tear","Hello World"],"picked":"Fission","floor":13},{"not_picked":["Multi-Cast","Seek"],"picked":"Buffer","floor":16},{"not_picked":["Force Field","Go for the Eyes"],"picked":"Gash+1","floor":18},{"not_picked":["Sweeping Beam+1","Conserve Battery"],"picked":"Self Repair","floor":20},{"not_picked":["Doom and Gloom","Hello World"],"picked":"Go for the Eyes","floor":23},{"not_picked":["Ball Lightning","Defragment"],"picked":"Conserve Battery","floor":25},{"not_picked":["Sweeping Beam","Auto Shields+1"],"picked":"Compile Driver+1","floor":27},{"not_picked":["Sunder","Compile Driver"],"picked":"Conserve Battery+1","floor":28},{"not_picked":["Electrodynamics","Go for the Eyes"],"picked":"Sweeping Beam","floor":31},{"not_picked":["Core Surge","Buffer"],"picked":"Seek","floor":33},{"not_picked":["Heatsinks","Steam","Redo"],"picked":"SKIP","floor":35},{"not_picked":["Cold Snap","Scrape"],"picked":"Coolheaded","floor":37},{"not_picked":["Redo+1","Conserve Battery","Lockon+1"],"picked":"SKIP","floor":38},{"not_picked":["Cold Snap+1","Barrage"],"picked":"Beam Cell+1","floor":39},{"not_picked":["Steam Power","Sweeping Beam","Turbo"],"picked":"SKIP","floor":41},{"not_picked":["Auto Shields","Ball Lightning+1"],"picked":"Biased Cognition","floor":44},{"not_picked":["Streamline","Cold Snap"],"picked":"Gash","floor":45},{"not_picked":["Loop","Aggregate+1"],"picked":"Recycle+1","floor":46},{"not_picked":["Go for the Eyes","Gash","Cold Snap"],"picked":"SKIP","floor":47}],"player_experience":2092310,"relics_obtained":[{"floor":6.0,"key":"Mercury Hourglass"},{"floor":8.0,"key":"Potion Belt"},{"floor":9.0,"key":"Kunai"},{"floor":13,"key":"PreservedInsect"},{"floor":14,"key":"Blood Vial"},{"floor":23,"key":"Thread and Needle"},{"floor":25,"key":"The Courier"},{"floor":26,"key":"Oddly Smooth Stone"},{"floor":28,"key":"Bag of Preparation"},{"floor":39,"key":"Pocketwatch"},{"floor":41,"key":"Lantern"},{"floor":43,"key":"Art of War"},{"floor":44,"key":"Toxic Egg 2"}],"event_choices":[{"damage_healed":0.0,"max_hp_gain":0.0,"max_hp_loss":0.0,"gold_gain":75.0,"event_name":"World of Goop","player_choice":"Gather Gold","floor":2.0,"gold_loss":0.0,"damage_taken":11.0},{"cards_removed":["Strike_B"],"damage_healed":0.0,"max_hp_gain":0.0,"max_hp_loss":0.0,"gold_gain":0.0,"event_name":"Golden Wing","player_choice":"Card Removal","floor":3.0,"gold_loss":0.0,"damage_taken":7.0},{"damage_healed":0,"gold_gain":30,"player_choice":"Searched \u00272\u0027 times","damage_taken":0,"max_hp_gain":0,"max_hp_loss":0,"event_name":"Dead Adventurer","floor":14,"gold_loss":0},{"damage_healed":0,"gold_gain":0,"player_choice":"Ignored","damage_taken":0,"max_hp_gain":0,"max_hp_loss":0,"event_name":"Ghosts","floor":21,"gold_loss":0},{"damage_healed":0,"gold_gain":0,"player_choice":"Fight","damage_taken":0,"max_hp_gain":0,"max_hp_loss":0,"event_name":"Mysterious Sphere","floor":39,"gold_loss":0}],"is_beta":false,"boss_relics":[{"not_picked":["Inserter","Snecko Eye"],"picked":"Nuclear Battery"},{"not_picked":["Busted Crown","Sozu"],"picked":"Fusion Hammer"}],"items_purged_floors":[19],"is_endless":false,"potions_floor_spawned":[5,6,11,16,18,25,33,37,39,44,45],"ascension_level":15}