{"gold_per_floor":[113,131,47,60,50,50,63,63,114,114,148,35,69,87,87,160,160,180,95,20,20,35,35,54,389,389,415,425,425,457,469,469,546,546,562,562,562,572,572,43,74,74,74,74,86,116,130,1,1,1],"floor_reached":51,"playtime":1982,"items_purged":["Strike_R","Writhe","Shame"],"score":1388,"play_id":"44ecd913-92e1-423a-adaf-2e9f010df9f9","local_time":"20190311223509","is_ascension_mode":true,"campfire_choices":[{"data":"Body Slam","floor":6.0,"key":"SMITH"},{"data":"True Grit","floor":8.0,"key":"SMITH"},{"data":"Bash","floor":10.0,"key":"SMITH"},{"data":"Disarm","floor":15.0,"key":"SMITH"},{"floor":23.0,"key":"REST"},{"floor":29.0,"key":"REST"},{"data":"Feel No Pain","floor":32.0,"key":"SMITH"},{"floor":42.0,"key":"REST"},{"floor":49.0,"key":"REST"}],"neow_cost":"NONE","seed_source_timestamp":49397994024689,"circlet_count":0,"master_deck":["AscendersBane","Strike_R","Strike_R","Defend_R+1","Defend_R","Defend_R","Defend_R","Bash+1","Carnage","True Grit+1","Feel No Pain+1","Shrug It Off","Shrug It Off","Body Slam+1","Headbutt","Disarm+1","Corruption","Spot Weakness+1","Offering","Whirlwind","Body Slam+1","Pommel Strike+1","Entrench","Exhume","True Grit","Apotheosis","Battle Trance","Uppercut+1","Spot Weakness","True Grit+1","Barricade","Havoc+1","Feel No Pain"],"special_seed":0,"relics":["Burning Blood","Regal Pillow","Pantograph","War Paint","Cursed Key","Anchor","Mercury Hourglass","Old Coin","The Courier","Bronze Scales","Boot","Empty Cage","Shuriken","Oddly Smooth Stone","Whetstone","Bag of Preparation"],"potions_floor_usage":[50],"damage_taken":[{"damage":6.0,"enemies":"Cultist","floor":1.0,"turns":4.0},{"damage":9.0,"enemies":"2 Louse","floor":2.0,"turns":3.0},{"damage":11.0,"enemies":"Small Slimes","floor":4.0,"turns":4.0},{"damage":5.0,"enemies":"Exordium Thugs","floor":5.0,"turns":4.0},{"damage":0.0,"enemies":"Looter","floor":7.0,"turns":3.0},{"damage":1.0,"enemies":"Gremlin Nob","floor":11.0,"turns":3.0},{"damage":7.0,"enemies":"Lagavulin","floor":13.0,"turns":7.0},{"damage":16.0,"enemies":"Lots of Slimes","floor":14.0,"turns":5.0},{"damage":26.0,"enemies":"The Guardian","floor":16.0,"turns":11.0},{"damage":25.0,"enemies":"2 Thieves","floor":18.0,"turns":4.0},{"damage":6.0,"enemies":"Spheric Guardian","floor":22.0,"turns":2.0},{"damage":11.0,"enemies":"Snecko","floor":24.0,"turns":4.0},{"damage":25.0,"enemies":"Slavers","floor":25.0,"turns":2.0},{"damage":7.0,"enemies":"Gremlin Leader","floor":27.0,"turns":5.0},{"damage":23.0,"enemies":"3 Cultists","floor":28.0,"turns":5.0},{"damage":20.0,"enemies":"Book of Stabbing","floor":30.0,"turns":4.0},{"damage":6.0,"enemies":"Centurion and Healer","floor":31.0,"turns":6.0},{"damage":77.0,"enemies":"Collector","floor":33.0,"turns":10.0},{"damage":10.0,"enemies":"Orb Walker","floor":35.0,"turns":4.0},{"damage":19.0,"enemies":"3 Darklings","floor":38.0,"turns":5.0},{"damage":42.0,"enemies":"Giant Head","floor":41.0,"turns":8.0},{"damage":0.0,"enemies":"4 Shapes","floor":45.0,"turns":7.0},{"damage":44.0,"enemies":"Reptomancer","floor":46.0,"turns":5.0},{"damage":13.0,"enemies":"Transient","floor":47.0,"turns":5.0},{"damage":58,"enemies":"Awakened One","floor":50,"turns":10}],"seed_played":"999317420570818591","potions_obtained":[{"floor":0.0,"key":"Fruit Juice"},{"floor":0.0,"key":"Dexterity Potion"},{"floor":5.0,"key":"Fire Potion"},{"floor":11.0,"key":"Energy Potion"},{"floor":22.0,"key":"Block Potion"},{"floor":25.0,"key":"FearPotion"},{"floor":35.0,"key":"Explosive Potion"},{"floor":38.0,"key":"LiquidBronze"},{"floor":46.0,"key":"Fire Potion"}],"is_trial":false,"path_per_floor":["M","M","$","M","M","R","M","R","T","R","E","$","E","M","R","B",null,"M","?","$","?","M","R","M","E","T","E","M","R","E","M","R","B",null,"M","?","?","M","?","$","E","R","T","?","M","E","M","$","R","B",null],"character_chosen":"IRONCLAD","items_purchased":["Feel No Pain","Shrug It Off","Corruption","Spot Weakness","Shuriken","Apotheosis","Battle Trance","Uppercut","Feel No Pain"],"campfire_rested":4,"item_purchase_floors":[3,3,12,12,40,40,40,40,48],"current_hp_per_floor":[73,70,70,65,66,66,72,72,72,72,77,77,76,66,66,60,75,56,56,56,56,56,80,75,56,56,55,38,77,63,63,63,9,62,58,58,58,45,60,60,24,62,62,62,68,30,23,23,61,25],"gold":1,"neow_bonus":"THREE_SMALL_POTIONS","is_prod":false,"is_daily":false,"chose_seed":false,"campfire_upgraded":5,"win_rate":0,"timestamp":1552368909,"path_taken":["M","?","$","M","M","R","M","R","T","R","E","$","E","M","R","BOSS","M","?","$","?","M","R","M","E","T","E","M","R","E","M","R","BOSS","M","?","?","?","?","$","E","R","T","?","?","E","M","$","R","BOSS"],"build_version":"2019-01-23","purchased_purges":3,"victory":true,"max_hp_per_floor":[80,80,80,80,80,80,80,80,80,80,80,80,80,80,80,80,80,80,80,80,80,80,80,80,80,80,80,80,80,80,80,80,80,80,80,80,77,77,77,77,77,77,77,77,77,77,77,77,77,77],"card_choices":[{"not_picked":["Cleave","Second Wind"],"picked":"Carnage","floor":1.0},{"not_picked":["Carnage","Limit Break"],"picked":"True Grit","floor":2.0},{"not_picked":["Havoc","Clash"],"picked":"Shrug It Off","floor":4.0},{"not_picked":["Intimidate","Shockwave"],"picked":"Body Slam","floor":5.0},{"not_picked":["Rupture","Clash"],"picked":"Headbutt","floor":7.0},{"not_picked":["Cleave","Sentinel"],"picked":"Disarm","floor":11.0},{"not_picked":["Perfected Strike","Clash","Cleave"],"picked":"SKIP","floor":13.0},{"not_picked":["Clash","Body Slam","Corruption"],"picked":"SKIP","floor":14.0},{"not_picked":["Barricade","Immolate"],"picked":"Offering","floor":16.0},{"not_picked":["Intimidate","Havoc"],"picked":"Whirlwind","floor":18.0},{"not_picked":["Spot Weakness","Hemokinesis"],"picked":"Body Slam+1","floor":22.0},{"not_picked":["Hemokinesis","Headbutt"],"picked":"Pommel Strike","floor":24.0},{"not_picked":["Whirlwind+1","Headbutt"],"picked":"Entrench","floor":25.0},{"not_picked":["Flex","Inflame","Hemokinesis"],"picked":"SKIP","floor":27.0},{"not_picked":["Blood for Blood+1","Corruption","Cleave"],"picked":"SKIP","floor":28.0},{"not_picked":["Heavy Blade","Cleave","Sword Boomerang"],"picked":"SKIP","floor":30.0},{"not_picked":["Bloodletting","Headbutt","Thunderclap"],"picked":"SKIP","floor":31.0},{"not_picked":["Double Tap","Reaper"],"picked":"Exhume","floor":33.0},{"not_picked":["Havoc","Warcry"],"picked":"True Grit","floor":35.0},{"not_picked":["Flex","Combust+1","Rupture"],"picked":"SKIP","floor":38.0},{"not_picked":["Body Slam","Pummel"],"picked":"Spot Weakness","floor":41.0},{"not_picked":["Sword Boomerang","Spot Weakness"],"picked":"True Grit+1","floor":45.0},{"not_picked":["Uppercut+1","Warcry"],"picked":"Barricade","floor":46.0},{"not_picked":["Hemokinesis","Twin Strike"],"picked":"Havoc+1","floor":47.0}],"player_experience":2340791,"relics_obtained":[{"floor":9.0,"key":"Regal Pillow"},{"floor":11.0,"key":"Pantograph"},{"floor":13.0,"key":"War Paint"},{"floor":25.0,"key":"Old Coin"},{"floor":26.0,"key":"The Courier"},{"floor":27.0,"key":"Bronze Scales"},{"floor":30.0,"key":"Boot"},{"floor":41.0,"key":"Oddly Smooth Stone"},{"floor":43.0,"key":"Whetstone"},{"floor":46.0,"key":"Bag of Preparation"}],"event_choices":[{"damage_healed":0.0,"max_hp_gain":0.0,"max_hp_loss":0.0,"gold_gain":0.0,"event_name":"Addict","player_choice":"Obtained Relic","floor":19.0,"gold_loss":85.0,"damage_taken":0.0,"relics_obtained":["Anchor"]},{"damage_healed":0.0,"max_hp_gain":0.0,"max_hp_loss":0.0,"gold_gain":0.0,"event_name":"WeMeetAgain","player_choice":"Gave Potion","floor":21.0,"gold_loss":0.0,"damage_taken":0.0,"relics_obtained":["Mercury Hourglass"]},{"damage_healed":0.0,"max_hp_gain":0.0,"max_hp_loss":0.0,"gold_gain":0.0,"event_name":"Mysterious Sphere","player_choice":"Ignored","floor":36.0,"gold_loss":0.0,"damage_taken":0.0},{"cards_removed":["Parasite"],"damage_healed":0.0,"max_hp_gain":0.0,"max_hp_loss":0.0,"gold_gain":0.0,"event_name":"Fountain of Cleansing","player_choice":"Removed Curses","floor":37.0,"gold_loss":0.0,"damage_taken":0.0},{"damage_healed":15.0,"max_hp_gain":0.0,"max_hp_loss":0.0,"gold_gain":0.0,"event_name":"Winding Halls","player_choice":"Writhe","floor":39.0,"gold_loss":0.0,"damage_taken":0.0,"cards_obtained":["Writhe"]},{"damage_healed":0.0,"max_hp_gain":0.0,"max_hp_loss":0.0,"gold_gain":0.0,"event_name":"Lab","player_choice":"Got Potions","floor":44.0,"gold_loss":0.0,"damage_taken":0.0}],"is_beta":false,"boss_relics":[{"not_picked":["Black Blood","Philosopher\u0027s Stone"],"picked":"Cursed Key"},{"not_picked":["White Beast Statue","Runic Cube"],"picked":"Empty Cage"}],"items_purged_floors":[20,40,48],"is_endless":false,"potions_floor_spawned":[5,11,14,22,24,25,35,38,45,46],"ascension_level":15}