{"gold_per_floor":[110,125,125,71,71,71,96,96,96,107,121,61,61,76,76,153,153,165,45,59,79,92,92,27,27,27,43,43,43,61,75,75,75],"floor_reached":33,"playtime":1121,"items_purged":["Pain","Defend_R"],"score":448,"play_id":"157b9d67-7944-42d4-b05f-140d26ca1074","local_time":"20181110010602","is_ascension_mode":true,"campfire_choices":[{"data":"Perfected Strike","floor":6,"key":"SMITH"},{"data":"Bash","floor":8,"key":"SMITH"},{"data":"Warcry","floor":13,"key":"SMITH"},{"data":"Intimidate","floor":15,"key":"SMITH"},{"data":"Feed","floor":23,"key":"SMITH"},{"data":"Perfected Strike","floor":29,"key":"SMITH"},{"data":"Metallicize","floor":32,"key":"SMITH"}],"neow_cost":"NONE","seed_source_timestamp":356602772002942,"circlet_count":0,"master_deck":["AscendersBane","Strike_R","Strike_R","Strike_R","Strike_R","Strike_R","Defend_R","Defend_R","Defend_R","Bash+1","True Grit","Wild Strike","Perfected Strike+1","Wild Strike","Warcry+1","Burning Pact","Intimidate+1","Feed+1","Wild Strike","Twin Strike","Headbutt","Shockwave+1","Metallicize+1","Perfected Strike+1","Shame","Twin Strike+1"],"relics":["Burning Blood","Bag of Marbles","WarpedTongs","Ancient Tea Set","The Courier","Sozu","Dodecahedron","Lantern"],"potions_floor_usage":[7,16,16,20],"damage_taken":[{"damage":12,"enemies":"Small Slimes","floor":1,"turns":4},{"damage":13,"enemies":"Jaw Worm","floor":2,"turns":5},{"damage":23,"enemies":"Lagavulin","floor":7,"turns":5},{"damage":2,"enemies":"Cultist","floor":10,"turns":2},{"damage":3,"enemies":"Large Slime","floor":11,"turns":4},{"damage":0,"enemies":"3 Louse","floor":14,"turns":2},{"damage":40,"enemies":"Hexaghost","floor":16,"turns":9},{"damage":11,"enemies":"2 Thieves","floor":18,"turns":3},{"damage":4,"enemies":"3 Byrds","floor":20,"turns":5},{"damage":17,"enemies":"Shelled Parasite and Fungi","floor":21,"turns":5},{"damage":11,"enemies":"Sentry and Sphere","floor":22,"turns":3},{"damage":3,"enemies":"Cultist and Chosen","floor":27,"turns":6},{"damage":16,"enemies":"Centurion and Healer","floor":30,"turns":4},{"damage":7,"enemies":"Snecko","floor":31,"turns":3},{"damage":64,"enemies":"Collector","floor":33,"turns":5}],"seed_played":"6521743939202281507","potions_obtained":[{"floor":1,"key":"EssenceOfSteel"},{"floor":10,"key":"EssenceOfSteel"},{"floor":11,"key":"Poison Potion"},{"floor":16,"key":"Regen Potion"}],"is_trial":false,"path_per_floor":["M","M","?","$","?","R","E","R","T","M","M","$","R","M","R","B",null,"M","$","M","M","M","R","$","?","T","M","?","R","M","M","R","B"],"character_chosen":"IRONCLAD","items_purchased":["Perfected Strike","Twin Strike","Metallicize"],"campfire_rested":0,"item_purchase_floors":[4,19,24],"current_hp_per_floor":[62,55,55,55,55,55,38,38,38,42,45,45,45,51,51,17,61,59,59,75,64,59,59,59,59,59,66,66,66,56,59,59,0],"gold":75,"neow_bonus":"RANDOM_COMMON_RELIC","is_prod":false,"is_daily":false,"chose_seed":false,"campfire_upgraded":7,"win_rate":0,"timestamp":1541808362,"path_taken":["M","M","?","$","?","R","E","R","T","M","M","$","R","M","R","BOSS","M","$","M","M","M","R","$","?","T","M","?","R","M","M","R","BOSS"],"build_version":"2018-11-08","purchased_purges":2,"victory":false,"max_hp_per_floor":[75,75,75,75,75,75,75,75,75,75,75,75,75,75,75,75,75,78,78,78,78,78,78,78,78,78,82,82,82,82,86,86,86],"card_choices":[{"not_picked":["Seeing Red","Anger"],"picked":"True Grit","floor":1},{"not_picked":["Anger","Armaments"],"picked":"Wild Strike","floor":2},{"not_picked":["True Grit","Armaments"],"picked":"Wild Strike","floor":7},{"not_picked":["True Grit","Sever Soul"],"picked":"Warcry","floor":10},{"not_picked":["Rampage","Entrench"],"picked":"Burning Pact","floor":11},{"not_picked":["Armaments","Rupture"],"picked":"Intimidate","floor":14},{"not_picked":["Dark Embrace","Barricade"],"picked":"Feed","floor":16},{"not_picked":["Infernal Blade","True Grit"],"picked":"Wild Strike","floor":18},{"not_picked":["Searing Blow","Anger","True Grit"],"picked":"SKIP","floor":20},{"not_picked":["Warcry","Whirlwind"],"picked":"Headbutt","floor":21},{"not_picked":["Wild Strike","Dropkick"],"picked":"Shockwave+1","floor":22},{"not_picked":["Headbutt","Metallicize"],"picked":"Perfected Strike","floor":27},{"not_picked":["Fire Breathing","Thunderclap","Flex+1"],"picked":"SKIP","floor":30},{"not_picked":["True Grit","Warcry"],"picked":"Twin Strike+1","floor":31}],"player_experience":323603,"relics_obtained":[{"floor":7,"key":"Ancient Tea Set"},{"floor":9,"key":"The Courier"},{"floor":26,"key":"Dodecahedron"}],"event_choices":[{"damage_healed":0,"gold_gain":0,"player_choice":"Leave","damage_taken":0,"max_hp_gain":0,"max_hp_loss":0,"event_name":"The Cleric","floor":3,"gold_loss":0},{"damage_healed":0,"gold_gain":0,"player_choice":"Rummage","damage_taken":0,"relics_obtained":["WarpedTongs"],"max_hp_gain":0,"max_hp_loss":0,"event_name":"Accursed Blacksmith","floor":5,"gold_loss":0,"cards_obtained":["Pain"]},{"damage_healed":0,"gold_gain":0,"player_choice":"Ignored","damage_taken":0,"max_hp_gain":0,"max_hp_loss":0,"event_name":"Vampires","floor":25,"gold_loss":0},{"damage_healed":0,"gold_gain":0,"player_choice":"Stole Relic","damage_taken":0,"relics_obtained":["Lantern"],"max_hp_gain":0,"max_hp_loss":0,"event_name":"Addict","floor":28,"gold_loss":0,"cards_obtained":["Shame"]}],"is_beta":false,"boss_relics":[{"not_picked":["Calling Bell","Snecko Eye"],"picked":"Sozu"}],"items_purged_floors":[12,19],"is_endless":false,"potions_floor_spawned":[1,10,11,14,16,20,21,27],"killed_by":"Collector","ascension_level":16}