{"gold_per_floor":[117,87,99,113,388,388,413,424,424,384],"floor_reached":10,"playtime":319,"items_purged":[],"score":136,"play_id":"a56c557d-bee8-467b-a949-461510e3e240","local_time":"20190407163519","is_ascension_mode":true,"campfire_choices":[{"data":"Dagger Spray","floor":6.0,"key":"SMITH"}],"neow_cost":"NONE","seed_source_timestamp":18048386663300,"circlet_count":0,"master_deck":["AscendersBane","Defend_G","Defend_G","Defend_G","Defend_G","Defend_G","Strike_G","Strike_G","Strike_G","Strike_G","Strike_G","Survivor","Neutralize","Dagger Spray+1","Blade Dance","Regret","Well Laid Plans"],"special_seed":0,"relics":["Busted Crown","Happy Flower","Frozen Egg 2"],"potions_floor_usage":[10],"damage_taken":[{"damage":11.0,"enemies":"Jaw Worm","floor":1.0,"turns":6.0},{"damage":1.0,"enemies":"Cultist","floor":3.0,"turns":4.0},{"damage":5.0,"enemies":"Small Slimes","floor":4.0,"turns":4.0},{"damage":23.0,"enemies":"Gremlin Nob","floor":7.0,"turns":4.0},{"damage":15,"enemies":"Gremlin Gang","floor":8,"turns":5},{"damage":4,"enemies":"Looter","floor":10,"turns":3}],"seed_played":"2701304994672497837","potions_obtained":[{"floor":2.0,"key":"EntropicBrew"},{"floor":2.0,"key":"PowerPotion"},{"floor":7.0,"key":"Weak Potion"}],"is_trial":false,"path_per_floor":["M","?","M","M","?","R","E","M","T","M"],"character_chosen":"THE_SILENT","items_purchased":[],"campfire_rested":0,"item_purchase_floors":[],"current_hp_per_floor":[48,48,47,42,42,42,19,4,4,0],"gold":384,"neow_bonus":"BOSS_RELIC","is_prod":false,"is_daily":false,"chose_seed":false,"campfire_upgraded":1,"win_rate":0,"timestamp":1554626119,"path_taken":["M","?","M","?","?","R","E","M","T","?"],"build_version":"2019-04-04","purchased_purges":0,"victory":false,"max_hp_per_floor":[66,66,66,66,66,66,66,66,66,66],"card_choices":[{"not_picked":[],"picked":"Dagger Spray","floor":1.0},{"not_picked":[],"picked":"Blade Dance","floor":3.0},{"not_picked":["Dagger Throw"],"picked":"SKIP","floor":4.0},{"not_picked":["Masterful Stab"],"picked":"SKIP","floor":7.0},{"not_picked":["Masterful Stab"],"picked":"SKIP","floor":7.0},{"not_picked":[],"picked":"Well Laid Plans","floor":8}],"player_experience":1336423,"relics_obtained":[{"floor":7.0,"key":"Happy Flower"},{"floor":9,"key":"Frozen Egg 2"}],"event_choices":[{"damage_healed":0.0,"max_hp_gain":0.0,"max_hp_loss":0.0,"gold_gain":0.0,"event_name":"The Woman in Blue","player_choice":"Bought 2 Potions","floor":2.0,"gold_loss":0.0,"damage_taken":0.0},{"damage_healed":0.0,"max_hp_gain":0.0,"max_hp_loss":0.0,"gold_gain":275.0,"event_name":"Golden Shrine","player_choice":"Desecrate","floor":5.0,"gold_loss":0.0,"damage_taken":0.0,"cards_obtained":["Regret"]}],"is_beta":true,"boss_relics":[],"items_purged_floors":[],"is_endless":false,"potions_floor_spawned":[3,7],"killed_by":"Looter","ascension_level":20}