{"gold_per_floor":[119,81,93,15,27,27,27,27,27,104,69,84,84,119,119,119],"floor_reached":16,"playtime":397,"items_purged":[],"score":123,"play_id":"3ea11077-cfd5-43d8-af8d-d69d308fe871","local_time":"20181216153215","is_ascension_mode":false,"campfire_choices":[{"data":"Zap","floor":6.0,"key":"SMITH"},{"data":"Defragment","floor":8.0,"key":"SMITH"},{"data":"Glacier","floor":13,"key":"SMITH"},{"data":"Rainbow","floor":15,"key":"SMITH"}],"neow_cost":"NONE","seed_source_timestamp":25591393275780,"circlet_count":0,"master_deck":["Zap+1","Dualcast","Self Repair","Defragment+1","Buffer","Genetic Algorithm","Steam Power","Gash","Multi-Cast","Redo","Sweeping Beam","Doom and Gloom","Compile Driver","FTL","Coolheaded","Hello World","Glacier+1","Rainbow+1"],"special_seed":0,"relics":["Pandora\u0027s Box","Boot"],"potions_floor_usage":[14],"damage_taken":[{"damage":24.0,"enemies":"Small Slimes","floor":1.0,"turns":4.0},{"damage":8.0,"enemies":"2 Louse","floor":3.0,"turns":2.0},{"damage":13.0,"enemies":"Jaw Worm","floor":5.0,"turns":4.0},{"damage":8.0,"enemies":"Exordium Thugs","floor":12.0,"turns":5.0},{"damage":0,"enemies":"3 Sentries","floor":14,"turns":7},{"damage":0,"enemies":"Hexaghost","floor":16,"turns":1}],"seed_played":"5895225288980152797","potions_obtained":[{"floor":3.0,"key":"PowerPotion"},{"floor":12.0,"key":"SteroidPotion"}],"is_trial":false,"path_per_floor":["M","$","M","$","M","R","?","R","T","?","$","M","R","E","R","B"],"character_chosen":"DEFECT","items_purchased":["Doom and Gloom","FTL","Hello World"],"campfire_rested":0,"item_purchase_floors":[2,4,11],"current_hp_per_floor":[58,58,57,57,51,51,51,51,51,51,51,50,50,57,57,57],"gold":119,"neow_bonus":"BOSS_RELIC","is_prod":false,"is_daily":false,"chose_seed":false,"campfire_upgraded":4,"win_rate":0,"timestamp":1545003135,"path_taken":["M","$","M","$","M","R","?","R","T","?","$","M","R","E","R","BOSS"],"build_version":"2018-12-13","purchased_purges":0,"victory":false,"max_hp_per_floor":[75,75,75,75,75,75,75,75,75,75,75,75,75,75,75,75],"card_choices":[{"not_picked":["Leap","Hologram"],"picked":"Sweeping Beam","floor":1.0},{"not_picked":["Scrape","Steam"],"picked":"Compile Driver","floor":3.0},{"not_picked":["Doom and Gloom","Reboot"],"picked":"Coolheaded","floor":5.0},{"not_picked":["Compile Driver","Rebound"],"picked":"Glacier","floor":12.0},{"not_picked":["Reinforced Body","Steam"],"picked":"Rainbow","floor":14}],"player_experience":1830325,"relics_obtained":[],"event_choices":[{"damage_healed":0.0,"max_hp_gain":0.0,"max_hp_loss":0.0,"gold_gain":0.0,"event_name":"Dead Adventurer","player_choice":"Searched \u00271\u0027 times","floor":7.0,"gold_loss":0.0,"damage_taken":0.0,"relics_obtained":["Boot"]},{"damage_healed":0.0,"max_hp_gain":0.0,"max_hp_loss":0.0,"gold_gain":77.0,"event_name":"Golden Wing","player_choice":"Gained Gold","floor":10.0,"gold_loss":0.0,"damage_taken":0.0}],"is_beta":false,"boss_relics":[],"items_purged_floors":[],"is_endless":false,"potions_floor_spawned":[3,12],"killed_by":"Hexaghost","ascension_level":0}