{"gold_per_floor":[114,13,13,13,25,25,54,54,101,120,152,52,130,162,162,234,264,277,277,277,95,110,110,126,153,153,153,187,187,41,41,41,120,120,139,139,152,163,182,216,246,271,271,299,299,324,349,375,375,375,375,375,375,109,140,140],"floor_reached":57,"playtime":3961,"items_purged":["Strike_B","Strike_B","Normality","Defend_B"],"score":3760,"play_id":"c775580b-ad43-44a1-b348-d37d40175a62","local_time":"20190428000140","is_ascension_mode":true,"campfire_choices":[{"data":"Barrage","floor":6.0,"key":"SMITH"},{"data":"Zap","floor":8.0,"key":"SMITH"},{"floor":15.0,"key":"REST"},{"data":"Biased Cognition","floor":23.0,"key":"SMITH"},{"data":"Coolheaded","floor":32.0,"key":"SMITH"},{"floor":49.0,"key":"RECALL"},{"data":"Turbo","floor":53,"key":"SMITH"}],"neow_cost":"TEN_PERCENT_HP_LOSS","seed_source_timestamp":13682205823300,"circlet_count":0,"master_deck":["AscendersBane","Zap+1","Dualcast","Undo","Coolheaded+1","Barrage+1","Beam Cell","Turbo+1","Biased Cognition+1","Regret","Clumsy","Hologram+1","Undo+1","FTL","Seek+1","Shame","White Noise+1","Turbo+1","Bandage Up+1","Fission+1","Skim+1","Undo+1","Darkness+1","Stack+1","Chill+1","Turbo+1","Hologram+1","Steam Power+1"],"special_seed":0,"relics":["Cracked Core","Torii","Strawberry","Bag of Preparation","Dead Branch","Pantograph","Kunai","Calling Bell","Tiny Chest","Toxic Egg 2","Calipers","WingedGreaves","Blue Candle","Omamori","Art of War","Orrery","Vajra","Sundial","Blood Vial","Mummified Hand","Smiling Mask","Prayer Wheel","Letter Opener","Cables"],"potions_floor_usage":[55,56],"damage_taken":[{"damage":1.0,"enemies":"Small Slimes","floor":1.0,"turns":3.0},{"damage":7.0,"enemies":"Jaw Worm","floor":5.0,"turns":4.0},{"damage":21.0,"enemies":"Lagavulin","floor":7.0,"turns":9.0},{"damage":0.0,"enemies":"Cultist","floor":10.0,"turns":3.0},{"damage":25.0,"enemies":"Gremlin Nob","floor":11.0,"turns":4.0},{"damage":8.0,"enemies":"3 Sentries","floor":14.0,"turns":6.0},{"damage":0.0,"enemies":"The Guardian","floor":16.0,"turns":12.0},{"damage":11.0,"enemies":"Shell Parasite","floor":18.0,"turns":6.0},{"damage":4.0,"enemies":"Spheric Guardian","floor":22.0,"turns":4.0},{"damage":5.0,"enemies":"Snake Plant","floor":24.0,"turns":3.0},{"damage":2.0,"enemies":"Gremlin Leader","floor":25.0,"turns":7.0},{"damage":13.0,"enemies":"Slavers","floor":28.0,"turns":5.0},{"damage":2.0,"enemies":"Collector","floor":33.0,"turns":8.0},{"damage":2.0,"enemies":"Orb Walker","floor":35.0,"turns":2.0},{"damage":2.0,"enemies":"3 Shapes","floor":37.0,"turns":3.0},{"damage":3.0,"enemies":"Transient","floor":38.0,"turns":6.0},{"damage":3.0,"enemies":"Jaw Worm Horde","floor":39.0,"turns":3.0},{"damage":3.0,"enemies":"Giant Head","floor":40.0,"turns":3.0},{"damage":3.0,"enemies":"Nemesis","floor":41.0,"turns":7.0},{"damage":2.0,"enemies":"Giant Head","floor":42.0,"turns":9.0},{"damage":2.0,"enemies":"Reptomancer","floor":44.0,"turns":3.0},{"damage":3.0,"enemies":"Giant Head","floor":47.0,"turns":2.0},{"damage":4.0,"enemies":"Nemesis","floor":48.0,"turns":5.0},{"damage":3,"enemies":"Time Eater","floor":50,"turns":5},{"damage":4,"enemies":"Donu and Deca","floor":51,"turns":11},{"damage":3,"enemies":"Shield and Spear","floor":55,"turns":4},{"damage":56,"enemies":"The Heart","floor":56,"turns":10}],"seed_played":"6961118853626900674","potions_obtained":[{"floor":5.0,"key":"SteroidPotion"},{"floor":7.0,"key":"FocusPotion"},{"floor":14.0,"key":"SkillPotion"},{"floor":16.0,"key":"Block Potion"},{"floor":24.0,"key":"GamblersBrew"},{"floor":25.0,"key":"Ancient Potion"},{"floor":35.0,"key":"SteroidPotion"},{"floor":40.0,"key":"FocusPotion"},{"floor":42.0,"key":"LiquidBronze"}],"is_trial":false,"path_per_floor":["M","$","?","?","M","R","E","R","T","M","E","$","T","E","R","B",null,"M","?","?","$","M","R","M","E","T","?","E","?","$","?","R","B",null,"M","?","M","M","M","E","E","E","T","E","T","T","E","E","R","B","B",null,"R","$","E","B",null],"character_chosen":"DEFECT","items_purchased":["Coolheaded","Swift Potion","Turbo+1","Bandage Up+1","Ancient Potion","Hologram+1","GamblersBrew"],"campfire_rested":1,"item_purchase_floors":[2,21,30,30,54,54,54],"current_hp_per_floor":[63,63,63,56,49,49,35,35,35,35,10,10,10,2,23,48,65,54,54,54,54,50,50,45,43,43,43,30,30,30,30,30,59,68,70,70,70,71,71,71,70,71,71,71,71,71,71,71,71,70,71,71,71,71,71,21],"gold":140,"neow_bonus":"ONE_RARE_RELIC","is_prod":false,"is_daily":false,"chose_seed":false,"campfire_upgraded":5,"win_rate":0,"timestamp":1556380900,"path_taken":["M","$","?","?","M","R","E","R","T","M","E","$","?","E","R","BOSS","M","?","?","$","?","R","M","E","T","?","E","?","?","?","R","BOSS","M","?","M","M","M","E","E","E","T","E","?","?","E","E","R","BOSS","BOSS","R","$","E","BOSS"],"build_version":"2019-04-23","purchased_purges":4,"victory":true,"max_hp_per_floor":[64,64,64,64,64,64,71,71,71,71,71,71,71,71,71,71,71,71,71,71,71,71,71,71,71,71,71,71,71,71,71,71,71,71,71,71,71,71,71,71,71,71,71,71,71,71,71,71,71,71,71,71,71,71,71,71],"card_choices":[{"not_picked":["Stack","Force Field"],"picked":"Undo","floor":1.0},{"not_picked":["Doom and Gloom","Go for the Eyes"],"picked":"Barrage","floor":5.0},{"not_picked":["Steam Power","Redo","Sweeping Beam"],"picked":"SKIP","floor":7.0},{"not_picked":["Compile Driver","Ball Lightning"],"picked":"Beam Cell","floor":10.0},{"not_picked":["Barrage","Stack","Reprogram"],"picked":"SKIP","floor":11.0},{"not_picked":["Loop","Lockon"],"picked":"Turbo","floor":14.0},{"not_picked":["Reboot","Thunder Strike"],"picked":"Biased Cognition","floor":16.0},{"not_picked":["Chaos+1","Leap+1"],"picked":"Hologram+1","floor":18.0},{"not_picked":["Sweeping Beam","Steam+1","Compile Driver+1"],"picked":"SKIP","floor":22.0},{"not_picked":["Sweeping Beam","Steam+1","Compile Driver+1"],"picked":"SKIP","floor":22.0},{"not_picked":["Compile Driver","Lockon","Leap+1"],"picked":"SKIP","floor":24.0},{"not_picked":["Rebound","Sweeping Beam","Gash"],"picked":"SKIP","floor":25.0},{"not_picked":["Streamline","Aggregate+1"],"picked":"White Noise+1","floor":28.0},{"not_picked":["Amplify+1","Machine Learning"],"picked":"Fission+1","floor":33.0},{"not_picked":["Coolheaded+1","Gash"],"picked":"Skim+1","floor":34.0},{"not_picked":["FTL","Rebound"],"picked":"Undo+1","floor":34.0},{"not_picked":["Static Discharge","Hello World","Doom and Gloom+1"],"picked":"SKIP","floor":35.0},{"not_picked":["Gash","Redo+1","Ball Lightning"],"picked":"SKIP","floor":37.0},{"not_picked":["Streamline+1","Sweeping Beam"],"picked":"Darkness+1","floor":38.0},{"not_picked":["Stack+1","Genetic Algorithm+1","Ball Lightning"],"picked":"SKIP","floor":39.0},{"not_picked":["Genetic Algorithm+1","Ball Lightning"],"picked":"Stack+1","floor":39.0},{"not_picked":["FTL","Compile Driver"],"picked":"Chill+1","floor":40.0},{"not_picked":["Beam Cell","Static Discharge","Leap+1"],"picked":"SKIP","floor":41.0},{"not_picked":["Streamline","Auto Shields+1","Leap+1"],"picked":"SKIP","floor":42.0},{"not_picked":["Barrage+1","Turbo+1","BootSequence+1"],"picked":"SKIP","floor":44.0},{"not_picked":["Barrage+1","BootSequence+1"],"picked":"Turbo+1","floor":44.0},{"not_picked":["Rebound","Buffer","Chill+1"],"picked":"SKIP","floor":47.0},{"not_picked":["Rebound","Compile Driver","Stack+1"],"picked":"SKIP","floor":48.0},{"not_picked":["Rebound","Stack+1"],"picked":"Steam Power+1","floor":55}],"player_experience":1406356,"relics_obtained":[{"floor":7.0,"key":"Strawberry"},{"floor":9.0,"key":"Bag of Preparation"},{"floor":11.0,"key":"Dead Branch"},{"floor":13.0,"key":"Pantograph"},{"floor":14.0,"key":"Kunai"},{"floor":17.0,"key":"Tiny Chest"},{"floor":17.0,"key":"Toxic Egg 2"},{"floor":17.0,"key":"Calipers"},{"floor":25.0,"key":"WingedGreaves"},{"floor":26.0,"key":"Blue Candle"},{"floor":28.0,"key":"Art of War"},{"floor":40.0,"key":"Vajra"},{"floor":41.0,"key":"Sundial"},{"floor":44.0,"key":"Blood Vial"},{"floor":45.0,"key":"Mummified Hand"},{"floor":46.0,"key":"Smiling Mask"},{"floor":47.0,"key":"Prayer Wheel"},{"floor":48.0,"key":"Letter Opener"},{"floor":55,"key":"Cables"}],"event_choices":[{"damage_healed":0.0,"max_hp_gain":0.0,"max_hp_loss":0.0,"gold_gain":0.0,"event_name":"Liars Game","player_choice":"Ignored","floor":3.0,"gold_loss":0.0,"damage_taken":0.0},{"cards_removed":["Defend_B"],"damage_healed":0.0,"max_hp_gain":0.0,"max_hp_loss":0.0,"gold_gain":0.0,"event_name":"Golden Wing","player_choice":"Card Removal","floor":4.0,"gold_loss":0.0,"damage_taken":7.0},{"damage_healed":0.0,"max_hp_gain":0.0,"max_hp_loss":0.0,"gold_gain":0.0,"cards_transformed":["Strike_B","Strike_B"],"event_name":"Drug Dealer","player_choice":"Became Test Subject","floor":19.0,"gold_loss":0.0,"damage_taken":0.0,"cards_obtained":["Undo","FTL"]},{"damage_healed":0.0,"max_hp_gain":0.0,"max_hp_loss":0.0,"gold_gain":0.0,"cards_transformed":["Defend_B"],"event_name":"Transmorgrifier","player_choice":"Transformed","floor":20.0,"gold_loss":0.0,"damage_taken":0.0,"cards_obtained":["Seek"]},{"damage_healed":0.0,"max_hp_gain":0.0,"max_hp_loss":0.0,"gold_gain":0.0,"event_name":"Addict","player_choice":"Stole Relic","floor":27.0,"gold_loss":0.0,"damage_taken":0.0,"relics_obtained":["Omamori"],"cards_obtained":["Shame"]},{"cards_removed":["Defend_B"],"damage_healed":0.0,"max_hp_gain":0.0,"max_hp_loss":0.0,"gold_gain":0.0,"event_name":"Back to Basics","player_choice":"Elegance","floor":29.0,"gold_loss":0.0,"damage_taken":0.0},{"damage_healed":0.0,"max_hp_gain":0.0,"max_hp_loss":0.0,"gold_gain":0.0,"event_name":"Beggar","player_choice":"Ignored","floor":31.0,"gold_loss":0.0,"damage_taken":0.0},{"damage_healed":0.0,"max_hp_gain":0.0,"max_hp_loss":0.0,"gold_gain":0.0,"event_name":"Tomb of Lord Red Mask","player_choice":"Ignored","floor":36.0,"gold_loss":0.0,"damage_taken":0.0}],"is_beta":true,"boss_relics":[{"not_picked":["Nuclear Battery","Inserter"],"picked":"Calling Bell"},{"not_picked":["Runic Pyramid","White Beast Statue"],"picked":"Orrery"}],"items_purged_floors":[2,12,21,54],"is_endless":false,"potions_floor_spawned":[5,7,14,16,24,25,35,40,42,47],"ascension_level":20}