{"gold_per_floor":[119,134,134,152,152,152,181,181,181,201,221,251,267,295,295,373,373,390,408,418,468,568,568,601,601,626,655,655,674,708,396,396,473,473,488,438,457,294,307,338,338,370,422,438,438,438,467,20,20,20,20,20,20,49,49],"floor_reached":56,"playtime":2978,"items_purged":["Multi-Cast","Writhe"],"score":2282,"play_id":"2270c974-df97-48c7-9f08-2089354e8044","local_time":"20181216100946","is_ascension_mode":true,"campfire_choices":[{"data":"Zap","floor":6.0,"key":"SMITH"},{"data":"Dualcast","floor":8.0,"key":"SMITH"},{"data":"Defragment","floor":15.0,"key":"SMITH"},{"data":"Biased Cognition","floor":23.0,"key":"SMITH"},{"floor":25.0,"key":"REST"},{"data":"Loop","floor":28.0,"key":"SMITH"},{"data":"Capacitor","floor":32.0,"key":"SMITH"},{"floor":41.0,"key":"REST"},{"floor":49.0,"key":"RECALL"},{"floor":52.0,"key":"REST"}],"neow_cost":"NONE","seed_source_timestamp":3145301924074,"circlet_count":0,"master_deck":["AscendersBane","Zap+1","Dualcast+1","Defragment+1","Ball Lightning","Self Repair","Ball Lightning","Ball Lightning","Cold Snap","FTL","Rainbow","Biased Cognition+1","Aggregate+1","Creative AI","Loop+1","Blizzard","Chill","Electrodynamics","Leap+1","Steam+1","Core Surge","Chill+1","Capacitor+1","Genetic Algorithm+1","Buffer","Hologram+1","Conserve Battery+1","BootSequence+1","Coolheaded+1","Biased Cognition+1","Steam+1"],"special_seed":0,"relics":["Cracked Core","Regal Pillow","Gambling Chip","Cables","Meat on the Bone","Question Card","Pandora\u0027s Box","Unceasing Top","Ornamental Fan","Pear","War Paint","The Courier","Mango","Toxic Egg 2","Fusion Hammer","Membership Card","Bottled Lightning","Darkstone Periapt","Bag of Preparation","DollysMirror","Letter Opener","Incense Burner","Mummified Hand","Turnip"],"potions_floor_usage":[55,55],"damage_taken":[{"damage":1.0,"enemies":"Cultist","floor":1.0,"turns":4.0},{"damage":3.0,"enemies":"Small Slimes","floor":2.0,"turns":3.0},{"damage":2.0,"enemies":"Jaw Worm","floor":4.0,"turns":3.0},{"damage":30.0,"enemies":"Lagavulin","floor":7.0,"turns":7.0},{"damage":2.0,"enemies":"Looter","floor":10.0,"turns":3.0},{"damage":16.0,"enemies":"Lots of Slimes","floor":11.0,"turns":3.0},{"damage":30.0,"enemies":"3 Sentries","floor":12.0,"turns":5.0},{"damage":0.0,"enemies":"Blue Slaver","floor":13.0,"turns":2.0},{"damage":13.0,"enemies":"Lagavulin","floor":14.0,"turns":6.0},{"damage":9.0,"enemies":"Hexaghost","floor":16.0,"turns":7.0},{"damage":17.0,"enemies":"2 Thieves","floor":18.0,"turns":3.0},{"damage":1.0,"enemies":"Chosen","floor":19.0,"turns":4.0},{"damage":14.0,"enemies":"Sentry and Sphere","floor":20.0,"turns":3.0},{"damage":4.0,"enemies":"Colosseum Slavers","floor":22.0,"turns":3.0},{"damage":0.0,"enemies":"Colosseum Nobs","floor":22.0,"turns":2.0},{"damage":9.0,"enemies":"Book of Stabbing","floor":24.0,"turns":6.0},{"damage":2.0,"enemies":"Slavers","floor":27.0,"turns":3.0},{"damage":0.0,"enemies":"Snake Plant","floor":29.0,"turns":3.0},{"damage":8.0,"enemies":"Book of Stabbing","floor":30.0,"turns":4.0},{"damage":0.0,"enemies":"Collector","floor":33.0,"turns":8.0},{"damage":1.0,"enemies":"3 Darklings","floor":35.0,"turns":3.0},{"damage":0.0,"enemies":"3 Shapes","floor":37.0,"turns":4.0},{"damage":39.0,"enemies":"Writhing Mass","floor":39.0,"turns":7.0},{"damage":21.0,"enemies":"Giant Head","floor":40.0,"turns":11.0},{"damage":9.0,"enemies":"Reptomancer","floor":42.0,"turns":6.0},{"damage":0.0,"enemies":"Sphere and 2 Shapes","floor":44.0,"turns":4.0},{"damage":11.0,"enemies":"Nemesis","floor":47.0,"turns":7.0},{"damage":47.0,"enemies":"Time Eater","floor":50.0,"turns":13.0},{"damage":0.0,"enemies":"Shield and Spear","floor":54.0,"turns":4.0},{"damage":15,"enemies":"The Heart","floor":55,"turns":8}],"seed_played":"4070203613921194006","potions_obtained":[{"floor":4.0,"key":"Weak Potion"},{"floor":7.0,"key":"EssenceOfSteel"},{"floor":16.0,"key":"Dexterity Potion"},{"floor":20.0,"key":"Energy Potion"},{"floor":24.0,"key":"SkillPotion"},{"floor":29.0,"key":"Ancient Potion"}],"is_trial":false,"path_per_floor":["M","M","T","M","?","R","E","R","T","M","M","E","M","E","R","B",null,"M","M","M","?","?","R","E","R","T","E","R","M","E","$","R","B",null,"M","?","M","$","M","E","R","E","T","M","?","?","E","$","R","B",null,"R","$","E","B",null],"character_chosen":"DEFECT","items_purchased":["Toxic Egg 2","FocusPotion","Membership Card","DollysMirror","Letter Opener","Incense Burner","Mummified Hand"],"campfire_rested":3,"item_purchase_floors":[31,31,38,48,48,48,48],"current_hp_per_floor":[70,67,67,65,65,65,42,42,42,47,38,15,27,33,33,43,69,59,65,58,58,54,54,55,88,88,88,88,88,101,101,101,102,102,101,101,102,102,70,68,102,93,93,93,93,108,104,104,104,64,97,108,108,108,100],"gold":49,"neow_bonus":"TEN_PERCENT_HP_BONUS","is_prod":false,"is_daily":false,"chose_seed":false,"campfire_upgraded":6,"win_rate":0,"timestamp":1544983786,"path_taken":["M","M","?","M","?","R","E","R","T","M","M","E","M","E","R","BOSS","M","M","M","?","?","R","E","R","T","E","R","M","E","$","R","BOSS","M","?","M","$","?","E","R","E","T","M","?","?","E","$","R","BOSS","R","$","E","BOSS"],"build_version":"2018-12-13","purchased_purges":2,"victory":true,"max_hp_per_floor":[78,78,78,78,78,78,78,78,78,78,78,78,78,78,78,78,78,78,78,78,78,78,78,88,88,88,88,88,88,102,102,102,102,102,102,102,102,102,102,102,102,102,102,102,102,108,108,108,108,108,108,108,108,108,108],"card_choices":[{"not_picked":["Leap","Hello World"],"picked":"Defragment","floor":1.0},{"not_picked":["Stack","Fusion"],"picked":"Ball Lightning","floor":2.0},{"not_picked":["Blizzard","Steam Power"],"picked":"Self Repair","floor":4.0},{"not_picked":["Self Repair","Beam Cell"],"picked":"Ball Lightning","floor":7.0},{"not_picked":["Scrape","Aggregate"],"picked":"Ball Lightning","floor":10.0},{"not_picked":["Rebound","Turbo","Chaos"],"picked":"SKIP","floor":11.0},{"not_picked":["Melter","Doom and Gloom"],"picked":"Cold Snap","floor":12.0},{"not_picked":["Hologram","Blizzard","Skim"],"picked":"SKIP","floor":13.0},{"not_picked":["Turbo","Thunder Strike"],"picked":"FTL","floor":14.0},{"not_picked":["Amplify","Buffer","Seek"],"picked":"Rainbow","floor":16.0},{"not_picked":["Ball Lightning","Rip and Tear","Defragment"],"picked":"Leap","floor":18.0},{"not_picked":["Self Repair","Hologram","Redo","Rebound"],"picked":"SKIP","floor":19.0},{"not_picked":["Go for the Eyes","Sweeping Beam","Reinforced Body"],"picked":"Steam","floor":20.0},{"not_picked":["Redo","Coolheaded","Auto Shields"],"picked":"Core Surge","floor":22.0},{"not_picked":["Sweeping Beam","Beam Cell+1","Barrage"],"picked":"Chill+1","floor":24.0},{"not_picked":["Sweeping Beam","Storm","Beam Cell","White Noise"],"picked":"SKIP","floor":27.0},{"not_picked":["Ball Lightning+1","Go for the Eyes","Stack"],"picked":"Capacitor","floor":29.0},{"not_picked":["Turbo","Chaos","Auto Shields"],"picked":"Genetic Algorithm","floor":30.0},{"not_picked":["Meteor Strike","Creative AI","All For One"],"picked":"Buffer","floor":33.0},{"not_picked":["Chill+1","Rebound","Genetic Algorithm+1","FTL"],"picked":"SKIP","floor":35.0},{"not_picked":["Go for the Eyes","Sweeping Beam","Machine Learning"],"picked":"Hologram+1","floor":37.0},{"not_picked":["Auto Shields+1","Hologram+1","Beam Cell"],"picked":"Conserve Battery+1","floor":39.0},{"not_picked":["Aggregate+1","Self Repair","BootSequence+1","Beam Cell"],"picked":"SKIP","floor":40.0},{"not_picked":["Amplify+1","Capacitor","Redo+1"],"picked":"BootSequence+1","floor":42.0},{"not_picked":["Streamline","Scrape+1","Auto Shields+1"],"picked":"Coolheaded+1","floor":44.0},{"not_picked":["Conserve Battery+1","Redo+1","Darkness+1","Go for the Eyes"],"picked":"SKIP","floor":47.0},{"not_picked":["Go for the Eyes","Streamline+1","Conserve Battery+1"],"picked":"Steam+1","floor":54.0}],"player_experience":1821516,"relics_obtained":[{"floor":3.0,"key":"Regal Pillow"},{"floor":7.0,"key":"Gambling Chip"},{"floor":9.0,"key":"Cables"},{"floor":12.0,"key":"Meat on the Bone"},{"floor":14.0,"key":"Question Card"},{"floor":22.0,"key":"Unceasing Top"},{"floor":22.0,"key":"Ornamental Fan"},{"floor":24.0,"key":"Pear"},{"floor":26.0,"key":"War Paint"},{"floor":27.0,"key":"The Courier"},{"floor":30.0,"key":"Mango"},{"floor":40.0,"key":"Bottled Lightning"},{"floor":42.0,"key":"Darkstone Periapt"},{"floor":47.0,"key":"Bag of Preparation"},{"floor":54.0,"key":"Turnip"}],"event_choices":[{"damage_healed":0.0,"max_hp_gain":0.0,"max_hp_loss":0.0,"gold_gain":0.0,"event_name":"Scrap Ooze","player_choice":"Fled","floor":5.0,"gold_loss":0.0,"damage_taken":0.0},{"damage_healed":0.0,"max_hp_gain":0.0,"max_hp_loss":0.0,"gold_gain":50.0,"event_name":"Nest","player_choice":"Stole From Cult","floor":21.0,"gold_loss":0.0,"damage_taken":0.0},{"damage_healed":0.0,"max_hp_gain":0.0,"max_hp_loss":0.0,"gold_gain":0.0,"event_name":"Colosseum","player_choice":"Fight","floor":22.0,"gold_loss":0.0,"damage_taken":0.0},{"damage_healed":0.0,"max_hp_gain":0.0,"max_hp_loss":0.0,"gold_gain":0.0,"event_name":"Colosseum","player_choice":"Fought Nobs","floor":22.0,"gold_loss":0.0,"damage_taken":0.0},{"damage_healed":0.0,"max_hp_gain":0.0,"max_hp_loss":0.0,"gold_gain":0.0,"event_name":"Designer","player_choice":"Upgraded Two","floor":36.0,"gold_loss":50.0,"damage_taken":0.0,"cards_upgraded":["Genetic Algorithm","Steam"]},{"damage_healed":0.0,"max_hp_gain":0.0,"max_hp_loss":0.0,"gold_gain":0.0,"event_name":"SensoryStone","player_choice":"Memory 1","floor":45.0,"gold_loss":0.0,"damage_taken":0.0},{"damage_healed":20.0,"max_hp_gain":0.0,"max_hp_loss":0.0,"gold_gain":0.0,"event_name":"Winding Halls","player_choice":"Writhe","floor":46.0,"gold_loss":0.0,"damage_taken":0.0,"cards_obtained":["Writhe"]}],"is_beta":false,"boss_relics":[{"not_picked":["Calling Bell","FrozenCore"],"picked":"Pandora\u0027s Box"},{"not_picked":["Runic Pyramid","Eternal Feather"],"picked":"Fusion Hammer"}],"items_purged_floors":[31,48],"is_endless":false,"potions_floor_spawned":[4,7,16,20,22,24,29,40,44,47,54],"ascension_level":15}