{"gold_per_floor":[99,99,99,99,49,49,49,34,34,34,34,34,34,34,34,34,34,34,4,4,4,4,4,4,4,4,4,4,4,4,4,4,4,4,4,4,4,4,4,4,4,4],"floor_reached":42,"playtime":1913,"items_purged":[],"score":980,"play_id":"d23a9b83-5925-4323-ba21-80fddf427cac","local_time":"20190126150722","is_ascension_mode":true,"campfire_choices":[{"data":"Skewer","floor":6,"key":"SMITH"},{"data":"Neutralize","floor":10,"key":"SMITH"},{"floor":12,"key":"REST"},{"data":"Caltrops","floor":15,"key":"SMITH"},{"data":"Adrenaline","floor":23,"key":"SMITH"},{"data":"Ghostly","floor":25,"key":"SMITH"},{"data":"PiercingWail","floor":28,"key":"SMITH"},{"data":"Blur","floor":32,"key":"SMITH"},{"data":"Ghostly","floor":41,"key":"SMITH"}],"neow_cost":"NONE","seed_source_timestamp":503424252042563,"circlet_count":0,"master_deck":["AscendersBane","Defend_G","Defend_G","Defend_G","Defend_G","Strike_G","Strike_G","Strike_G","Strike_G","Survivor","Neutralize+1","Skewer+1","Quick Slash","Flying Knee+1","Escape Plan+1","Cloak And Dagger","Caltrops+1","Adrenaline+1","PiercingWail+1","Ghostly+1","Ghostly+1","Ghostly+1","Ghostly","Ghostly","Caltrops+1","Blur+1","Venomology","Caltrops","Writhe","Ghostly+1","Prepared+1"],"relics":["Ectoplasm","Anchor","Lantern","Ornamental Fan","Coffee Dripper","Happy Flower","Bag of Marbles","Art of War","MawBank","Tough Bandages","Enchiridion","HoveringKite","Dream Catcher"],"potions_floor_usage":[7,7,27,33,33,39,40,40,40,42],"damage_taken":[{"damage":8,"enemies":"Cultist","floor":1,"turns":6},{"damage":0,"enemies":"Jaw Worm","floor":2,"turns":6},{"damage":3,"enemies":"Small Slimes","floor":3,"turns":2},{"damage":10,"enemies":"Lagavulin","floor":7,"turns":6},{"damage":0,"enemies":"Looter","floor":8,"turns":2},{"damage":0,"enemies":"3 Louse","floor":14,"turns":3},{"damage":14,"enemies":"Hexaghost","floor":16,"turns":9},{"damage":0,"enemies":"Spheric Guardian","floor":18,"turns":3},{"damage":1,"enemies":"2 Thieves","floor":19,"turns":4},{"damage":1,"enemies":"Gremlin Leader","floor":27,"turns":6},{"damage":0,"enemies":"Centurion and Healer","floor":29,"turns":7},{"damage":0,"enemies":"Book of Stabbing","floor":30,"turns":4},{"damage":0,"enemies":"Collector","floor":33,"turns":13},{"damage":7,"enemies":"3 Shapes","floor":35,"turns":8},{"damage":3,"enemies":"3 Darklings","floor":37,"turns":6},{"damage":0,"enemies":"Transient","floor":39,"turns":5},{"damage":0,"enemies":"Reptomancer","floor":40,"turns":7},{"damage":50,"enemies":"Giant Head","floor":42,"turns":11}],"seed_played":"4313601637361088259","potions_obtained":[{"floor":1,"key":"SpeedPotion"},{"floor":2,"key":"Swift Potion"},{"floor":16,"key":"Energy Potion"},{"floor":29,"key":"Block Potion"},{"floor":30,"key":"PowerPotion"},{"floor":35,"key":"SteroidPotion"},{"floor":40,"key":"Energy Potion"}],"is_trial":false,"path_per_floor":["M","M","M","?","?","R","E","M","T","R","?","R","?","M","R","B",null,"M","M","?","T","?","R","?","R","T","E","R","M","E","?","R","B",null,"M","?","M","?","M","E","R","E"],"character_chosen":"THE_SILENT","items_purchased":[],"campfire_rested":1,"item_purchase_floors":[],"current_hp_per_floor":[51,51,48,41,41,41,31,31,31,31,18,37,37,37,37,23,55,55,54,33,33,33,33,33,33,33,32,32,32,32,16,16,16,29,22,30,27,27,27,27,27,0],"gold":4,"neow_bonus":"BOSS_RELIC","is_prod":false,"is_daily":false,"chose_seed":false,"campfire_upgraded":8,"win_rate":0,"timestamp":1548511642,"path_taken":["M","?","M","?","?","R","E","M","T","R","?","R","?","M","R","BOSS","M","M","?","?","?","R","?","R","T","E","R","?","E","?","R","BOSS","M","?","M","?","?","E","R","E"],"build_version":"2019-01-23","purchased_purges":0,"victory":false,"max_hp_per_floor":[66,66,66,66,66,66,66,66,66,66,66,66,66,66,66,66,66,66,66,33,33,33,33,33,33,33,33,33,33,33,33,33,33,33,33,33,33,33,33,33,33,33],"card_choices":[{"not_picked":["Dagger Throw","Deflect"],"picked":"Skewer","floor":1},{"not_picked":["Underhanded Strike","Eviscerate"],"picked":"Quick Slash","floor":2},{"not_picked":["Phantasmal Killer","Underhanded Strike"],"picked":"Flying Knee","floor":3},{"not_picked":["Infinite Blades","Poisoned Stab"],"picked":"Escape Plan","floor":7},{"not_picked":["Infinite Blades","Deadly Poison"],"picked":"Cloak And Dagger","floor":8},{"not_picked":["Flying Knee","Bane"],"picked":"Caltrops","floor":14},{"not_picked":["After Image","Bullet Time"],"picked":"Adrenaline","floor":16},{"not_picked":["Quick Slash","Blade Dance"],"picked":"PiercingWail","floor":18},{"not_picked":["Backflip","Slice+1","After Image"],"picked":"SKIP","floor":19},{"not_picked":["Underhanded Strike+1","Blade Dance","Dagger Throw+1"],"picked":"SKIP","floor":27},{"not_picked":["Slice","Backflip"],"picked":"Caltrops+1","floor":29},{"not_picked":["Crippling Poison","Backstab"],"picked":"Blur","floor":30},{"not_picked":["A Thousand Cuts","Glass Knife"],"picked":"Venomology","floor":33},{"not_picked":["Infinite Blades","Sucker Punch+1"],"picked":"Caltrops","floor":35},{"not_picked":["Sucker Punch","Flying Knee","Dagger Throw"],"picked":"SKIP","floor":37},{"not_picked":["Quick Slash","Deflect","Dagger Spray"],"picked":"SKIP","floor":39},{"not_picked":["Escape Plan","Storm of Steel"],"picked":"Prepared+1","floor":40}],"player_experience":475203,"relics_obtained":[{"floor":7,"key":"Anchor"},{"floor":9,"key":"Lantern"},{"floor":21,"key":"Happy Flower"},{"floor":26,"key":"Art of War"},{"floor":27,"key":"MawBank"},{"floor":30,"key":"Tough Bandages"},{"floor":31,"key":"Enchiridion"},{"floor":40,"key":"Dream Catcher"}],"event_choices":[{"cards_removed":["Defend_G"],"damage_healed":0,"gold_gain":0,"player_choice":"Card Removal","damage_taken":7,"max_hp_gain":0,"max_hp_loss":0,"event_name":"Golden Wing","floor":4,"gold_loss":0},{"cards_removed":["Strike_G"],"damage_healed":0,"gold_gain":0,"player_choice":"Card Removal","damage_taken":0,"max_hp_gain":0,"max_hp_loss":0,"event_name":"The Cleric","floor":5,"gold_loss":50},{"damage_healed":0,"gold_gain":0,"player_choice":"Entered Light","damage_taken":13,"max_hp_gain":0,"max_hp_loss":0,"event_name":"Shining Light","floor":11,"gold_loss":0,"cards_upgraded":["Escape Plan","Flying Knee"]},{"damage_healed":0,"gold_gain":0,"player_choice":"Searched \u00271\u0027 times","damage_taken":0,"relics_obtained":["Ornamental Fan"],"max_hp_gain":0,"max_hp_loss":0,"event_name":"Dead Adventurer","floor":13,"gold_loss":0},{"damage_healed":0,"gold_gain":0,"player_choice":"Became a Ghost","damage_taken":0,"max_hp_gain":0,"max_hp_loss":33,"event_name":"Ghosts","floor":20,"gold_loss":0,"cards_obtained":["Ghostly","Ghostly","Ghostly","Ghostly","Ghostly"]},{"damage_healed":0,"gold_gain":0,"player_choice":"Opened","damage_taken":0,"relics_obtained":["Bag of Marbles"],"max_hp_gain":0,"max_hp_loss":0,"event_name":"The Mausoleum","floor":22,"gold_loss":0},{"damage_healed":0,"gold_gain":0,"player_choice":"Upgraded","damage_taken":0,"max_hp_gain":0,"max_hp_loss":0,"event_name":"Upgrade Shrine","floor":24,"gold_loss":0,"cards_upgraded":["Ghostly"]},{"damage_healed":0,"gold_gain":0,"player_choice":"Obtained Book","damage_taken":16,"max_hp_gain":0,"max_hp_loss":0,"event_name":"Cursed Tome","floor":31,"gold_loss":0},{"damage_healed":8,"gold_gain":0,"player_choice":"Writhe","damage_taken":0,"max_hp_gain":0,"max_hp_loss":0,"event_name":"Winding Halls","floor":36,"gold_loss":0,"cards_obtained":["Writhe"]},{"damage_healed":0,"gold_gain":0,"player_choice":"Copied","damage_taken":0,"max_hp_gain":0,"max_hp_loss":0,"event_name":"Duplicator","floor":38,"gold_loss":0,"cards_obtained":["Ghostly"]}],"is_beta":false,"boss_relics":[{"not_picked":["Velvet Choker","Astrolabe"],"picked":"Coffee Dripper"},{"not_picked":["Cursed Key","Snecko Eye"],"picked":"HoveringKite"}],"items_purged_floors":[],"is_endless":false,"potions_floor_spawned":[1,2,16,29,30,35,40],"killed_by":"Giant Head","ascension_level":14}