{"gold_per_floor":[115,125,139,22,33,62,139,172,172,172,172,172,172,172,172,246,246,260,160,180,194,208,208,208],"floor_reached":24,"playtime":1324,"items_purged":["Strike_G","Strike_G"],"score":410,"play_id":"407bf37c-158b-48ec-979c-a5335428c50d","local_time":"20190305212640","is_ascension_mode":true,"campfire_choices":[{"floor":10.0,"key":"REST"},{"data":"Dagger Spray","floor":12,"key":"SMITH"},{"floor":15,"key":"REST"},{"data":"Burst","floor":23,"key":"SMITH"}],"neow_cost":"NONE","seed_source_timestamp":351450657766815,"circlet_count":0,"master_deck":["AscendersBane","Defend_G","Defend_G","Defend_G","Defend_G","Defend_G+1","Strike_G","Strike_G","Strike_G","Survivor+1","Neutralize+1","Dagger Spray+1","Well Laid Plans","PiercingWail","Backstab","Dagger Spray","Dash","Sucker Punch","Burst+1"],"special_seed":0,"relics":["Ring of the Snake","Ancient Tea Set","Torii","Mango","Matryoshka","Busted Crown"],"potions_floor_usage":[11,16,24],"damage_taken":[{"damage":1.0,"enemies":"2 Louse","floor":1.0,"turns":4.0},{"damage":0.0,"enemies":"Jaw Worm","floor":2.0,"turns":5.0},{"damage":1.0,"enemies":"Small Slimes","floor":3.0,"turns":3.0},{"damage":0.0,"enemies":"3 Louse","floor":5.0,"turns":4.0},{"damage":20.0,"enemies":"3 Sentries","floor":6.0,"turns":8.0},{"damage":30.0,"enemies":"Gremlin Nob","floor":8.0,"turns":4.0},{"damage":0,"enemies":"Lagavulin","floor":11,"turns":1},{"damage":11,"enemies":"The Guardian","floor":16,"turns":19},{"damage":14,"enemies":"Spheric Guardian","floor":18,"turns":6},{"damage":1,"enemies":"Shell Parasite","floor":20,"turns":6},{"damage":11,"enemies":"Shelled Parasite and Fungi","floor":21,"turns":9},{"damage":3,"enemies":"Centurion and Healer","floor":22,"turns":7},{"damage":40,"enemies":"Slavers","floor":24,"turns":7}],"seed_played":"-6437782910391337722","potions_obtained":[{"floor":2.0,"key":"SpeedPotion"},{"floor":5.0,"key":"SmokeBomb"},{"floor":18,"key":"EssenceOfSteel"}],"is_trial":false,"path_per_floor":["M","M","M","$","M","E","?","E","T","R","E","R","?","?","R","B",null,"M","$","M","M","M","R","E"],"character_chosen":"THE_SILENT","items_purchased":["Backstab"],"campfire_rested":2,"item_purchase_floors":[4],"current_hp_per_floor":[58,58,57,57,57,37,37,7,21,45,45,45,21,10,34,23,66,52,52,51,40,37,37,0],"gold":208,"neow_bonus":"UPGRADE_CARD","is_prod":false,"is_daily":false,"chose_seed":false,"campfire_upgraded":2,"win_rate":0,"timestamp":1551817600,"path_taken":["M","M","M","$","M","E","?","E","T","R","E","R","?","?","R","BOSS","M","$","M","M","M","R","E"],"build_version":"2019-01-23","purchased_purges":2,"victory":false,"max_hp_per_floor":[66,66,66,66,66,66,66,66,80,80,80,80,80,80,80,80,80,80,80,80,80,80,80,80],"card_choices":[{"not_picked":["Dagger Throw","Bane"],"picked":"Dagger Spray","floor":1.0},{"not_picked":["Eviscerate","Deadly Poison"],"picked":"Well Laid Plans","floor":2.0},{"not_picked":["Prepared","Sucker Punch"],"picked":"PiercingWail","floor":3.0},{"not_picked":["Bane","Underhanded Strike"],"picked":"Dagger Spray","floor":5.0},{"not_picked":["After Image","Caltrops"],"picked":"Dash","floor":6.0},{"not_picked":["Blade Dance","Dagger Throw"],"picked":"Sucker Punch","floor":8.0},{"not_picked":["Doppelganger","Envenom"],"picked":"Burst","floor":16},{"not_picked":["Sucker Punch"],"picked":"SKIP","floor":18},{"not_picked":["Poisoned Stab"],"picked":"SKIP","floor":20},{"not_picked":["Bane"],"picked":"SKIP","floor":21},{"not_picked":["Deadly Poison"],"picked":"SKIP","floor":22}],"player_experience":515529,"relics_obtained":[{"floor":6.0,"key":"Ancient Tea Set"},{"floor":8.0,"key":"Torii"},{"floor":9.0,"key":"Mango"}],"event_choices":[{"damage_healed":0.0,"max_hp_gain":0.0,"max_hp_loss":0.0,"gold_gain":77.0,"event_name":"Golden Wing","player_choice":"Gained Gold","floor":7.0,"gold_loss":0.0,"damage_taken":0.0},{"damage_healed":0,"gold_gain":0,"player_choice":"Entered Light","damage_taken":24,"max_hp_gain":0,"max_hp_loss":0,"event_name":"Shining Light","floor":13,"gold_loss":0,"cards_upgraded":["Survivor","Defend_G"]},{"damage_healed":0,"gold_gain":0,"player_choice":"Success","damage_taken":11,"relics_obtained":["Matryoshka"],"max_hp_gain":0,"max_hp_loss":0,"event_name":"Scrap Ooze","floor":14,"gold_loss":0}],"is_beta":false,"boss_relics":[{"not_picked":["Calling Bell","Astrolabe"],"picked":"Busted Crown"}],"items_purged_floors":[4,19],"is_endless":false,"potions_floor_spawned":[2,5,8,11,18],"killed_by":"Slavers","ascension_level":18}