{"gold_per_floor":[111,124,140,140,153,153,153,153,153,178,193,207,226,260,260,334,334,353,77,93,93,105,105],"floor_reached":23,"playtime":1744,"items_purged":[],"score":359,"play_id":"8a4a9264-18a4-4de2-804a-6d431c0a1066","local_time":"20180715082805","is_ascension_mode":true,"campfire_choices":[{"data":"Cloak And Dagger","floor":6.0,"key":"SMITH"},{"data":"Neutralize","floor":8.0,"key":"SMITH"},{"data":"Noxious Fumes","floor":15.0,"key":"SMITH"}],"neow_cost":"","seed_source_timestamp":1510596490476,"circlet_count":0,"master_deck":["Defend_G+1","Defend_G+1","Defend_G+1","Defend_G+1","Defend_G+1","Strike_G+1","Strike_G+1","Strike_G+1","Strike_G+1","Survivor","Neutralize+1","AscendersBane","Backstab","Cloak And Dagger+1","Dagger Spray","Noxious Fumes+1","Deflect","Dagger Throw","Dodge and Roll","Flying Knee","Die Die Die","Distraction","Well Laid Plans","Prepared","Slice+1","Calculated Gamble"],"special_seed":0,"relics":["Ring of the Snake","Bottled Lightning","Bottled Flame","Gremlin Horn","Eternal Feather","Bronze Scales"],"potions_floor_usage":[22,23],"damage_taken":[{"damage":5.0,"enemies":"Cultist","floor":1.0,"turns":5.0},{"damage":0.0,"enemies":"Jaw Worm","floor":2.0,"turns":4.0},{"damage":0.0,"enemies":"Small Slimes","floor":3.0,"turns":3.0},{"damage":7.0,"enemies":"2 Fungi Beasts","floor":5.0,"turns":3.0},{"damage":15.0,"enemies":"3 Sentries","floor":10.0,"turns":9.0},{"damage":0.0,"enemies":"Blue Slaver","floor":11.0,"turns":2.0},{"damage":14.0,"enemies":"Large Slime","floor":12.0,"turns":6.0},{"damage":0.0,"enemies":"Red Slaver","floor":13.0,"turns":3.0},{"damage":16.0,"enemies":"Gremlin Nob","floor":14.0,"turns":4.0},{"damage":12.0,"enemies":"Hexaghost","floor":16.0,"turns":10.0},{"damage":10.0,"enemies":"3 Byrds","floor":18.0,"turns":4.0},{"damage":17.0,"enemies":"2 Thieves","floor":20.0,"turns":5.0},{"damage":0,"enemies":"Chosen and Byrds","floor":22,"turns":3},{"damage":26,"enemies":"Slavers","floor":23,"turns":2}],"seed_played":"1712699601068304299","potions_obtained":[{"floor":1.0,"key":"Strength Potion"},{"floor":10.0,"key":"EssenceOfSteel"},{"floor":18.0,"key":"EssenceOfSteel"},{"floor":20.0,"key":"Strength Potion"}],"is_trial":false,"path_per_floor":["M","M","M","?","M","R","?","R","T","E","M","M","M","E","R","B",null,"M","$","M","?","M"],"character_chosen":"THE_SILENT","items_purchased":["Well Laid Plans","Bronze Scales","Prepared"],"campfire_rested":0,"item_purchase_floors":[19,19,19],"current_hp_per_floor":[54,54,54,54,47,47,66,66,66,51,51,37,37,21,21,9,52,42,42,25,25,25,0],"gold":105,"neow_bonus":"","is_prod":false,"is_daily":false,"chose_seed":false,"campfire_upgraded":3,"win_rate":0,"timestamp":1531668485,"path_taken":["M","M","?","?","M","R","?","R","T","E","M","M","?","E","R","BOSS","M","$","?","?","M","E"],"build_version":"2018-07-12","purchased_purges":0,"victory":false,"max_hp_per_floor":[66,66,66,66,66,66,66,66,66,66,66,66,66,66,66,66,66,66,66,66,66,66,66],"card_choices":[{"not_picked":["Deflect","Acrobatics"],"picked":"Backstab","floor":1.0},{"not_picked":["Caltrops","Underhanded Strike"],"picked":"Cloak And Dagger","floor":2.0},{"not_picked":["Quick Slash","Cloak And Dagger"],"picked":"Dagger Spray","floor":3.0},{"not_picked":["Dagger Throw","Deadly Poison"],"picked":"Noxious Fumes","floor":5.0},{"not_picked":["Blade Dance","Bane","Underhanded Strike"],"picked":"SKIP","floor":10.0},{"not_picked":["Outmaneuver","Slice"],"picked":"Deflect","floor":11.0},{"not_picked":["Eviscerate","Flying Knee"],"picked":"Dagger Throw","floor":12.0},{"not_picked":["All Out Attack","Acrobatics"],"picked":"Dodge and Roll","floor":13.0},{"not_picked":["Deadly Poison","Choke"],"picked":"Flying Knee","floor":14.0},{"not_picked":["Wraith Form v2","Venomology"],"picked":"Die Die Die","floor":16.0},{"not_picked":["Sucker Punch","Choke"],"picked":"Distraction","floor":18.0},{"not_picked":["Deflect","Quick Slash"],"picked":"Slice+1","floor":20.0},{"not_picked":["Deadly Poison","Dagger Spray"],"picked":"Calculated Gamble","floor":22}],"player_experience":770409,"relics_obtained":[{"floor":9.0,"key":"Bottled Lightning"},{"floor":10.0,"key":"Bottled Flame"},{"floor":14.0,"key":"Gremlin Horn"}],"event_choices":[{"event_name":"Purifier","player_choice":"One Purge","floor":4.0,"damage_taken":0.0},{"event_name":"Big Fish","player_choice":"Banana","floor":7.0,"damage_taken":0.0},{"event_name":"Back to Basics","player_choice":"Simplicity","floor":21.0,"damage_taken":0.0}],"boss_relics":[{"not_picked":["Empty Cage","Velvet Choker"],"picked":"Eternal Feather"}],"items_purged_floors":[],"is_endless":false,"potions_floor_spawned":[1,10,11,14,18,20],"killed_by":"Slavers","ascension_level":15}