{"gold_per_floor":[367,383,402,402,413,393,93,93,93,105,138,138,150,181,181,256,256,268,268,256,283,293,328,344,361,414,414,464,230,230,258,258,335,335,345,345,445,445,455,489,503,76,122,11,11,11,24,41,41,41],"floor_reached":51,"playtime":2215,"items_purged":["Regret"],"score":1354,"play_id":"1344ba93-1dca-4037-875b-5810e5fa8edc","local_time":"20181227140134","is_ascension_mode":true,"campfire_choices":[{"data":"Bash","floor":8.0,"key":"SMITH"},{"data":"Havoc","floor":12.0,"key":"SMITH"},{"data":"Anger","floor":15.0,"key":"SMITH"},{"data":"Body Slam","floor":27.0,"key":"SMITH"},{"data":"True Grit","floor":30.0,"key":"SMITH"},{"data":"Exhume","floor":32.0,"key":"SMITH"},{"data":"Limit Break","floor":46,"key":"SMITH"},{"data":"Clothesline","floor":49,"key":"SMITH"}],"neow_cost":"PERCENT_DAMAGE","seed_source_timestamp":18915500295022,"circlet_count":0,"master_deck":["AscendersBane","Defend_R+1","Defend_R","Defend_R","Defend_R","Bash+1","Wild Strike","Clothesline+1","Havoc+1","Shrug It Off","Anger+1","Shrug It Off","Corruption+1","Offering","Shrug It Off+1","Bite","Bite","Bite","Bite","Bite","Body Slam+1","Inflame+1","Writhe","Evolve+1","True Grit+1","Exhume+1","Limit Break+1","Inflame+1","Clothesline+1","Feel No Pain+1","Headbutt+1","Reaper","Apotheosis","Exhume+1","Uppercut","Sword Boomerang","Parasite"],"special_seed":0,"relics":["Burning Blood","Pantograph","Meat on the Bone","Letter Opener","Frozen Egg 2","Kunai","Cursed Key","Red Mask","PreservedInsect","Strawberry","Red Skull","Question Card","Snecko Eye","Torii","Bronze Scales","DollysMirror","War Paint"],"potions_floor_usage":[40,40,50,50],"damage_taken":[{"damage":1.0,"enemies":"Cultist","floor":1.0,"turns":3.0},{"damage":5.0,"enemies":"2 Louse","floor":2.0,"turns":3.0},{"damage":7.0,"enemies":"Jaw Worm","floor":3.0,"turns":4.0},{"damage":5.0,"enemies":"2 Fungi Beasts","floor":5.0,"turns":3.0},{"damage":4.0,"enemies":"3 Louse","floor":10.0,"turns":5.0},{"damage":10.0,"enemies":"Lagavulin","floor":11.0,"turns":4.0},{"damage":12.0,"enemies":"Lots of Slimes","floor":13.0,"turns":3.0},{"damage":19.0,"enemies":"Gremlin Nob","floor":14.0,"turns":4.0},{"damage":51.0,"enemies":"Hexaghost","floor":16.0,"turns":8.0},{"damage":15.0,"enemies":"Shell Parasite","floor":18.0,"turns":4.0},{"damage":23.0,"enemies":"2 Thieves","floor":20.0,"turns":4.0},{"damage":16.0,"enemies":"Masked Bandits","floor":21.0,"turns":5.0},{"damage":22.0,"enemies":"Chosen and Byrds","floor":22.0,"turns":6.0},{"damage":37.0,"enemies":"Slavers","floor":23.0,"turns":7.0},{"damage":12.0,"enemies":"3 Cultists","floor":24.0,"turns":5.0},{"damage":12.0,"enemies":"Cultist and Chosen","floor":25.0,"turns":6.0},{"damage":51.0,"enemies":"Book of Stabbing","floor":31.0,"turns":5.0},{"damage":56.0,"enemies":"Collector","floor":33.0,"turns":10.0},{"damage":10.0,"enemies":"Orb Walker","floor":35.0,"turns":3.0},{"damage":16.0,"enemies":"Mind Bloom Boss Battle","floor":37.0,"turns":6.0},{"damage":8.0,"enemies":"3 Shapes","floor":39.0,"turns":3.0},{"damage":7,"enemies":"Giant Head","floor":40,"turns":4},{"damage":6,"enemies":"Maw","floor":41,"turns":6},{"damage":43,"enemies":"Jaw Worm Horde","floor":47,"turns":7},{"damage":46,"enemies":"Writhing Mass","floor":48,"turns":8},{"damage":42,"enemies":"Time Eater","floor":50,"turns":8}],"seed_played":"-3808338247974683225","potions_obtained":[{"floor":3.0,"key":"AttackPotion"},{"floor":6.0,"key":"Strength Potion"},{"floor":13.0,"key":"EssenceOfSteel"},{"floor":16.0,"key":"Energy Potion"},{"floor":24.0,"key":"Energy Potion"},{"floor":37.0,"key":"BloodPotion"},{"floor":39.0,"key":"Strength Potion"},{"floor":40,"key":"Fruit Juice"}],"is_trial":false,"path_per_floor":["M","M","M","T","M","?","$","R","T","M","E","R","M","E","R","B",null,"M","?","M","?","M","E","M","M","T","R","?","$","R","E","R","B",null,"M","?","?","?","M","E","M","$","T","$","$","R","M","M","R","B",null],"character_chosen":"IRONCLAD","items_purchased":["Anger","Meat on the Bone","Red Skull","Evolve+1","True Grit","Apotheosis","Strength Potion","DollysMirror","Uppercut"],"campfire_rested":0,"item_purchase_floors":[7,7,29,29,29,42,42,42,44],"current_hp_per_floor":[55,56,55,55,56,56,56,56,56,58,54,54,48,47,47,39,66,57,52,47,49,48,43,49,52,59,59,59,59,59,36,36,43,55,57,56,56,56,56,61,61,61,61,61,61,61,54,41,41,37],"gold":41,"neow_bonus":"TWO_FIFTY_GOLD","is_prod":false,"is_daily":false,"chose_seed":false,"campfire_upgraded":8,"win_rate":0,"timestamp":1545948094,"path_taken":["M","M","M","?","M","?","$","R","T","M","E","R","M","E","R","BOSS","M","?","M","?","M","E","M","M","T","R","?","$","R","E","R","BOSS","M","?","?","?","?","E","M","$","T","?","$","R","M","M","R","BOSS"],"build_version":"2018-12-20","purchased_purges":1,"victory":true,"max_hp_per_floor":[75,75,75,75,75,75,75,75,75,75,75,75,75,75,75,75,75,75,52,52,52,52,52,52,52,59,59,59,59,59,59,59,59,59,59,56,56,56,56,61,61,61,61,61,61,61,61,61,61,61],"card_choices":[{"not_picked":["Body Slam","Burning Pact"],"picked":"Wild Strike","floor":1.0},{"not_picked":["Pommel Strike","Corruption"],"picked":"Clothesline","floor":2.0},{"not_picked":["Clothesline","Thunderclap"],"picked":"Havoc","floor":3.0},{"not_picked":["Dark Embrace","Clash"],"picked":"Shrug It Off","floor":5.0},{"not_picked":["Bloodletting","Seeing Red","Wild Strike"],"picked":"SKIP","floor":10.0},{"not_picked":["Dropkick","Thunderclap","Infernal Blade"],"picked":"SKIP","floor":11.0},{"not_picked":["Iron Wave","Blood for Blood"],"picked":"Shrug It Off","floor":13.0},{"not_picked":["Anger","Pommel Strike"],"picked":"Corruption+1","floor":14.0},{"not_picked":["Double Tap","Bludgeon"],"picked":"Offering","floor":16.0},{"not_picked":["Clash","Entrench"],"picked":"Shrug It Off","floor":18.0},{"not_picked":["Pommel Strike","Thunderclap"],"picked":"Body Slam","floor":20.0},{"not_picked":["True Grit","Clash"],"picked":"Inflame+1","floor":22.0},{"not_picked":["Flex","Warcry","Reckless Charge"],"picked":"SKIP","floor":23.0},{"not_picked":["Seeing Red","Ghostly Armor","Clothesline"],"picked":"SKIP","floor":24.0},{"not_picked":["Havoc","Iron Wave+1","Pommel Strike"],"picked":"SKIP","floor":25.0},{"not_picked":["Shrug It Off+1","Uppercut"],"picked":"Exhume","floor":31.0},{"not_picked":["Brutality+1","Impervious","Offering"],"picked":"Limit Break","floor":33.0},{"not_picked":["Combust+1","Shrug It Off","Intimidate+1"],"picked":"Inflame+1","floor":35.0},{"not_picked":["Sentinel","Searing Blow","Warcry"],"picked":"Clothesline+1","floor":37.0},{"not_picked":["Wild Strike","Iron Wave","Pommel Strike"],"picked":"Feel No Pain+1","floor":39.0},{"not_picked":["Iron Wave","Bloodletting+1","Thunderclap"],"picked":"Headbutt+1","floor":40},{"not_picked":["Sword Boomerang","Shrug It Off","Wild Strike"],"picked":"Reaper","floor":41},{"not_picked":["Thunderclap","True Grit","Body Slam"],"picked":"Sword Boomerang","floor":47},{"not_picked":["Cleave","Clash+1","True Grit","Juggernaut+1"],"picked":"SKIP","floor":48}],"player_experience":1891803,"relics_obtained":[{"floor":4.0,"key":"Pantograph"},{"floor":9.0,"key":"Letter Opener"},{"floor":11.0,"key":"Frozen Egg 2"},{"floor":14.0,"key":"Kunai"},{"floor":21.0,"key":"Red Mask"},{"floor":23.0,"key":"PreservedInsect"},{"floor":26.0,"key":"Strawberry"},{"floor":31.0,"key":"Question Card"},{"floor":37.0,"key":"Torii"},{"floor":40,"key":"Bronze Scales"},{"floor":43,"key":"War Paint"}],"event_choices":[{"damage_healed":0.0,"max_hp_gain":0.0,"max_hp_loss":0.0,"gold_gain":0.0,"event_name":"The Woman in Blue","player_choice":"Bought 1 Potion","floor":6.0,"gold_loss":0.0,"damage_taken":0.0},{"damage_healed":0.0,"max_hp_gain":0.0,"max_hp_loss":23.0,"gold_gain":0.0,"event_name":"Vampires","player_choice":"Became a vampire","floor":19.0,"gold_loss":0.0,"damage_taken":0.0,"cards_obtained":["Bite","Bite","Bite","Bite","Bite"]},{"damage_healed":0.0,"max_hp_gain":0.0,"max_hp_loss":0.0,"gold_gain":0.0,"event_name":"Masked Bandits","player_choice":"Fought Bandits","floor":21.0,"gold_loss":0.0,"damage_taken":0.0},{"damage_healed":0.0,"max_hp_gain":0.0,"max_hp_loss":0.0,"gold_gain":50.0,"event_name":"Nest","player_choice":"Stole From Cult","floor":28.0,"gold_loss":0.0,"damage_taken":0.0},{"damage_healed":0.0,"max_hp_gain":0.0,"max_hp_loss":3.0,"gold_gain":0.0,"event_name":"Winding Halls","player_choice":"Max HP","floor":36.0,"gold_loss":0.0,"damage_taken":0.0},{"damage_healed":0.0,"max_hp_gain":0.0,"max_hp_loss":0.0,"gold_gain":0.0,"event_name":"MindBloom","player_choice":"Fight","floor":37.0,"gold_loss":0.0,"damage_taken":0.0},{"damage_healed":0.0,"max_hp_gain":0.0,"max_hp_loss":0.0,"gold_gain":0.0,"event_name":"SecretPortal","player_choice":"Ignored","floor":38.0,"gold_loss":0.0,"damage_taken":0.0}],"is_beta":false,"boss_relics":[{"not_picked":["Pandora\u0027s Box","Black Star"],"picked":"Cursed Key"},{"not_picked":["Velvet Choker","Empty Cage"],"picked":"Snecko Eye"}],"items_purged_floors":[44],"is_endless":false,"potions_floor_spawned":[3,10,13,16,21,22,24,37,39,40],"ascension_level":15}