{"gold_per_floor":[117,117,192,21,21,49,49,49,95,130,149,149,166,186,186,263,263,279,127,105,105,105,105,105],"floor_reached":24,"playtime":834,"items_purged":["Strike_G"],"score":604,"play_id":"67ddf78f-24c5-4ebe-83dd-eb40a3e66a21","local_time":"20181213184643","is_ascension_mode":true,"campfire_choices":[{"data":"Bouncing Flask","floor":8.0,"key":"SMITH"},{"data":"Tactician","floor":15.0,"key":"SMITH"},{"data":"Acrobatics","floor":23.0,"key":"SMITH"}],"neow_cost":"NONE","seed_source_timestamp":1009190854222,"circlet_count":0,"master_deck":["AscendersBane","Defend_G","Defend_G","Defend_G+1","Defend_G","Defend_G","Strike_G","Strike_G+1","Strike_G+1","Survivor","Neutralize+1","Acrobatics+1","Bouncing Flask+1","Malaise","Backflip","Tactician+1","Burst","Reflex"],"special_seed":0,"relics":["Ring of the Snake","NeowsBlessing","Dream Catcher","Juzu Bracelet","Whetstone","Bag of Preparation","Shuriken","Busted Crown"],"potions_floor_usage":[24],"damage_taken":[{"damage":0.0,"enemies":"Cultist","floor":1.0,"turns":1.0},{"damage":0.0,"enemies":"3 Sentries","floor":6.0,"turns":1.0},{"damage":0.0,"enemies":"Lagavulin","floor":10.0,"turns":1.0},{"damage":0.0,"enemies":"Small Slimes","floor":11.0,"turns":3.0},{"damage":1.0,"enemies":"2 Louse","floor":13.0,"turns":3.0},{"damage":0.0,"enemies":"2 Fungi Beasts","floor":14.0,"turns":4.0},{"damage":0.0,"enemies":"Hexaghost","floor":16.0,"turns":12.0},{"damage":1.0,"enemies":"Shell Parasite","floor":18.0,"turns":6.0},{"damage":4.0,"enemies":"2 Thieves","floor":20.0,"turns":5.0},{"damage":22,"enemies":"Gremlin Leader","floor":24,"turns":7}],"seed_played":"-127531118106506328","potions_obtained":[{"floor":6.0,"key":"Dexterity Potion"},{"floor":10.0,"key":"GhostInAJar"},{"floor":16.0,"key":"GhostInAJar"},{"floor":20.0,"key":"Strength Potion"}],"is_trial":false,"path_per_floor":["M","T","?","$","?","E","?","R","T","E","M","?","M","M","R","B",null,"M","$","M","?","?","R","E"],"character_chosen":"THE_SILENT","items_purchased":["Juzu Bracelet","Reflex"],"campfire_rested":0,"item_purchase_floors":[4,19],"current_hp_per_floor":[59,59,48,48,48,48,28,28,28,28,28,28,27,27,27,27,56,55,55,51,51,51,51,29],"gold":105,"neow_bonus":"THREE_ENEMY_KILL","is_prod":false,"is_daily":false,"chose_seed":false,"campfire_upgraded":3,"win_rate":0,"timestamp":1544698003,"path_taken":["M","?","?","$","?","E","?","R","T","E","M","?","M","M","R","BOSS","M","$","M","?","?","R","E"],"build_version":"2018-12-06","purchased_purges":1,"victory":false,"max_hp_per_floor":[66,66,66,66,66,66,66,66,66,66,66,66,66,66,66,66,66,66,66,66,66,66,66,66],"card_choices":[{"not_picked":["PiercingWail","Backflip"],"picked":"Acrobatics","floor":1.0},{"not_picked":["Backstab","Deflect"],"picked":"Bouncing Flask","floor":6.0},{"not_picked":["Heel Hook","Eviscerate"],"picked":"Malaise","floor":10.0},{"not_picked":["Quick Slash","Predator","Acrobatics"],"picked":"SKIP","floor":11.0},{"not_picked":["Quick Slash","Predator","Acrobatics"],"picked":"SKIP","floor":11.0},{"not_picked":["Quick Slash","Predator","Acrobatics"],"picked":"SKIP","floor":11.0},{"not_picked":["Reflex","Dodge and Roll"],"picked":"Backflip","floor":13.0},{"not_picked":["Endless Agony","Quick Slash"],"picked":"Tactician","floor":14.0},{"not_picked":["Night Terror","Phantasmal Killer"],"picked":"Burst","floor":16.0},{"not_picked":["Quick Slash"],"picked":"SKIP","floor":18.0},{"not_picked":["Sucker Punch"],"picked":"SKIP","floor":20.0}],"player_experience":2376001,"relics_obtained":[{"floor":2.0,"key":"Dream Catcher"},{"floor":6.0,"key":"Whetstone"},{"floor":9.0,"key":"Bag of Preparation"},{"floor":10.0,"key":"Shuriken"}],"event_choices":[{"damage_healed":0.0,"max_hp_gain":0.0,"max_hp_loss":0.0,"gold_gain":75.0,"event_name":"World of Goop","player_choice":"Gather Gold","floor":3.0,"gold_loss":0.0,"damage_taken":11.0},{"damage_healed":0.0,"max_hp_gain":0.0,"max_hp_loss":0.0,"gold_gain":0.0,"event_name":"The Cleric","player_choice":"Leave","floor":5.0,"gold_loss":0.0,"damage_taken":0.0},{"damage_healed":0.0,"max_hp_gain":0.0,"max_hp_loss":0.0,"gold_gain":0.0,"event_name":"Shining Light","player_choice":"Entered Light","floor":7.0,"gold_loss":0.0,"damage_taken":20.0,"cards_upgraded":["Neutralize","Defend_G"]},{"damage_healed":0.0,"max_hp_gain":0.0,"max_hp_loss":0.0,"gold_gain":0.0,"event_name":"Liars Game","player_choice":"Ignored","floor":12.0,"gold_loss":0.0,"damage_taken":0.0},{"cards_removed":["Strike_G"],"damage_healed":0.0,"max_hp_gain":0.0,"max_hp_loss":0.0,"gold_gain":0.0,"event_name":"Bonfire Elementals","player_choice":"Offered Basic","floor":21.0,"gold_loss":0.0,"damage_taken":0.0},{"damage_healed":0.0,"max_hp_gain":0.0,"max_hp_loss":0.0,"gold_gain":0.0,"event_name":"The Mausoleum","player_choice":"Ignored","floor":22.0,"gold_loss":0.0,"damage_taken":0.0}],"is_beta":false,"boss_relics":[{"not_picked":["Fusion Hammer","WristBlade"],"picked":"Busted Crown"}],"items_purged_floors":[19],"is_endless":false,"potions_floor_spawned":[6,10,14,16,20],"killed_by":"Gremlin Leader","ascension_level":20}