{"gold_per_floor":[116,116,134,47,47,82,82,97,124,124,141,168,14,25,25,25],"floor_reached":16,"playtime":2887,"items_purged":[],"score":100,"play_id":"329c1efb-f586-47f3-ad5b-5ad61ea7dda4","local_time":"20190322115807","is_ascension_mode":false,"campfire_choices":[{"floor":7,"key":"REST"},{"data":"Rampage","floor":15,"key":"SMITH"}],"neow_cost":"NONE","seed_source_timestamp":623099738433400,"circlet_count":0,"master_deck":["Strike_R","Strike_R","Strike_R","Strike_R","Defend_R","Defend_R","Defend_R","Defend_R","Bash","Pommel Strike","Sword Boomerang","Rampage+1","Warcry","Shrug It Off"],"relics":["Burning Blood","NlothsMask","Regal Pillow","Odd Mushroom","Orichalcum"],"potions_floor_usage":[],"damage_taken":[{"damage":17,"enemies":"Small Slimes","floor":1,"turns":5},{"damage":5,"enemies":"Cultist","floor":3,"turns":4},{"damage":54,"enemies":"Lagavulin","floor":6,"turns":8},{"damage":6,"enemies":"2 Louse","floor":8,"turns":3},{"damage":9,"enemies":"Exordium Wildlife","floor":11,"turns":4},{"damage":21,"enemies":"The Mushroom Lair","floor":12,"turns":5},{"damage":5,"enemies":"2 Fungi Beasts","floor":14,"turns":3},{"damage":63,"enemies":"Slime Boss","floor":16,"turns":10}],"seed_played":"4526440287455117097","potions_obtained":[{"floor":3,"key":"Weak Potion"},{"floor":6,"key":"SpeedPotion"},{"floor":14,"key":"Strength Potion"}],"is_trial":false,"path_per_floor":["M","?","M","$","?","E","R","M","T","$","M","?","$","M","R","B"],"character_chosen":"IRONCLAD","items_purchased":["Rampage","Warcry","Orichalcum"],"campfire_rested":1,"item_purchase_floors":[4,4,13],"current_hp_per_floor":[77,77,78,78,78,30,71,71,71,71,68,53,53,54,54,0],"gold":25,"neow_bonus":"TEN_PERCENT_HP_BONUS","is_prod":false,"is_daily":false,"chose_seed":false,"campfire_upgraded":1,"win_rate":0.0,"timestamp":1553248687,"path_taken":["M","?","?","$","?","E","R","M","T","$","M","?","?","M","R","BOSS"],"build_version":"2019-01-23","purchased_purges":0,"victory":false,"max_hp_per_floor":[88,88,88,88,88,88,88,88,88,88,88,88,88,88,88,88],"card_choices":[{"not_picked":["Power Through","Dual Wield"],"picked":"Pommel Strike","floor":1},{"not_picked":["Perfected Strike","Combust"],"picked":"Sword Boomerang","floor":3},{"not_picked":["Body Slam","True Grit","Perfected Strike"],"picked":"SKIP","floor":6},{"not_picked":["Thunderclap","Armaments"],"picked":"Shrug It Off","floor":8},{"not_picked":["Perfected Strike","Heavy Blade","Battle Trance"],"picked":"SKIP","floor":11},{"not_picked":["Barricade","Hemokinesis","Heavy Blade"],"picked":"SKIP","floor":14}],"player_experience":31542,"relics_obtained":[{"floor":6,"key":"Regal Pillow"},{"floor":12,"key":"Odd Mushroom"}],"event_choices":[{"damage_healed":0,"gold_gain":0,"player_choice":"Trade","damage_taken":0,"relics_obtained":["NlothsMask"],"max_hp_gain":0,"max_hp_loss":0,"event_name":"FaceTrader","floor":2,"gold_loss":0},{"cards_removed":["Strike_R"],"damage_healed":0,"gold_gain":0,"player_choice":"Forget","damage_taken":0,"max_hp_gain":0,"max_hp_loss":0,"event_name":"Living Wall","floor":5,"gold_loss":0},{"damage_healed":0,"gold_gain":0,"player_choice":"Fought Mushrooms","damage_taken":0,"max_hp_gain":0,"max_hp_loss":0,"event_name":"Mushrooms","floor":12,"gold_loss":0}],"is_beta":false,"boss_relics":[],"items_purged_floors":[],"is_endless":false,"potions_floor_spawned":[3,6,14],"killed_by":"Slime Boss","ascension_level":0}