{"gold_per_floor":[115,127,26,49,60,60,78,78,105,121,121,45,45,62,62,160,160],"floor_reached":17,"playtime":522,"items_purged":["Regret","Regret"],"score":147,"play_id":"18a2fe10-52c9-4dac-a248-4a9fc7f7cfdc","local_time":"20181216133948","is_ascension_mode":false,"campfire_choices":[{"floor":6,"key":"REST"},{"data":"Bash","floor":8,"key":"SMITH"},{"floor":13,"key":"REST"},{"data":"Strike_R","floor":15,"key":"SMITH"}],"neow_cost":"NONE","seed_source_timestamp":18725382528849,"circlet_count":0,"master_deck":["Strike_R","Strike_R","Strike_R","Strike_R","Strike_R+1","Defend_R","Defend_R","Defend_R","Defend_R","Bash+1","Pain","True Grit+1","Shrug It Off+1","Shrug It Off+1","Battle Trance+1","Burning Pact+1","Havoc+1","Flex+1","Impervious+1"],"special_seed":0,"relics":["Calling Bell","Smiling Mask","Toxic Egg 2","Pocketwatch"],"potions_floor_usage":[7,7],"damage_taken":[{"damage":34.0,"enemies":"Cultist","floor":1.0,"turns":4.0},{"damage":8,"enemies":"2 Louse","floor":2,"turns":5},{"damage":13,"enemies":"Small Slimes","floor":5,"turns":6},{"damage":9,"enemies":"Exordium Wildlife","floor":7,"turns":4},{"damage":23,"enemies":"Gremlin Gang","floor":10,"turns":7},{"damage":6,"enemies":"2 Fungi Beasts","floor":14,"turns":5},{"damage":22,"enemies":"Slime Boss","floor":16,"turns":10}],"seed_played":"-5791097931521220157","potions_obtained":[{"floor":2,"key":"SkillPotion"},{"floor":5,"key":"BloodPotion"},{"floor":14,"key":"FairyPotion"},{"floor":16,"key":"Dexterity Potion"}],"is_trial":false,"path_per_floor":["M","M","M","$","T","M","R","M","R","T","M","?","$","R","M","R","B",null],"character_chosen":"IRONCLAD","items_purchased":["Shrug It Off+1","Flex+1"],"campfire_rested":2,"item_purchase_floors":[3,12],"current_hp_per_floor":[46,38,38,38,25,49,48,48,48,25,25,25,49,43,43,21,21],"gold":160,"neow_bonus":"BOSS_RELIC","is_prod":false,"is_daily":false,"chose_seed":false,"campfire_upgraded":2,"win_rate":0,"timestamp":1544996388,"path_taken":["M","M","$","?","M","R","M","R","T","M","?","$","R","?","R","BOSS"],"build_version":"2018-12-13","purchased_purges":2,"victory":false,"max_hp_per_floor":[80,80,80,80,80,80,80,80,80,80,80,80,80,80,80,80,80],"card_choices":[{"not_picked":["Shockwave+1","Warcry+1"],"picked":"True Grit+1","floor":1},{"not_picked":["Hemokinesis","Body Slam"],"picked":"Shrug It Off+1","floor":2},{"not_picked":["Evolve","Carnage"],"picked":"Battle Trance+1","floor":5},{"not_picked":["Entrench+1","Iron Wave"],"picked":"Burning Pact+1","floor":7},{"not_picked":["Intimidate+1","Thunderclap"],"picked":"Havoc+1","floor":10},{"not_picked":["Dark Embrace","Hemokinesis","Headbutt"],"picked":"SKIP","floor":14},{"not_picked":["Offering+1","Demon Form"],"picked":"Impervious+1","floor":16}],"player_experience":1829349,"relics_obtained":[{"floor":0.0,"key":"Smiling Mask"},{"floor":0.0,"key":"Toxic Egg 2"},{"floor":0.0,"key":"Pocketwatch"}],"event_choices":[{"damage_healed":0,"gold_gain":0,"player_choice":"Ignored","damage_taken":0,"max_hp_gain":0,"max_hp_loss":0,"event_name":"NoteForYourself","floor":11,"gold_loss":0}],"is_beta":false,"boss_relics":[],"items_purged_floors":[3,12],"is_endless":false,"potions_floor_spawned":[2,5,14,16],"ascension_level":0}