{"gold_per_floor":[210,227,38,56,76,76,101,101,147,160,160,180,195,206,206,303,303,316,330,2,17,17],"floor_reached":22,"playtime":1056,"items_purged":["Strike_G"],"score":278,"play_id":"bb8f02a7-0634-423a-b958-1032315140fc","local_time":"20180819210824","is_ascension_mode":true,"campfire_choices":[{"data":"Noxious Fumes","floor":6,"key":"SMITH"},{"data":"Deadly Poison","floor":8,"key":"SMITH"},{"floor":15,"key":"REST"}],"neow_cost":"NONE","seed_source_timestamp":10753798964225,"circlet_count":0,"master_deck":["Defend_G","Defend_G","Defend_G","Defend_G","Defend_G","Strike_G","Strike_G","Strike_G","Strike_G","Survivor","Neutralize","PiercingWail","Calculated Gamble","Noxious Fumes+1","Deadly Poison+1","Blur","Poisoned Stab","Noxious Fumes","Noxious Fumes","Cloak And Dagger","Distraction","Die Die Die","Escape Plan","Deadly Poison","Glass Knife","Sucker Punch+1"],"relics":["Ring of the Snake","Blue Candle","Dream Catcher","Sozu","TwistedFunnel"],"potions_floor_usage":[7,14,14,16],"damage_taken":[{"damage":3,"enemies":"2 Louse","floor":1,"turns":3},{"damage":4,"enemies":"Cultist","floor":2,"turns":4},{"damage":4,"enemies":"Jaw Worm","floor":4,"turns":4},{"damage":5,"enemies":"Looter","floor":5,"turns":4},{"damage":14,"enemies":"3 Sentries","floor":7,"turns":8},{"damage":0,"enemies":"Blue Slaver","floor":10,"turns":4},{"damage":0,"enemies":"2 Fungi Beasts","floor":12,"turns":3},{"damage":0,"enemies":"3 Louse","floor":13,"turns":4},{"damage":27,"enemies":"Exordium Thugs","floor":14,"turns":5},{"damage":25,"enemies":"Slime Boss","floor":16,"turns":8},{"damage":15,"enemies":"2 Thieves","floor":18,"turns":4},{"damage":13,"enemies":"Chosen","floor":19,"turns":5},{"damage":21,"enemies":"Snake Plant","floor":21,"turns":5},{"damage":12,"enemies":"Centurion and Healer","floor":22,"turns":3}],"seed_played":"-5564444126315946145","potions_obtained":[{"floor":1,"key":"LiquidBronze"},{"floor":5,"key":"FearPotion"},{"floor":7,"key":"LiquidBronze"},{"floor":11,"key":"Dexterity Potion"},{"floor":11,"key":"LiquidBronze"},{"floor":12,"key":"PowerPotion"}],"is_trial":false,"path_per_floor":["M","M","$","M","M","R","E","R","T","M","?","M","M","M","R","B",null,"M","M","$","M"],"character_chosen":"THE_SILENT","items_purchased":["Noxious Fumes","Deadly Poison","TwistedFunnel","Glass Knife"],"campfire_rested":1,"item_purchase_floors":[3,3,20,20],"current_hp_per_floor":[60,56,56,52,47,47,33,33,33,33,33,33,33,6,27,2,53,38,25,25,4,0],"gold":17,"neow_bonus":"HUNDRED_GOLD","is_prod":false,"is_daily":false,"chose_seed":false,"campfire_upgraded":2,"win_rate":0,"timestamp":1534705704,"path_taken":["M","M","$","M","M","R","E","R","T","M","?","M","?","M","R","BOSS","M","M","?","?","M"],"build_version":"2018-08-16","purchased_purges":1,"victory":false,"max_hp_per_floor":[70,70,70,70,70,70,70,70,70,70,70,70,70,70,70,70,70,70,70,70,70,70],"card_choices":[{"not_picked":["Backflip","Underhanded Strike"],"picked":"PiercingWail","floor":1},{"not_picked":["Quick Slash","Backflip"],"picked":"Calculated Gamble","floor":2},{"not_picked":["Distraction","Predator","Flying Knee"],"picked":"SKIP","floor":4},{"not_picked":["Backflip","Flechettes"],"picked":"Blur","floor":5},{"not_picked":["Riddle With Holes","Terror"],"picked":"Poisoned Stab","floor":7},{"not_picked":["Reflex","Calculated Gamble"],"picked":"Noxious Fumes","floor":10},{"not_picked":["Reflex","Bullet Time"],"picked":"Noxious Fumes","floor":12},{"not_picked":["Choke","Outmaneuver","Dodge and Roll"],"picked":"SKIP","floor":13},{"not_picked":["Infinite Blades","Deflect"],"picked":"Cloak And Dagger","floor":14},{"not_picked":["Quick Slash","Eviscerate"],"picked":"Distraction","floor":15},{"not_picked":["Doppelganger","Storm of Steel"],"picked":"Die Die Die","floor":16},{"not_picked":["Deflect","Skewer+1"],"picked":"Escape Plan","floor":18},{"not_picked":["Flechettes","Bane"],"picked":"Deadly Poison","floor":19},{"not_picked":["Bane","Well Laid Plans"],"picked":"Sucker Punch+1","floor":21}],"player_experience":243440,"relics_obtained":[{"floor":7,"key":"Blue Candle"},{"floor":9,"key":"Dream Catcher"}],"event_choices":[{"event_name":"The Lab","player_choice":"Got Potions","floor":11,"damage_taken":0}],"is_beta":false,"boss_relics":[{"not_picked":["Snecko Eye","Ring of the Serpent"],"picked":"Sozu"}],"items_purged_floors":[3],"is_endless":false,"potions_floor_spawned":[1,5,7,12,13],"killed_by":"Centurion and Healer","ascension_level":9}