{"gold_per_floor":[111,129,139,139,64,64,64,64,64,95,111,411,428,439,439,510,510,520,500,500,511,245,245,265,265,340,340,366,381,381,123,123,201,201,212,66,77,77,89,106,106,123,123,123,135,135,135,147,147,147],"floor_reached":51,"playtime":1782,"items_purged":["Strike_R","Strike_R","Strike_R+1"],"score":1209,"play_id":"4226d3ca-c39f-4cce-a1b7-3b75b6dd0d0e","local_time":"20180824195523","is_ascension_mode":true,"campfire_choices":[{"data":"True Grit","floor":6.0,"key":"SMITH"},{"data":"Whirlwind","floor":8.0,"key":"SMITH"},{"data":"Shockwave","floor":15.0,"key":"SMITH"},{"data":"Double Tap","floor":23.0,"key":"SMITH"},{"floor":25.0,"key":"REST"},{"floor":32.0,"key":"REST"},{"floor":41,"key":"REST"},{"floor":44,"key":"REST"},{"floor":47,"key":"REST"},{"floor":49,"key":"REST"}],"neow_cost":"NONE","seed_source_timestamp":9607896511758,"circlet_count":0,"master_deck":["Strike_R+1","Strike_R+1","Defend_R+1","Defend_R+1","Defend_R+1","Defend_R+1","Bash+1","AscendersBane","Anger","Rampage+1","True Grit+1","Whirlwind+1","Shockwave+1","Iron Wave","Shrug It Off","Double Tap+1","Disarm","Necronomicurse","Offering","Spot Weakness","Shrug It Off","True Grit+1","Demon Form","Chrysalis","Intimidate+1"],"special_seed":0,"relics":["Burning Blood","Whetstone","Letter Opener","Old Coin","Busted Crown","Vajra","The Courier","Necronomicon","Dream Catcher","Sozu","Boot"],"potions_floor_usage":[42,50],"damage_taken":[{"damage":3.0,"enemies":"Jaw Worm","floor":1.0,"turns":4.0},{"damage":0.0,"enemies":"Small Slimes","floor":2.0,"turns":3.0},{"damage":11.0,"enemies":"Cultist","floor":3.0,"turns":4.0},{"damage":25.0,"enemies":"Lagavulin","floor":10.0,"turns":6.0},{"damage":4.0,"enemies":"Blue Slaver","floor":11.0,"turns":3.0},{"damage":0.0,"enemies":"Lots of Slimes","floor":13.0,"turns":1.0},{"damage":12.0,"enemies":"Large Slime","floor":14.0,"turns":8.0},{"damage":13.0,"enemies":"The Guardian","floor":16.0,"turns":12.0},{"damage":3.0,"enemies":"Chosen","floor":18.0,"turns":3.0},{"damage":6.0,"enemies":"3 Byrds","floor":21.0,"turns":4.0},{"damage":36.0,"enemies":"Shelled Parasite and Fungi","floor":24.0,"turns":7.0},{"damage":0.0,"enemies":"Gremlin Leader","floor":28.0,"turns":1.0},{"damage":12.0,"enemies":"Snake Plant","floor":29.0,"turns":5.0},{"damage":45.0,"enemies":"Collector","floor":33.0,"turns":9.0},{"damage":2.0,"enemies":"Orb Walker","floor":35.0,"turns":3.0},{"damage":21.0,"enemies":"3 Darklings","floor":37.0,"turns":3.0},{"damage":11.0,"enemies":"Maw","floor":39.0,"turns":6.0},{"damage":18,"enemies":"Flame Bruiser 2 Orb","floor":40,"turns":5},{"damage":52,"enemies":"Spire Growth","floor":42,"turns":5},{"damage":0,"enemies":"Sphere and 2 Shapes","floor":45,"turns":1},{"damage":12,"enemies":"Flame Bruiser 2 Orb","floor":48,"turns":3},{"damage":30,"enemies":"Awakened One","floor":50,"turns":10}],"seed_played":"5250059925763649349","potions_obtained":[{"floor":1.0,"key":"Explosive Potion"},{"floor":14.0,"key":"Swift Potion"},{"floor":16.0,"key":"SteroidPotion"},{"floor":19.0,"key":"SteroidPotion"},{"floor":29.0,"key":"Explosive Potion"},{"floor":33.0,"key":"Dexterity Potion"}],"is_trial":false,"path_per_floor":["M","M","M","?","$","R","?","R","T","E","M","T","M","M","R","B",null,"M","?","?","M","$","R","M","R","T","?","E","M","?","$","R","B",null,"M","$","M","$","M","M","R","M","T","R","M","?","R","M","R","B"],"character_chosen":"IRONCLAD","items_purchased":["Vajra","Spot Weakness","Block Potion","Shrug It Off","Demon Form"],"campfire_rested":6,"item_purchase_floors":[22,31,31,31,36],"current_hp_per_floor":[71,75,70,70,70,70,70,70,70,51,53,53,59,53,53,46,68,71,71,71,71,71,71,41,63,63,42,48,42,42,42,64,25,63,67,67,52,52,47,35,57,11,11,33,39,39,61,55,75,51],"gold":147,"neow_bonus":"UPGRADE_CARD","is_prod":false,"is_daily":false,"chose_seed":false,"campfire_upgraded":4,"win_rate":0,"timestamp":1535165723,"path_taken":["M","M","M","?","$","R","?","R","T","E","?","?","M","M","R","BOSS","M","?","?","M","$","R","M","R","T","?","E","M","?","$","R","BOSS","M","$","M","$","M","M","R","M","T","R","M","?","R","M","R","BOSS"],"build_version":"2018-08-23v2","purchased_purges":3,"victory":true,"max_hp_per_floor":[75,75,75,75,75,75,75,75,75,75,75,75,75,75,75,75,75,75,75,75,75,75,75,75,75,75,75,75,75,75,75,75,75,75,75,75,75,75,75,75,75,75,75,75,75,75,75,75,75,75],"card_choices":[{"not_picked":["Feel No Pain","Carnage"],"picked":"Anger","floor":1.0},{"not_picked":["Twin Strike","Body Slam"],"picked":"Rampage","floor":2.0},{"not_picked":["Heavy Blade","Burning Pact"],"picked":"True Grit","floor":3.0},{"not_picked":["Perfected Strike","Iron Wave"],"picked":"Shockwave","floor":10.0},{"not_picked":["Infernal Blade","Wild Strike","Anger"],"picked":"SKIP","floor":11.0},{"not_picked":["Power Through","Wild Strike"],"picked":"Iron Wave","floor":13.0},{"not_picked":["Brutality","Blood for Blood"],"picked":"Shrug It Off","floor":14.0},{"not_picked":["Barricade","Immolate"],"picked":"Double Tap","floor":16.0},{"not_picked":["Pommel Strike"],"picked":"SKIP","floor":18.0},{"not_picked":[],"picked":"Disarm","floor":21.0},{"not_picked":["Anger"],"picked":"SKIP","floor":24.0},{"not_picked":[],"picked":"Offering","floor":28.0},{"not_picked":["Heavy Blade"],"picked":"SKIP","floor":29.0},{"not_picked":[],"picked":"True Grit+1","floor":35.0},{"not_picked":["Clash"],"picked":"SKIP","floor":37.0},{"not_picked":["Burning Pact"],"picked":"SKIP","floor":39.0},{"not_picked":["Flex"],"picked":"SKIP","floor":40},{"not_picked":["Sever Soul"],"picked":"SKIP","floor":42},{"not_picked":["Warcry"],"picked":"SKIP","floor":45},{"not_picked":[],"picked":"Chrysalis","floor":46},{"not_picked":["True Grit"],"picked":"SKIP","floor":48},{"not_picked":[],"picked":"Intimidate+1","floor":49}],"player_experience":1034221,"relics_obtained":[{"floor":9.0,"key":"Whetstone"},{"floor":10.0,"key":"Letter Opener"},{"floor":12.0,"key":"Old Coin"},{"floor":26.0,"key":"The Courier"},{"floor":27.0,"key":"Necronomicon"},{"floor":28.0,"key":"Dream Catcher"},{"floor":43,"key":"Boot"}],"event_choices":[{"event_name":"Living Wall","player_choice":"Grow","floor":4.0,"damage_taken":0.0},{"event_name":"Match and Keep!","player_choice":"1 cards matched","floor":7.0,"damage_taken":0.0},{"event_name":"The Woman in Blue","player_choice":"Bought 1 Potion","floor":19.0,"damage_taken":0.0},{"event_name":"Ghosts","player_choice":"Ignored","floor":20.0,"damage_taken":0.0},{"event_name":"Cursed Tome","player_choice":"Obtained Book","floor":27.0,"damage_taken":0.0},{"event_name":"Back to Basics","player_choice":"Simplicity","floor":30.0,"damage_taken":0.0},{"event_name":"SensoryStone","player_choice":"Memory 1","floor":46,"damage_taken":0}],"is_beta":false,"boss_relics":[{"not_picked":["Black Star","Eternal Feather"],"picked":"Busted Crown"},{"not_picked":["Orrery","Astrolabe"],"picked":"Sozu"}],"items_purged_floors":[5,22,31],"is_endless":false,"potions_floor_spawned":[1,14,16,29,33,35,39,42,45],"ascension_level":16}