{"gold_per_floor":[116,131,131,142,217,217,230,265,291,291,320,339,373,131,131,202,202,216,234,59,59,59,70,70,83,138,138,138,152,152,183,183,262,262,272,44,58,70,84,84,97,97,97,146,146,164,81,94,94,94,94],"floor_reached":51,"playtime":2390,"items_purged":["Clash"],"score":1278,"play_id":"c62b1ae5-6f94-431c-acb2-f6e84b1bab39","local_time":"20181016100353","daily_mods":["SealedDeck"],"is_ascension_mode":true,"campfire_choices":[{"data":"Flex","floor":6.0,"key":"SMITH"},{"data":"Clothesline","floor":10.0,"key":"SMITH"},{"data":"Demon Form","floor":15.0,"key":"SMITH"},{"data":"True Grit","floor":24.0,"key":"SMITH"},{"data":"True Grit","floor":28.0,"key":"SMITH"},{"data":"Exhume","floor":30.0,"key":"SMITH"},{"floor":32.0,"key":"REST"},{"data":"Shrug It Off","floor":40.0,"key":"SMITH"},{"data":"Sword Boomerang","floor":42.0,"key":"SMITH"},{"floor":49,"key":"REST"}],"neow_cost":"","seed_source_timestamp":0,"circlet_count":0,"master_deck":["AscendersBane","Cleave","Pommel Strike","Disarm+1","Sword Boomerang+1","Iron Wave","Twin Strike","Anger","Flex+1","Battle Trance+1","Clothesline+1","Demon Form+1","Impervious","Exhume+1","True Grit+1","True Grit+1","Offering","Pommel Strike+1","Fiend Fire","Shrug It Off+1","Sword Boomerang+1","Trip","Heavy Blade","Whirlwind+1"],"special_seed":0,"relics":["Black Blood","Regal Pillow","Omamori","War Paint","Potion Belt","Strawberry","Enchiridion","Orichalcum","Busted Crown","Bag of Preparation","Mercury Hourglass","Gambling Chip"],"potions_floor_usage":[50,50,51,51],"damage_taken":[{"damage":7.0,"enemies":"Jaw Worm","floor":1.0,"turns":2.0},{"damage":0.0,"enemies":"Cultist","floor":2.0,"turns":2.0},{"damage":1.0,"enemies":"2 Louse","floor":4.0,"turns":2.0},{"damage":0.0,"enemies":"Large Slime","floor":7.0,"turns":2.0},{"damage":4.0,"enemies":"Gremlin Nob","floor":8.0,"turns":3.0},{"damage":8.0,"enemies":"Lagavulin","floor":11.0,"turns":3.0},{"damage":3.0,"enemies":"Looter","floor":12.0,"turns":2.0},{"damage":1.0,"enemies":"Gremlin Nob","floor":13.0,"turns":3.0},{"damage":54.0,"enemies":"The Guardian","floor":16.0,"turns":6.0},{"damage":23.0,"enemies":"Shell Parasite","floor":18.0,"turns":4.0},{"damage":21.0,"enemies":"2 Thieves","floor":19.0,"turns":4.0},{"damage":8.0,"enemies":"Snake Plant","floor":23.0,"turns":7.0},{"damage":22.0,"enemies":"3 Cultists","floor":25.0,"turns":4.0},{"damage":8.0,"enemies":"Sentry and Sphere","floor":29.0,"turns":4.0},{"damage":34.0,"enemies":"Slavers","floor":31.0,"turns":3.0},{"damage":24.0,"enemies":"Champ","floor":33.0,"turns":9.0},{"damage":5.0,"enemies":"3 Shapes","floor":35.0,"turns":6.0},{"damage":36.0,"enemies":"3 Darklings","floor":37.0,"turns":5.0},{"damage":20.0,"enemies":"Reptomancer","floor":38.0,"turns":5.0},{"damage":6.0,"enemies":"Maw","floor":39.0,"turns":7.0},{"damage":16.0,"enemies":"4 Shapes","floor":41.0,"turns":4.0},{"damage":6.0,"enemies":"Mysterious Sphere","floor":44.0,"turns":5.0},{"damage":6.0,"enemies":"Transient","floor":46.0,"turns":6.0},{"damage":20,"enemies":"3 Darklings","floor":48,"turns":4},{"damage":60,"enemies":"Awakened One","floor":50,"turns":8},{"damage":30,"enemies":"Donu and Deca","floor":51,"turns":2}],"seed_played":"-6132902200071827813","potions_obtained":[{"floor":1.0,"key":"Ancient Potion"},{"floor":3.0,"key":"Swift Potion"},{"floor":3.0,"key":"PowerPotion"},{"floor":13.0,"key":"LiquidBronze"},{"floor":16.0,"key":"Energy Potion"},{"floor":19.0,"key":"BloodPotion"},{"floor":25.0,"key":"LiquidBronze"},{"floor":29.0,"key":"SpeedPotion"},{"floor":37.0,"key":"PowerPotion"},{"floor":46.0,"key":"AttackPotion"}],"is_trial":true,"path_per_floor":["M","M","?","M","?","R","M","E","T","R","E","M","E","$","R","B",null,"M","M","$","?","?","M","R","M","T","?","R","M","R","E","R","B",null,"M","$","M","M","M","R","M","R","T","?","?","M","$","M","R","B"],"character_chosen":"IRONCLAD","items_purchased":["Impervious","Offering","Shrug It Off","Bag of Preparation","PowerPotion","Heavy Blade"],"campfire_rested":2,"item_purchase_floors":[14,20,36,36,47,47],"current_hp_per_floor":[67,73,73,75,64,64,70,72,72,72,70,73,75,75,75,27,63,50,39,39,54,54,63,63,51,58,37,37,39,39,15,54,40,72,77,77,51,41,45,45,39,39,39,43,43,47,47,37,76,26,0],"gold":94,"neow_bonus":"","is_prod":false,"is_daily":false,"chose_seed":false,"campfire_upgraded":8,"win_rate":0,"timestamp":1539709433,"path_taken":["M","M","?","M","?","R","M","E","T","R","E","M","E","$","R","BOSS","M","M","$","?","?","M","R","M","T","?","R","M","R","E","R","BOSS","M","$","M","M","M","R","M","R","T","?","?","M","$","?","R","BOSS","BOSS"],"build_version":"2018-10-11","purchased_purges":1,"victory":false,"max_hp_per_floor":[75,75,75,75,75,75,75,75,75,75,75,75,75,75,75,75,75,75,75,75,75,75,75,75,75,82,82,82,82,82,82,82,82,82,82,82,82,82,82,82,82,82,82,82,82,82,82,82,82,82,82],"card_choices":[{"not_picked":["Warcry","Headbutt","Fire Breathing"],"picked":"SKIP","floor":1.0},{"not_picked":["Anger","Hemokinesis","Wild Strike"],"picked":"SKIP","floor":2.0},{"not_picked":["Body Slam","Heavy Blade","Carnage"],"picked":"SKIP","floor":4.0},{"not_picked":["Cleave","Anger","Evolve"],"picked":"SKIP","floor":7.0},{"not_picked":["Battle Trance","Heavy Blade"],"picked":"Clothesline","floor":8.0},{"not_picked":["Clothesline","Pummel","Second Wind"],"picked":"SKIP","floor":11.0},{"not_picked":["Carnage","Warcry"],"picked":"Demon Form","floor":12.0},{"not_picked":["Pummel","Clothesline","Flex"],"picked":"SKIP","floor":13.0},{"not_picked":["Double Tap","Dark Embrace"],"picked":"Exhume","floor":16.0},{"not_picked":["Sentinel","Combust"],"picked":"True Grit","floor":18.0},{"not_picked":["Cleave+1","Carnage"],"picked":"True Grit","floor":19.0},{"not_picked":["Cleave+1","Pommel Strike","Havoc"],"picked":"SKIP","floor":23.0},{"not_picked":["Demon Form","True Grit","Sword Boomerang"],"picked":"SKIP","floor":25.0},{"not_picked":["Blood for Blood","Flex"],"picked":"Pommel Strike+1","floor":29.0},{"not_picked":["Clash","Heavy Blade","Flex"],"picked":"SKIP","floor":31.0},{"not_picked":["Berserk","Dark Embrace"],"picked":"Fiend Fire","floor":33.0},{"not_picked":["Sword Boomerang"],"picked":"SKIP","floor":35.0},{"not_picked":["Wild Strike"],"picked":"SKIP","floor":37.0},{"not_picked":["Iron Wave+1"],"picked":"SKIP","floor":38.0},{"not_picked":["Power Through"],"picked":"SKIP","floor":39.0},{"not_picked":[],"picked":"Sword Boomerang+1","floor":41.0},{"not_picked":[],"picked":"Trip","floor":45.0},{"not_picked":["Thunderclap+1"],"picked":"SKIP","floor":46.0},{"not_picked":[],"picked":"Whirlwind+1","floor":48}],"player_experience":1363449,"relics_obtained":[{"floor":8.0,"key":"Regal Pillow"},{"floor":9.0,"key":"Omamori"},{"floor":11.0,"key":"War Paint"},{"floor":13.0,"key":"Potion Belt"},{"floor":26.0,"key":"Strawberry"},{"floor":27.0,"key":"Enchiridion"},{"floor":31.0,"key":"Orichalcum"},{"floor":43.0,"key":"Mercury Hourglass"},{"floor":44.0,"key":"Gambling Chip"}],"event_choices":[{"event_name":"The Lab","player_choice":"Got Potions","floor":3.0,"damage_taken":0.0},{"event_name":"World of Goop","player_choice":"Gather Gold","floor":5.0,"damage_taken":0.0},{"event_name":"The Library","player_choice":"Heal","floor":21.0,"damage_taken":0.0},{"event_name":"Beggar","player_choice":"Ignored","floor":22.0,"damage_taken":0.0},{"event_name":"Cursed Tome","player_choice":"Obtained Book","floor":27.0,"damage_taken":0.0},{"event_name":"Mysterious Sphere","player_choice":"Fight","floor":44.0,"damage_taken":0.0},{"event_name":"SensoryStone","player_choice":"Memory 1","floor":45.0,"damage_taken":0.0}],"is_beta":false,"boss_relics":[{"not_picked":["Astrolabe","White Beast Statue"],"picked":"Black Blood"},{"not_picked":["Sozu","Black Star"],"picked":"Busted Crown"}],"items_purged_floors":[14],"is_endless":false,"potions_floor_spawned":[1,4,11,13,16,19,25,29,37,38,41,46],"killed_by":"Donu and Deca","ascension_level":20}