{"gold_per_floor":[112,123,133,83,100,135,135,170,170,186,186,202,202,46,46,146,146,162,162,87,97,97,131,148,163,243,275,275,304,304,322,322,426,426,437,457,457,457,476,510,510,510,536,564,564,580,607,194,194,194],"floor_reached":51,"playtime":7009,"items_purged":["Strike_B","Enlightenment"],"score":1000,"play_id":"e90fd03f-1eba-484f-8de5-7ba1ab1d86aa","local_time":"20190114222719","is_ascension_mode":true,"campfire_choices":[{"floor":7,"key":"REST"},{"data":"White Noise","floor":13,"key":"SMITH"},{"data":"Defragment","floor":15,"key":"SMITH"},{"data":"Zap","floor":28,"key":"PURGE"},{"data":"Loop","floor":32,"key":"SMITH"},{"floor":41,"key":"RECALL"},{"data":"Capacitor","floor":45,"key":"SMITH"},{"data":"Creative AI","floor":49,"key":"SMITH"}],"neow_cost":"PERCENT_DAMAGE","seed_source_timestamp":7802144454628,"circlet_count":0,"master_deck":["Strike_B","Defend_B","Dualcast","Streamline","Rebound","White Noise+1","Defragment+1","Cold Snap","Conserve Battery","Loop+1","Self Repair","Redo","Cold Snap","Cold Snap","Capacitor+1","White Noise+1","Ball Lightning+1","Rebound","Heatsinks+1","Go for the Eyes","Creative AI+1","Conserve Battery+1","Madness","Madness","Blizzard","Rebound+1","Static Discharge"],"relics":["Cracked Core","Peace Pipe","Mummified Hand","Sundial","FaceOfCleric","Black Star","Kunai","Letter Opener","Bottled Lightning","Pear","Calipers","Bag of Marbles","Bag of Preparation","Juzu Bracelet","Nuclear Battery","Pen Nib","StoneCalendar","Ancient Tea Set","Strawberry","Dream Catcher","Regal Pillow","Cables","Ornamental Fan"],"potions_floor_usage":[6,8,16,27,29,40,50],"damage_taken":[{"damage":0,"enemies":"Cultist","floor":1,"turns":3},{"damage":5,"enemies":"Small Slimes","floor":2,"turns":3},{"damage":6,"enemies":"Jaw Worm","floor":3,"turns":3},{"damage":7,"enemies":"2 Fungi Beasts","floor":5,"turns":3},{"damage":28,"enemies":"Gremlin Nob","floor":6,"turns":4},{"damage":10,"enemies":"3 Sentries","floor":8,"turns":7},{"damage":1,"enemies":"Red Slaver","floor":10,"turns":3},{"damage":0,"enemies":"Gremlin Gang","floor":12,"turns":1},{"damage":0,"enemies":"Slime Boss","floor":16,"turns":9},{"damage":0,"enemies":"3 Byrds","floor":18,"turns":2},{"damage":0,"enemies":"Chosen","floor":21,"turns":4},{"damage":14,"enemies":"Book of Stabbing","floor":23,"turns":6},{"damage":21,"enemies":"Snake Plant","floor":24,"turns":4},{"damage":10,"enemies":"Cultist and Chosen","floor":25,"turns":8},{"damage":28,"enemies":"Gremlin Leader","floor":27,"turns":6},{"damage":0,"enemies":"Book of Stabbing","floor":29,"turns":4},{"damage":0,"enemies":"Centurion and Healer","floor":31,"turns":3},{"damage":0,"enemies":"Automaton","floor":33,"turns":10},{"damage":3,"enemies":"3 Darklings","floor":35,"turns":3},{"damage":0,"enemies":"Orb Walker","floor":36,"turns":2},{"damage":10,"enemies":"Sphere and 2 Shapes","floor":39,"turns":5},{"damage":0,"enemies":"Giant Head","floor":40,"turns":9},{"damage":30,"enemies":"Reptomancer","floor":44,"turns":4},{"damage":5,"enemies":"Transient","floor":46,"turns":5},{"damage":1,"enemies":"Giant Head","floor":47,"turns":7},{"damage":55,"enemies":"Time Eater","floor":50,"turns":11}],"seed_played":"-726423319754986189","potions_obtained":[{"floor":3,"key":"Regen Potion"},{"floor":6,"key":"Fire Potion"},{"floor":10,"key":"Swift Potion"},{"floor":12,"key":"FocusPotion"},{"floor":21,"key":"Swift Potion"},{"floor":25,"key":"Block Potion"},{"floor":29,"key":"Ancient Potion"},{"floor":31,"key":"Regen Potion"},{"floor":36,"key":"LiquidBronze"},{"floor":39,"key":"Weak Potion"},{"floor":46,"key":"Block Potion"}],"is_trial":false,"path_per_floor":["M","M","M","?","M","E","R","E","T","M","?","M","R","$","R","B",null,"M","?","?","M","?","E","M","M","T","E","R","E","?","M","R","B",null,"M","M","?","?","M","E","R","?","T","E","R","M","E","$","R","B",null],"character_chosen":"DEFECT","items_purchased":["Self Repair","Ornamental Fan","Static Discharge"],"campfire_rested":1,"item_purchase_floors":[14,48,48],"current_hp_per_floor":[54,49,43,43,36,20,42,32,32,31,31,32,32,32,32,40,77,78,78,78,79,79,73,60,58,68,48,48,56,56,64,64,72,96,97,98,98,86,84,92,92,92,92,77,77,80,87,87,87,33],"gold":194,"neow_bonus":"REMOVE_TWO","is_prod":false,"is_daily":false,"chose_seed":false,"campfire_upgraded":5,"win_rate":0,"timestamp":1547512039,"path_taken":["M","M","M","?","M","E","R","E","T","M","?","M","R","$","R","BOSS","M","?","?","M","?","E","M","?","T","E","R","E","?","M","R","BOSS","M","M","?","?","M","E","R","?","T","E","R","M","E","$","R","BOSS"],"build_version":"2019-01-10","purchased_purges":2,"victory":true,"max_hp_per_floor":[75,75,75,75,75,75,75,75,75,75,75,76,76,76,76,77,77,78,78,78,79,79,80,81,82,92,93,93,94,94,95,95,96,96,97,98,98,98,99,100,100,100,100,108,108,109,110,110,110,111],"card_choices":[{"not_picked":["Go for the Eyes","Aggregate"],"picked":"Streamline","floor":1},{"not_picked":["Aggregate","Cold Snap"],"picked":"Rebound","floor":2},{"not_picked":["Reinforced Body","Conserve Battery"],"picked":"White Noise","floor":3},{"not_picked":["Rip and Tear","Beam Cell"],"picked":"Defragment","floor":5},{"not_picked":["Barrage","FTL"],"picked":"Cold Snap","floor":6},{"not_picked":["Leap","Glacier"],"picked":"Conserve Battery","floor":8},{"not_picked":["Hologram","Compile Driver","Echo Form"],"picked":"SKIP","floor":10},{"not_picked":["Barrage","Steam"],"picked":"Loop","floor":12},{"not_picked":["Force Field","Scrape"],"picked":"Redo","floor":18},{"not_picked":["Static Discharge","Redo"],"picked":"Cold Snap","floor":21},{"not_picked":["Undo","Gash"],"picked":"Capacitor","floor":23},{"not_picked":["Fusion","Rip and Tear"],"picked":"White Noise+1","floor":24},{"not_picked":["Barrage","Auto Shields"],"picked":"Ball Lightning+1","floor":25},{"not_picked":["Lockon","Leap"],"picked":"Rebound","floor":27},{"not_picked":["Static Discharge","Hyperbeam"],"picked":"Heatsinks+1","floor":29},{"not_picked":["Coolheaded+1","Scrape"],"picked":"Go for the Eyes","floor":31},{"not_picked":["Hyperbeam","Biased Cognition"],"picked":"Creative AI","floor":33},{"not_picked":["Steam+1","Doom and Gloom+1"],"picked":"Conserve Battery+1","floor":35},{"not_picked":["Steam","Rip and Tear","Ball Lightning"],"picked":"SKIP","floor":36},{"not_picked":["Madness","Flash of Steel"],"picked":"Enlightenment","floor":37},{"not_picked":["Skim","Leap","Reprogram+1"],"picked":"SKIP","floor":39},{"not_picked":["Coolheaded","All For One","Hologram+1"],"picked":"SKIP","floor":40},{"not_picked":["Cold Snap","Steam+1","Compile Driver+1"],"picked":"SKIP","floor":44},{"not_picked":["Leap","Conserve Battery"],"picked":"Blizzard","floor":46},{"not_picked":["Cold Snap+1","Fusion"],"picked":"Rebound+1","floor":47}],"player_experience":85672,"relics_obtained":[{"floor":6,"key":"Peace Pipe"},{"floor":8,"key":"Mummified Hand"},{"floor":9,"key":"Sundial"},{"floor":23,"key":"Letter Opener"},{"floor":23,"key":"Bottled Lightning"},{"floor":26,"key":"Pear"},{"floor":27,"key":"Calipers"},{"floor":27,"key":"Bag of Marbles"},{"floor":29,"key":"Bag of Preparation"},{"floor":29,"key":"Juzu Bracelet"},{"floor":40,"key":"Pen Nib"},{"floor":40,"key":"StoneCalendar"},{"floor":43,"key":"Ancient Tea Set"},{"floor":44,"key":"Strawberry"},{"floor":44,"key":"Dream Catcher"},{"floor":47,"key":"Regal Pillow"},{"floor":47,"key":"Cables"}],"event_choices":[{"cards_removed":["Strike_B"],"damage_healed":0,"gold_gain":0,"player_choice":"Card Removal","damage_taken":0,"max_hp_gain":0,"max_hp_loss":0,"event_name":"The Cleric","floor":4,"gold_loss":50},{"damage_healed":0,"gold_gain":0,"player_choice":"Trade","damage_taken":0,"relics_obtained":["FaceOfCleric"],"max_hp_gain":0,"max_hp_loss":0,"event_name":"FaceTrader","floor":11,"gold_loss":0},{"damage_healed":0,"gold_gain":0,"player_choice":"Opened","damage_taken":0,"relics_obtained":["Kunai"],"max_hp_gain":0,"max_hp_loss":0,"event_name":"The Mausoleum","floor":19,"gold_loss":0},{"cards_removed":["Defend_B"],"damage_healed":0,"gold_gain":0,"player_choice":"Gave Gold","damage_taken":0,"max_hp_gain":0,"max_hp_loss":0,"event_name":"Beggar","floor":20,"gold_loss":75},{"damage_healed":0,"gold_gain":0,"player_choice":"1 cards matched","damage_taken":0,"max_hp_gain":0,"max_hp_loss":0,"event_name":"Match and Keep!","floor":22,"gold_loss":0,"cards_obtained":["Cold Snap"]},{"damage_healed":0,"gold_gain":0,"player_choice":"Ignored","damage_taken":0,"max_hp_gain":0,"max_hp_loss":0,"event_name":"Ghosts","floor":30,"gold_loss":0},{"damage_healed":0,"gold_gain":0,"player_choice":"Memory 1","damage_taken":0,"max_hp_gain":0,"max_hp_loss":0,"event_name":"SensoryStone","floor":37,"gold_loss":0},{"damage_healed":0,"gold_gain":0,"player_choice":"Embrace Madness","damage_taken":12,"max_hp_gain":0,"max_hp_loss":0,"event_name":"Winding Halls","floor":38,"gold_loss":0,"cards_obtained":["Madness","Madness"]},{"cards_removed":["Defend_B"],"damage_healed":0,"gold_gain":0,"player_choice":"Removed Skill","damage_taken":0,"max_hp_gain":0,"max_hp_loss":0,"event_name":"Falling","floor":42,"gold_loss":0}],"is_beta":false,"boss_relics":[{"not_picked":["Fusion Hammer","Runic Dome"],"picked":"Black Star"},{"not_picked":["Empty Cage","Eternal Feather"],"picked":"Nuclear Battery"}],"items_purged_floors":[14,48],"is_endless":false,"potions_floor_spawned":[3,6,10,12,21,25,29,31,36,39,46],"ascension_level":1}