{"gold_per_floor":[15,25,40,52,66,66,66,84,136,136,149,149,167,196,196,291,291,301,69,69,69,104,104,139,139,139,149,176,101,114,130,130,227,227,238,460,460,60,60,60,93,93,93,93,103,113,132,146,146,146],"floor_reached":51,"playtime":4426,"items_purged":["Strike_G","Defend_G"],"score":727,"play_id":"fa1e4259-c717-481d-9632-d7b4422c6886","local_time":"20181017033456","is_ascension_mode":true,"campfire_choices":[{"data":"Deadly Poison","floor":7,"key":"SMITH"},{"data":"Neutralize","floor":10,"key":"SMITH"},{"floor":15,"key":"REST"},{"data":"Envenom","floor":23,"key":"SMITH"},{"floor":25,"key":"REST"},{"floor":32,"key":"REST"},{"data":"Noxious Fumes","floor":40,"key":"SMITH"},{"data":"Chrysalis","floor":44,"key":"SMITH"},{"data":"Discovery","floor":49,"key":"SMITH"}],"neow_cost":"NO_GOLD","seed_source_timestamp":487118075921357,"circlet_count":0,"master_deck":["Defend_G","Defend_G","Defend_G","Defend_G","Strike_G","Strike_G","Strike_G+1","Survivor","Neutralize+1","Deadly Poison+1","Well Laid Plans","Dagger Throw","Backstab","Burst","Poisoned Stab+1","Backstab","Bane","Envenom+1","Well Laid Plans+1","Necronomicurse","Deflect","Underhanded Strike","Riddle With Holes+1","Poisoned Stab","Noxious Fumes","Poisoned Stab+1","Noxious Fumes+1","Discovery+1","Chrysalis+1","Blade Dance+1","Backflip+1","Distraction+1","Endless Agony+1"],"relics":["Ring of the Snake","Bird Faced Urn","Vajra","Matryoshka","WristBlade","Happy Flower","Necronomicon","Red Mask","Bag of Marbles","Lantern","Gremlin Horn","Orichalcum","Runic Pyramid","Strawberry","Incense Burner","Boot","The Specimen"],"potions_floor_usage":[14,16,28,33],"damage_taken":[{"damage":7,"enemies":"Cultist","floor":1,"turns":7},{"damage":0,"enemies":"Jaw Worm","floor":2,"turns":3},{"damage":0,"enemies":"Small Slimes","floor":3,"turns":3},{"damage":6,"enemies":"2 Fungi Beasts","floor":4,"turns":5},{"damage":2,"enemies":"Looter","floor":5,"turns":3},{"damage":16,"enemies":"Large Slime","floor":8,"turns":7},{"damage":0,"enemies":"2 Fungi Beasts","floor":11,"turns":2},{"damage":4,"enemies":"Exordium Wildlife","floor":13,"turns":5},{"damage":8,"enemies":"Lagavulin","floor":14,"turns":4},{"damage":46,"enemies":"Slime Boss","floor":16,"turns":9},{"damage":5,"enemies":"Spheric Guardian","floor":18,"turns":3},{"damage":10,"enemies":"Masked Bandits","floor":22,"turns":5},{"damage":36,"enemies":"Slavers","floor":24,"turns":7},{"damage":0,"enemies":"Shell Parasite","floor":27,"turns":1},{"damage":17,"enemies":"Gremlin Leader","floor":28,"turns":6},{"damage":3,"enemies":"Snake Plant","floor":30,"turns":2},{"damage":0,"enemies":"Shelled Parasite and Fungi","floor":31,"turns":1},{"damage":39,"enemies":"Automaton","floor":33,"turns":5},{"damage":0,"enemies":"3 Shapes","floor":35,"turns":4},{"damage":19,"enemies":"2 Orb Walkers","floor":41,"turns":3},{"damage":0,"enemies":"Mind Bloom Boss Battle","floor":42,"turns":4},{"damage":4,"enemies":"3 Darklings","floor":45,"turns":4},{"damage":0,"enemies":"Transient","floor":46,"turns":5},{"damage":8,"enemies":"Spire Growth","floor":47,"turns":4},{"damage":0,"enemies":"Maw","floor":48,"turns":6},{"damage":67,"enemies":"Time Eater","floor":50,"turns":11}],"seed_played":"7747544098347730117","potions_obtained":[{"floor":1,"key":"FairyPotion"},{"floor":8,"key":"Explosive Potion"},{"floor":11,"key":"SkillPotion"},{"floor":27,"key":"PowerPotion"},{"floor":28,"key":"Swift Potion"}],"is_trial":false,"path_per_floor":["M","M","M","M","M","?","R","M","T","R","M","?","M","E","R","B",null,"M","$","?","$","?","R","E","R","T","M","E","?","M","M","R","B",null,"M","?","?","$","?","R","E","?","T","R","M","M","M","M","R","B"],"character_chosen":"THE_SILENT","items_purchased":["Happy Flower","Noxious Fumes","Regen Potion","Discovery","Energy Potion"],"campfire_rested":3,"item_purchase_floors":[19,38,38,38,38],"current_hp_per_floor":[77,77,77,71,69,66,66,50,50,50,50,33,31,25,50,6,84,79,79,63,63,59,59,29,54,54,56,47,47,48,48,73,42,84,84,84,84,84,84,84,76,82,82,82,84,91,87,91,91,32],"gold":146,"neow_bonus":"TWENTY_PERCENT_HP_BONUS","is_prod":false,"is_daily":false,"chose_seed":false,"campfire_upgraded":6,"win_rate":0,"timestamp":1539740096,"path_taken":["M","M","M","M","?","?","R","M","T","R","M","?","M","E","R","BOSS","M","$","?","$","?","R","E","R","T","?","E","?","M","M","R","BOSS","M","?","?","$","?","R","E","?","T","R","M","M","?","?","R","BOSS"],"build_version":"2018-10-11","purchased_purges":2,"victory":true,"max_hp_per_floor":[84,84,84,84,84,84,84,84,84,84,84,84,84,84,84,84,84,84,84,84,84,84,84,84,84,84,84,84,84,84,84,84,84,84,84,84,84,84,84,84,91,91,91,91,91,91,91,91,91,91],"card_choices":[{"not_picked":["Leg Sweep","PiercingWail"],"picked":"Deadly Poison","floor":1},{"not_picked":["Prepared","Dash"],"picked":"Well Laid Plans","floor":2},{"not_picked":["Acrobatics","Infinite Blades"],"picked":"Dagger Throw","floor":3},{"not_picked":["Masterful Stab","Quick Slash"],"picked":"Backstab","floor":4},{"not_picked":["Blade Dance","Acrobatics"],"picked":"Burst","floor":5},{"not_picked":["Cloak And Dagger","Flying Knee"],"picked":"Poisoned Stab","floor":8},{"not_picked":["Dagger Throw","Finisher","Storm of Steel"],"picked":"SKIP","floor":11},{"not_picked":["Flechettes","Calculated Gamble"],"picked":"Backstab","floor":13},{"not_picked":["Quick Slash","Leg Sweep"],"picked":"Bane","floor":14},{"not_picked":["Glass Knife","Venomology"],"picked":"Envenom","floor":16},{"not_picked":["Quick Slash","Escape Plan"],"picked":"Well Laid Plans+1","floor":18},{"not_picked":["Dodge and Roll","Expertise"],"picked":"Deflect","floor":22},{"not_picked":["Blade Dance","Blur"],"picked":"Underhanded Strike","floor":24},{"not_picked":["Prepared","Quick Slash"],"picked":"Riddle With Holes+1","floor":27},{"not_picked":["Flechettes","Tools of the Trade"],"picked":"Poisoned Stab","floor":28},{"not_picked":["Deflect","Footwork+1"],"picked":"Noxious Fumes","floor":30},{"not_picked":["Prepared","Bane"],"picked":"Poisoned Stab+1","floor":31},{"not_picked":["Bullet Time","Doppelganger"],"picked":"Wraith Form v2","floor":33},{"not_picked":["Cloak And Dagger","Prepared","Bane+1"],"picked":"SKIP","floor":35},{"not_picked":["Madness","Transmutation"],"picked":"Chrysalis","floor":39},{"not_picked":["Finisher","Flying Knee"],"picked":"Blade Dance+1","floor":41},{"not_picked":["Dodge and Roll+1","Prepared+1"],"picked":"Backflip+1","floor":42},{"not_picked":["Prepared+1","Dodge and Roll","Dash+1"],"picked":"SKIP","floor":45},{"not_picked":["Bane+1","Deflect+1"],"picked":"Distraction+1","floor":46},{"not_picked":["Storm of Steel","Outmaneuver+1"],"picked":"Endless Agony+1","floor":47},{"not_picked":["Cloak And Dagger+1","Sucker Punch","Heel Hook"],"picked":"SKIP","floor":48}],"player_experience":95086,"relics_obtained":[{"floor":9,"key":"Vajra"},{"floor":14,"key":"Matryoshka"},{"floor":20,"key":"Necronomicon"},{"floor":22,"key":"Red Mask"},{"floor":24,"key":"Bag of Marbles"},{"floor":26,"key":"Lantern"},{"floor":26,"key":"Gremlin Horn"},{"floor":28,"key":"Orichalcum"},{"floor":41,"key":"Strawberry"},{"floor":42,"key":"Incense Burner"},{"floor":43,"key":"Boot"},{"floor":43,"key":"The Specimen"}],"event_choices":[{"event_name":"Scrap Ooze","player_choice":"success","floor":6,"damage_taken":3},{"event_name":"Shining Light","player_choice":"Entered Light","floor":12,"damage_taken":0},{"event_name":"Cursed Tome","player_choice":"Obtained Book","floor":20,"damage_taken":0},{"event_name":"Masked Bandits","player_choice":"Fought Bandits","floor":22,"damage_taken":0},{"event_name":"Beggar","player_choice":"Gave Gold","floor":29,"damage_taken":0},{"event_name":"Tomb of Lord Red Mask","player_choice":"Wore Mask","floor":36,"damage_taken":0},{"event_name":"Falling","player_choice":"Removed Power","floor":37,"damage_taken":0},{"event_name":"SensoryStone","player_choice":"Memory 1","floor":39,"damage_taken":0},{"event_name":"MindBloom","player_choice":"Fight","floor":42,"damage_taken":0}],"is_beta":false,"boss_relics":[{"not_picked":["White Beast Statue","Coffee Dripper"],"picked":"WristBlade"},{"not_picked":["Philosopher\u0027s Stone","Busted Crown"],"picked":"Runic Pyramid"}],"items_purged_floors":[19,38],"is_endless":false,"potions_floor_spawned":[1,8,11,13,27,28,41,45,46],"ascension_level":1}