{"gold_per_floor":[113,113,113,113,133,133,113,113,113,137,153,187,88,111,111,204,204,225,245,245,41,41,41,80,80,80,80,95,120,136,160,160,160],"floor_reached":33,"playtime":889,"items_purged":["Injury","Strike_R"],"score":511,"play_id":"4e4fe6ca-d584-44e8-a497-21c304eef7ed","local_time":"25611122235318","is_ascension_mode":true,"campfire_choices":[{"data":"Carnage","floor":6.0,"key":"SMITH"},{"data":"1","floor":8.0,"key":"LIFT"},{"data":"Rampage","floor":15.0,"key":"SMITH"},{"data":"Armaments","floor":23.0,"key":"SMITH"},{"floor":25.0,"key":"REST"},{"floor":32.0,"key":"REST"}],"neow_cost":"NONE","seed_source_timestamp":9824820192384,"circlet_count":0,"master_deck":["AscendersBane","Strike_R+1","Strike_R+1","Strike_R+1","Strike_R+1","Defend_R+1","Defend_R+1","Defend_R+1","Defend_R+1","Bash","Carnage+1","Spot Weakness","Ghostly Armor","Rampage+1","Shrug It Off","Limit Break","Armaments+1","Shockwave","Panacea","Carnage+1","Battle Trance"],"special_seed":0,"relics":["Burning Blood","Red Skull","Golden Idol","Girya","Pen Nib","Smiling Mask","Philosopher\u0027s Stone","Art of War","Frozen Egg 2"],"potions_floor_usage":[33],"damage_taken":[{"damage":13.0,"enemies":"Jaw Worm","floor":1.0,"turns":5.0},{"damage":0.0,"enemies":"2 Louse","floor":5.0,"turns":2.0},{"damage":0.0,"enemies":"Cultist","floor":10.0,"turns":2.0},{"damage":11.0,"enemies":"Looter","floor":11.0,"turns":2.0},{"damage":0.0,"enemies":"Gremlin Nob","floor":12.0,"turns":2.0},{"damage":1.0,"enemies":"2 Fungi Beasts","floor":14.0,"turns":3.0},{"damage":38.0,"enemies":"The Guardian","floor":16.0,"turns":10.0},{"damage":14.0,"enemies":"Spheric Guardian","floor":18.0,"turns":4.0},{"damage":33.0,"enemies":"3 Byrds","floor":19.0,"turns":7.0},{"damage":33.0,"enemies":"Slavers","floor":24.0,"turns":5.0},{"damage":9.0,"enemies":"Cultist and Chosen","floor":28.0,"turns":4.0},{"damage":28.0,"enemies":"Sentry and Sphere","floor":29.0,"turns":4.0},{"damage":8.0,"enemies":"Shelled Parasite and Fungi","floor":30.0,"turns":4.0},{"damage":5.0,"enemies":"Centurion and Healer","floor":31.0,"turns":4.0},{"damage":80,"enemies":"Collector","floor":33,"turns":7}],"seed_played":"9084435820776892498","potions_obtained":[{"floor":1.0,"key":"Fire Potion"},{"floor":7.0,"key":"LiquidBronze"},{"floor":11.0,"key":"SkillPotion"},{"floor":12.0,"key":"Block Potion"},{"floor":16.0,"key":"EssenceOfSteel"},{"floor":18.0,"key":"Block Potion"},{"floor":28.0,"key":"Energy Potion"},{"floor":30.0,"key":"Block Potion"}],"is_trial":false,"path_per_floor":["M","?","?","?","M","R","?","R","T","M","M","E","$","M","R","B",null,"M","M","?","$","?","R","E","R","T","?","M","M","M","M","R","B"],"character_chosen":"IRONCLAD","items_purchased":["Shrug It Off","Panacea","LiquidBronze"],"campfire_rested":2,"item_purchase_floors":[13,21,21],"current_hp_per_floor":[61,61,35,40,46,46,46,46,46,52,47,53,53,58,58,26,67,59,32,48,48,48,48,21,45,45,45,42,20,18,19,43,0],"gold":160,"neow_bonus":"RANDOM_COMMON_RELIC","is_prod":false,"is_daily":false,"chose_seed":false,"campfire_upgraded":3,"win_rate":0,"timestamp":1542905598,"path_taken":["M","?","?","?","M","R","?","R","T","M","M","E","$","M","R","BOSS","M","?","?","$","?","R","E","R","T","?","?","M","?","M","R","BOSS"],"build_version":"2018-11-15","purchased_purges":2,"victory":false,"max_hp_per_floor":[75,75,75,80,80,80,80,80,80,80,80,80,80,80,80,80,80,80,80,80,80,80,80,80,80,80,80,80,80,80,80,80,80],"card_choices":[{"not_picked":["Hemokinesis","Clothesline"],"picked":"Carnage","floor":1.0},{"not_picked":["Rupture","Headbutt"],"picked":"Spot Weakness","floor":5.0},{"not_picked":["Metallicize","Warcry"],"picked":"Ghostly Armor","floor":10.0},{"not_picked":["Thunderclap","Wild Strike","Anger"],"picked":"SKIP","floor":11.0},{"not_picked":["Thunderclap","Havoc"],"picked":"Rampage","floor":12.0},{"not_picked":["Perfected Strike","Body Slam","Cleave"],"picked":"SKIP","floor":14.0},{"not_picked":["Barricade","Offering"],"picked":"Limit Break","floor":16.0},{"not_picked":["Iron Wave","Body Slam"],"picked":"Armaments","floor":18.0},{"not_picked":["Feel No Pain","Pommel Strike"],"picked":"Shockwave","floor":19.0},{"not_picked":["Twin Strike","Anger","Infernal Blade"],"picked":"SKIP","floor":24.0},{"not_picked":["Infernal Blade","Iron Wave","Headbutt"],"picked":"SKIP","floor":28.0},{"not_picked":["Thunderclap+1","Power Through+1","Ghostly Armor"],"picked":"SKIP","floor":29.0},{"not_picked":["Pommel Strike","Body Slam"],"picked":"Battle Trance","floor":30.0},{"not_picked":["Anger","Rupture+1","Limit Break"],"picked":"SKIP","floor":31.0}],"player_experience":164387,"relics_obtained":[{"floor":9.0,"key":"Pen Nib"},{"floor":12.0,"key":"Smiling Mask"},{"floor":24.0,"key":"Art of War"},{"floor":26.0,"key":"Frozen Egg 2"}],"event_choices":[{"damage_healed":0.0,"max_hp_gain":0.0,"max_hp_loss":0.0,"gold_gain":0.0,"event_name":"Golden Idol","player_choice":"Take Wound","floor":2.0,"gold_loss":0.0,"damage_taken":0.0,"relics_obtained":["Golden Idol"],"cards_obtained":["Injury"]},{"damage_healed":0.0,"max_hp_gain":0.0,"max_hp_loss":0.0,"gold_gain":0.0,"event_name":"Scrap Ooze","player_choice":"Success","floor":3.0,"gold_loss":0.0,"damage_taken":26.0,"relics_obtained":["Girya"]},{"damage_healed":0.0,"max_hp_gain":5.0,"max_hp_loss":0.0,"gold_gain":0.0,"event_name":"Big Fish","player_choice":"Donut","floor":4.0,"gold_loss":0.0,"damage_taken":0.0},{"damage_healed":0.0,"max_hp_gain":0.0,"max_hp_loss":0.0,"gold_gain":0.0,"event_name":"The Woman in Blue","player_choice":"Bought 1 Potion","floor":7.0,"gold_loss":0.0,"damage_taken":0.0},{"damage_healed":16.0,"max_hp_gain":0.0,"max_hp_loss":0.0,"gold_gain":0.0,"event_name":"The Library","player_choice":"Heal","floor":20.0,"gold_loss":0.0,"damage_taken":0.0},{"damage_healed":0.0,"max_hp_gain":0.0,"max_hp_loss":0.0,"gold_gain":0.0,"event_name":"Back to Basics","player_choice":"Simplicity","floor":22.0,"gold_loss":0.0,"damage_taken":0.0,"cards_upgraded":["Strike_R","Strike_R","Strike_R","Strike_R","Defend_R","Defend_R","Defend_R","Defend_R"]},{"damage_healed":0.0,"max_hp_gain":0.0,"max_hp_loss":0.0,"gold_gain":0.0,"event_name":"Duplicator","player_choice":"Copied","floor":27.0,"gold_loss":0.0,"damage_taken":0.0,"cards_obtained":["Carnage"]}],"is_beta":false,"boss_relics":[{"not_picked":["Black Star","Pandora\u0027s Box"],"picked":"Philosopher\u0027s Stone"}],"items_purged_floors":[13,21],"is_endless":false,"potions_floor_spawned":[1,11,12,16,18,28,30],"killed_by":"Collector","ascension_level":15}