{"gold_per_floor":[118,118,135,149,166,166,166,178,249,249,249,265,440,238,238,333,333,345,345,345,358,448,448,462,462,489,509,524,540,540,540,540,636,636,649,649,649,668,679,679,712,712],"floor_reached":42,"playtime":1523,"items_purged":["Doubt"],"score":420,"play_id":"0971dd92-7e49-4428-a7c7-b5a68a4b4d41","local_time":"20181216123249","is_ascension_mode":false,"campfire_choices":[{"data":"Armaments","floor":6.0,"key":"SMITH"},{"data":"Inflame","floor":11.0,"key":"SMITH"},{"data":"Power Through","floor":15.0,"key":"SMITH"},{"floor":23.0,"key":"REST"},{"floor":25.0,"key":"REST"},{"floor":30.0,"key":"REST"},{"data":"Corruption","floor":32.0,"key":"SMITH"},{"floor":40.0,"key":"REST"}],"neow_cost":"NONE","seed_source_timestamp":13657845825740,"circlet_count":0,"master_deck":["Strike_R+1","Strike_R+1","Strike_R+1","Strike_R+1","Strike_R+1","Defend_R+1","Defend_R+1","Defend_R+1","Defend_R+1","Bash","Uppercut+1","Perfected Strike","Armaments+1","Power Through+1","Inflame+1","Twin Strike","Iron Wave","Pommel Strike","Evolve","Anger","Offering","Twin Strike","Shockwave","Battle Trance","Spot Weakness","Corruption+1","Juggernaut","Perfected Strike+1","Havoc","Warcry+1","Second Wind+1"],"special_seed":0,"relics":["Orrery"],"potions_floor_usage":[42],"damage_taken":[{"damage":6.0,"enemies":"Jaw Worm","floor":1.0,"turns":3.0},{"damage":5.0,"enemies":"Small Slimes","floor":3.0,"turns":3.0},{"damage":0.0,"enemies":"2 Louse","floor":4.0,"turns":3.0},{"damage":1.0,"enemies":"Exordium Wildlife","floor":5.0,"turns":4.0},{"damage":0.0,"enemies":"Blue Slaver","floor":8.0,"turns":3.0},{"damage":0.0,"enemies":"3 Louse","floor":12.0,"turns":3.0},{"damage":42.0,"enemies":"Hexaghost","floor":16.0,"turns":8.0},{"damage":19.0,"enemies":"2 Thieves","floor":18.0,"turns":4.0},{"damage":14.0,"enemies":"3 Byrds","floor":21.0,"turns":6.0},{"damage":14.0,"enemies":"Snake Plant","floor":24.0,"turns":4.0},{"damage":7.0,"enemies":"Snecko","floor":27.0,"turns":5.0},{"damage":9.0,"enemies":"3 Cultists","floor":28.0,"turns":4.0},{"damage":10.0,"enemies":"Centurion and Healer","floor":29.0,"turns":5.0},{"damage":32.0,"enemies":"Champ","floor":33.0,"turns":13.0},{"damage":46.0,"enemies":"3 Darklings","floor":35.0,"turns":7.0},{"damage":7.0,"enemies":"Orb Walker","floor":38.0,"turns":4.0},{"damage":15.0,"enemies":"Maw","floor":39.0,"turns":7.0},{"damage":32.0,"enemies":"Nemesis","floor":41.0,"turns":9.0},{"damage":13,"enemies":"Jaw Worm Horde","floor":42,"turns":3}],"seed_played":"-5715676025139432853","potions_obtained":[{"floor":1.0,"key":"AttackPotion"},{"floor":3.0,"key":"EssenceOfSteel"},{"floor":16.0,"key":"GamblersBrew"},{"floor":18.0,"key":"SpeedPotion"},{"floor":35.0,"key":"Weak Potion"},{"floor":38.0,"key":"Explosive Potion"},{"floor":41.0,"key":"Dexterity Potion"}],"is_trial":false,"path_per_floor":["M","?","M","M","M","R","?","M","T","?","R","M","?","$","R","B",null,"M","?","$","M","?","R","M","R","T","M","M","M","R","?","R","B",null,"M","?","?","M","M","R","E","M"],"character_chosen":"IRONCLAD","items_purchased":["Evolve","Anger"],"campfire_rested":4,"item_purchase_floors":[14,14],"current_hp_per_floor":[74,74,69,69,68,68,73,73,73,73,73,73,73,73,73,31,85,66,66,66,52,36,61,47,72,72,65,56,46,71,71,71,39,85,39,39,39,32,17,42,10,0],"gold":712,"neow_bonus":"BOSS_RELIC","is_prod":false,"is_daily":false,"chose_seed":false,"campfire_upgraded":4,"win_rate":0,"timestamp":1544992369,"path_taken":["M","?","M","M","M","R","?","M","T","?","R","?","?","$","R","BOSS","M","?","$","M","?","R","M","R","T","M","?","M","R","?","R","BOSS","M","?","?","M","M","R","E","M"],"build_version":"2018-12-13","purchased_purges":1,"victory":false,"max_hp_per_floor":[80,80,80,80,80,80,85,85,85,85,85,85,85,85,85,85,85,85,85,85,85,85,85,85,85,85,85,85,85,85,85,85,85,85,85,85,85,85,85,85,85,85],"card_choices":[{"not_picked":["Carnage","Heavy Blade"],"picked":"Uppercut","floor":0.0},{"not_picked":["Body Slam","Pummel"],"picked":"Perfected Strike","floor":0.0},{"not_picked":["Evolve","Headbutt"],"picked":"Armaments","floor":0.0},{"not_picked":["Clash","True Grit"],"picked":"Power Through","floor":0.0},{"not_picked":["Shrug It Off","True Grit"],"picked":"Inflame","floor":0.0},{"not_picked":["Flex","Iron Wave"],"picked":"Twin Strike","floor":1.0},{"not_picked":["Havoc","Double Tap"],"picked":"Iron Wave","floor":3.0},{"not_picked":["Twin Strike","Cleave"],"picked":"Pommel Strike","floor":4.0},{"not_picked":["Thunderclap","Headbutt","Dual Wield"],"picked":"SKIP","floor":5.0},{"not_picked":["Combust","Second Wind","True Grit"],"picked":"SKIP","floor":8.0},{"not_picked":["Reckless Charge","Warcry","Second Wind"],"picked":"SKIP","floor":12.0},{"not_picked":["Berserk","Demon Form"],"picked":"Offering","floor":16.0},{"not_picked":["Rage","Warcry"],"picked":"Twin Strike","floor":18.0},{"not_picked":["Twin Strike","Clothesline"],"picked":"Shockwave","floor":21.0},{"not_picked":["Body Slam","Metallicize"],"picked":"Battle Trance","floor":24.0},{"not_picked":["Bloodletting","Body Slam","Inflame"],"picked":"SKIP","floor":27.0},{"not_picked":["Twin Strike","Dropkick+1","Hemokinesis"],"picked":"SKIP","floor":28.0},{"not_picked":["Reckless Charge","Fire Breathing"],"picked":"Spot Weakness","floor":29.0},{"not_picked":["Barricade","Fiend Fire"],"picked":"Juggernaut","floor":33.0},{"not_picked":["Clothesline+1","Anger+1"],"picked":"Perfected Strike+1","floor":35.0},{"not_picked":["Iron Wave+1","Body Slam+1"],"picked":"Havoc","floor":38.0},{"not_picked":["Dual Wield","Heavy Blade+1"],"picked":"Warcry+1","floor":39.0},{"not_picked":["Dropkick+1","Feed"],"picked":"Second Wind+1","floor":41.0}],"player_experience":1824494,"relics_obtained":[],"event_choices":[{"damage_healed":0.0,"max_hp_gain":0.0,"max_hp_loss":0.0,"gold_gain":0.0,"event_name":"Living Wall","player_choice":"Grow","floor":2.0,"gold_loss":0.0,"damage_taken":0.0,"cards_upgraded":["Uppercut"]},{"damage_healed":0.0,"max_hp_gain":5.0,"max_hp_loss":0.0,"gold_gain":0.0,"event_name":"Big Fish","player_choice":"Donut","floor":7.0,"gold_loss":0.0,"damage_taken":0.0},{"damage_healed":0.0,"max_hp_gain":0.0,"max_hp_loss":0.0,"gold_gain":0.0,"event_name":"The Cleric","player_choice":"Leave","floor":10.0,"gold_loss":0.0,"damage_taken":0.0},{"damage_healed":0.0,"max_hp_gain":0.0,"max_hp_loss":0.0,"gold_gain":175.0,"event_name":"Liars Game","player_choice":"AGREE","floor":13.0,"gold_loss":0.0,"damage_taken":0.0,"cards_obtained":["Doubt"]},{"damage_healed":0.0,"max_hp_gain":0.0,"max_hp_loss":0.0,"gold_gain":0.0,"event_name":"Back to Basics","player_choice":"Simplicity","floor":19.0,"gold_loss":0.0,"damage_taken":0.0,"cards_upgraded":["Strike_R","Strike_R","Strike_R","Strike_R","Strike_R","Defend_R","Defend_R","Defend_R","Defend_R"]},{"damage_healed":0.0,"max_hp_gain":0.0,"max_hp_loss":0.0,"gold_gain":90.0,"event_name":"Knowing Skull","player_choice":"GOLD ","floor":22.0,"potions_obtained":[],"gold_loss":0.0,"damage_taken":16.0,"cards_obtained":[]},{"damage_healed":0.0,"max_hp_gain":0.0,"max_hp_loss":0.0,"gold_gain":0.0,"event_name":"The Library","player_choice":"Read","floor":31.0,"gold_loss":0.0,"damage_taken":0.0,"cards_obtained":["Corruption"]},{"damage_healed":0.0,"max_hp_gain":0.0,"max_hp_loss":0.0,"gold_gain":0.0,"event_name":"SensoryStone","player_choice":"Memory 1","floor":36.0,"gold_loss":0.0,"damage_taken":0.0},{"damage_healed":0.0,"max_hp_gain":0.0,"max_hp_loss":0.0,"gold_gain":0.0,"event_name":"Tomb of Lord Red Mask","player_choice":"Ignored","floor":37.0,"gold_loss":0.0,"damage_taken":0.0}],"is_beta":false,"boss_relics":[{"not_picked":["Black Star","Lizard Tail","Empty Cage"]},{"not_picked":["Busted Crown","Mark of Pain","Pandora\u0027s Box"]}],"items_purged_floors":[14],"is_endless":false,"potions_floor_spawned":[1,3,16,18,21,35,38,41],"killed_by":"Jaw Worm Horde","ascension_level":0}