{"path_per_floor":["M","?","M","?","?","E","R","M","T","R","M","E","M","M","R","B",null,"M","M","?","M","?","R","M","?","T","R","M","R","?","M","R","B",null,"M","?","?","M","M","R","$","R","T","M","M","$","M","E","R","B"],"character_chosen":"THE_SILENT","items_purchased":["Bronze Scales","Tingsha","Oddly Smooth Stone"],"gold_per_floor":[109,109,120,70,70,99,99,111,188,188,204,239,255,270,270,375,375,385,369,369,389,389,389,408,408,408,408,421,421,421,431,431,534,534,546,546,598,610,629,629,98,98,151,169,185,31,49,78,78,78],"floor_reached":51,"campfire_rested":4,"playtime":4184,"item_purchase_floors":[41,41,46],"current_hp_per_floor":[70,63,63,63,63,46,46,46,46,46,46,29,27,27,48,22,70,61,45,68,61,45,45,32,32,42,42,35,35,35,35,59,8,80,80,80,57,57,51,51,51,75,75,75,65,65,52,47,80,54],"items_purged":["Strike_G"],"gold":78,"score":641,"play_id":"9d5b07d2-16a4-4f3b-82d6-f16d24f0a9e3","local_time":"20180526085214","is_prod":false,"is_daily":false,"chose_seed":false,"is_ascension_mode":false,"campfire_upgraded":6,"win_rate":0,"timestamp":1527349934,"campfire_choices":[{"data":"Neutralize","floor":7,"key":"SMITH"},{"data":"Dagger Spray","floor":10,"key":"SMITH"},{"floor":15,"key":"REST"},{"data":"Cloak And Dagger","floor":23,"key":"SMITH"},{"data":"Cloak And Dagger","floor":27,"key":"SMITH"},{"data":"A Thousand Cuts","floor":29,"key":"SMITH"},{"floor":32,"key":"REST"},{"data":"Adrenaline","floor":40,"key":"SMITH"},{"floor":42,"key":"REST"},{"floor":49,"key":"REST"}],"path_taken":["M","?","?","?","?","E","R","M","T","R","M","E","?","M","R","BOSS","M","M","?","?","?","R","M","?","T","R","M","R","?","M","R","BOSS","M","?","?","M","M","R","$","R","T","?","M","?","M","E","R","BOSS"],"build_version":"2018-05-24","seed_source_timestamp":2473097248824,"purchased_purges":1,"victory":true,"master_deck":["Defend_G","Defend_G","Defend_G","Defend_G","Strike_G","Strike_G","Survivor","Neutralize+1","Sucker Punch","Dagger Spray+1","Bouncing Flask","Cloak And Dagger+1","Cloak And Dagger+1","Deadly Poison","A Thousand Cuts+1","PiercingWail","Backflip","Predator","Prepared+1","Noxious Fumes","Deflect+1","Adrenaline+1","PiercingWail","Reflex+1","Cloak And Dagger+1","Terror+1","Malaise","Escape Plan","Backstab+1","Expertise+1"],"max_hp_per_floor":[70,70,70,70,70,70,70,70,70,70,70,70,70,70,70,70,70,70,70,70,70,70,70,70,70,80,80,80,80,80,80,80,80,80,80,80,80,80,80,80,80,80,80,80,80,80,80,80,80,80],"relics":["Ring of the Snake","Dream Catcher","Omamori","Gremlin Horn","Ancient Tea Set","Orrery","Enchiridion","Darkstone Periapt","Pear","Cursed Key","Ginger","Bronze Scales","Tingsha","Art of War","Oddly Smooth Stone","Regal Pillow"],"card_choices":[{"not_picked":["Eviscerate","Bane"],"picked":"Sucker Punch","floor":1},{"not_picked":["Slice","Outmaneuver"],"picked":"Dagger Spray","floor":3},{"not_picked":["Dagger Spray","Prepared"],"picked":"Bouncing Flask","floor":6},{"not_picked":["Quick Slash","Deflect","Dagger Spray"],"picked":"SKIP","floor":8},{"not_picked":["Slice","Endless Agony","Bane"],"picked":"SKIP","floor":11},{"not_picked":["Well Laid Plans","Acrobatics"],"picked":"Cloak And Dagger","floor":12},{"not_picked":["Dagger Throw","Calculated Gamble"],"picked":"Cloak And Dagger","floor":13},{"not_picked":["Concentrate","Infinite Blades"],"picked":"Deadly Poison","floor":14},{"not_picked":["Tools of the Trade","Corpse Explosion"],"picked":"A Thousand Cuts","floor":16},{"not_picked":["Dagger Spray","Outmaneuver"],"picked":"PiercingWail","floor":17},{"not_picked":["Bane","Quick Slash"],"picked":"Backflip","floor":17},{"not_picked":["PiercingWail","Blur"],"picked":"Predator","floor":17},{"not_picked":["Terror","Quick Slash","Blur"],"picked":"SKIP","floor":18},{"not_picked":["Heel Hook+1","Deflect","Bane"],"picked":"SKIP","floor":19},{"not_picked":["Poisoned Stab","Underhanded Strike"],"picked":"Prepared+1","floor":21},{"not_picked":["Bane","Terror+1"],"picked":"Noxious Fumes","floor":24},{"not_picked":["Deadly Poison+1","Setup","Infinite Blades"],"picked":"SKIP","floor":28},{"not_picked":["Cloak And Dagger","Blur"],"picked":"Deflect+1","floor":31},{"not_picked":["Venomology","Storm of Steel"],"picked":"Adrenaline","floor":33},{"not_picked":["Poisoned Stab+1","Slice"],"picked":"PiercingWail","floor":35},{"not_picked":["Poisoned Stab","Cloak And Dagger"],"picked":"Reflex+1","floor":37},{"not_picked":["Underhanded Strike","PiercingWail+1"],"picked":"Cloak And Dagger+1","floor":38},{"not_picked":["Wraith Form v2","Bane+1","Flying Knee"],"picked":"SKIP","floor":39},{"not_picked":["Eviscerate","Flying Knee"],"picked":"Terror+1","floor":42},{"not_picked":["Accuracy","Flying Knee"],"picked":"Malaise","floor":44},{"not_picked":["Predator+1","Quick Slash"],"picked":"Escape Plan","floor":45},{"not_picked":["Flying Knee+1","PiercingWail+1"],"picked":"Backstab+1","floor":47},{"not_picked":["Storm of Steel","Endless Agony+1"],"picked":"Expertise+1","floor":48}],"player_experience":348587,"potions_floor_usage":[6,24,33,37,50,50],"damage_taken":[{"damage":0,"enemies":"Small Slimes","floor":1,"turns":3},{"damage":0,"enemies":"2 Louse","floor":3,"turns":2},{"damage":17,"enemies":"3 Sentries","floor":6,"turns":7},{"damage":0,"enemies":"Cultist","floor":8,"turns":3},{"damage":0,"enemies":"3 Louse","floor":11,"turns":1},{"damage":17,"enemies":"Gremlin Nob","floor":12,"turns":4},{"damage":2,"enemies":"Looter","floor":13,"turns":3},{"damage":0,"enemies":"Large Slime","floor":14,"turns":4},{"damage":26,"enemies":"The Guardian","floor":16,"turns":10},{"damage":9,"enemies":"3 Byrds","floor":18,"turns":6},{"damage":16,"enemies":"2 Thieves","floor":19,"turns":4},{"damage":7,"enemies":"Centurion and Healer","floor":21,"turns":11},{"damage":28,"enemies":"Snecko","floor":24,"turns":7},{"damage":7,"enemies":"3 Cultists","floor":28,"turns":5},{"damage":0,"enemies":"Cultist and Chosen","floor":31,"turns":4},{"damage":51,"enemies":"Collector","floor":33,"turns":9},{"damage":0,"enemies":"3 Shapes","floor":35,"turns":5},{"damage":23,"enemies":"Mysterious Sphere","floor":37,"turns":4},{"damage":0,"enemies":"3 Darklings","floor":38,"turns":2},{"damage":6,"enemies":"Maw","floor":39,"turns":7},{"damage":0,"enemies":"4 Shapes","floor":44,"turns":3},{"damage":10,"enemies":"Sphere and 2 Shapes","floor":45,"turns":4},{"damage":13,"enemies":"Maw","floor":47,"turns":6},{"damage":5,"enemies":"Giant Head","floor":48,"turns":7},{"damage":26,"enemies":"Time Eater","floor":50,"turns":12}],"relics_obtained":[{"floor":6,"key":"Omamori"},{"floor":9,"key":"Gremlin Horn"},{"floor":12,"key":"Ancient Tea Set"},{"floor":22,"key":"Enchiridion"},{"floor":26,"key":"Pear"},{"floor":37,"key":"Ginger"},{"floor":43,"key":"Art of War"},{"floor":48,"key":"Regal Pillow"}],"event_choices":[{"event_name":"Golden Wing","player_choice":"Card Removal","floor":2,"damage_taken":0},{"event_name":"The Cleric","player_choice":"Card Removal","floor":4,"damage_taken":0},{"event_name":"Purifier","player_choice":"One Purge","floor":5,"damage_taken":0},{"event_name":"The Library","player_choice":"Heal","floor":20,"damage_taken":0},{"event_name":"Cursed Tome","player_choice":"Obtained Book","floor":22,"damage_taken":0},{"event_name":"The Mausoleum","player_choice":"Yes","floor":25,"damage_taken":0},{"event_name":"Vampires","player_choice":"Ignored","floor":30,"damage_taken":0},{"event_name":"Winding Halls","player_choice":"Writhe","floor":36,"damage_taken":0},{"event_name":"Mysterious Sphere","player_choice":"Fight","floor":37,"damage_taken":0}],"boss_relics":[{"not_picked":["Snecko Eye","Tiny House"],"picked":"Orrery"},{"not_picked":["Runic Dome","Pandora\u0027s Box"],"picked":"Cursed Key"}],"items_purged_floors":[41],"potions_floor_spawned":[1,8,11,13,14,16,18,24,33,39,44,47],"seed_played":"-6325103262502970126","ascension_level":0,"potions_obtained":[{"floor":1,"key":"Fire Potion"},{"floor":8,"key":"PowerPotion"},{"floor":11,"key":"FairyPotion"},{"floor":13,"key":"Ancient Potion"},{"floor":14,"key":"Fire Potion"},{"floor":16,"key":"Dexterity Potion"},{"floor":18,"key":"Regen Potion"},{"floor":24,"key":"Dexterity Potion"},{"floor":33,"key":"SkillPotion"},{"floor":39,"key":"Dexterity Potion"}],"is_trial":false}