{"gold_per_floor":[117,144,17,33,33,33,33,33,33,33,33,46,46,65,65,65],"floor_reached":16,"playtime":216,"items_purged":[],"score":88,"play_id":"164549d2-9a9c-4404-b0e4-40b33e09888a","local_time":"20190106144154","is_ascension_mode":false,"campfire_choices":[{"floor":6,"key":"REST"},{"floor":8,"key":"REST"},{"data":"Defragment","floor":10,"key":"SMITH"},{"floor":15,"key":"REST"}],"neow_cost":"NONE","seed_source_timestamp":1424410641781888,"circlet_count":0,"master_deck":["Strike_B","Strike_B","Strike_B","Strike_B","Defend_B","Defend_B","Defend_B","Defend_B","Zap","Dualcast","Defragment+1","Auto Shields","Go for the Eyes","Go for the Eyes","Heatsinks","Sweeping Beam"],"relics":["Inserter","Letter Opener","Golden Idol","Prayer Wheel"],"potions_floor_usage":[],"damage_taken":[{"damage":5,"enemies":"Cultist","floor":1,"turns":4},{"damage":6,"enemies":"Jaw Worm","floor":4,"turns":4},{"damage":14,"enemies":"Small Slimes","floor":12,"turns":3},{"damage":19,"enemies":"3 Louse","floor":14,"turns":3},{"damage":60,"enemies":"The Guardian","floor":16,"turns":4}],"seed_played":"850243535758823979","potions_obtained":[{"floor":1,"key":"SkillPotion"},{"floor":4,"key":"Weak Potion"},{"floor":12,"key":"Swift Potion"}],"is_trial":false,"path_per_floor":["M","T","$","M","?","R","?","R","T","R","$","M","?","M","R","B"],"character_chosen":"DEFECT","items_purchased":["Auto Shields","Go for the Eyes"],"campfire_rested":3,"item_purchase_floors":[3,3],"current_hp_per_floor":[70,70,70,64,46,68,68,69,69,69,69,55,55,36,56,0],"gold":65,"neow_bonus":"BOSS_RELIC","is_prod":false,"is_daily":false,"chose_seed":false,"campfire_upgraded":1,"win_rate":0,"timestamp":1546782114,"path_taken":["M","?","$","M","?","R","?","R","T","R","$","M","?","M","R","BOSS"],"build_version":"2019-01-03v4","purchased_purges":0,"victory":false,"max_hp_per_floor":[75,75,75,75,75,75,69,69,69,69,69,69,69,69,69,69],"card_choices":[{"not_picked":["Reinforced Body","Steam Power"],"picked":"Defragment","floor":1},{"not_picked":["Sweeping Beam","Lockon"],"picked":"Go for the Eyes","floor":4},{"not_picked":["Steam","Go for the Eyes"],"picked":"Heatsinks","floor":12},{"not_picked":["Beam Cell","Redo"],"picked":"Sweeping Beam","floor":12},{"not_picked":["Conserve Battery","FTL","Melter"],"picked":"SKIP","floor":14},{"not_picked":["Go for the Eyes","Turbo","Darkness"],"picked":"SKIP","floor":14}],"player_experience":419493,"relics_obtained":[{"floor":9,"key":"Prayer Wheel"}],"event_choices":[{"damage_healed":0,"gold_gain":0,"player_choice":"Success","damage_taken":18,"relics_obtained":["Letter Opener"],"max_hp_gain":0,"max_hp_loss":0,"event_name":"Scrap Ooze","floor":5,"gold_loss":0},{"damage_healed":0,"gold_gain":0,"player_choice":"Lose Max HP","damage_taken":0,"relics_obtained":["Golden Idol"],"max_hp_gain":0,"max_hp_loss":6,"event_name":"Golden Idol","floor":7,"gold_loss":0},{"damage_healed":0,"gold_gain":0,"player_choice":"Searched \u00270\u0027 times","damage_taken":0,"max_hp_gain":0,"max_hp_loss":0,"event_name":"Dead Adventurer","floor":13,"gold_loss":0}],"is_beta":false,"boss_relics":[],"items_purged_floors":[],"is_endless":false,"potions_floor_spawned":[1,4,12],"killed_by":"The Guardian","ascension_level":0}