{"gold_per_floor":[217,142,142,154,164,199,199,199,225,225,258,258,277,297,297,368,368,378,378,398,143,0,0,15,15,15,15,43,55,73,89,89,161,161,176,189,189,189,204,204,204,232,301,57,72,82,98,48,48,48],"floor_reached":51,"playtime":2800,"items_purged":["Strike_G"],"score":1247,"play_id":"11a15486-bdf3-4b56-908f-b3104bb590dd","local_time":"20190501112753","is_ascension_mode":true,"campfire_choices":[{"data":"Neutralize","floor":7.0,"key":"SMITH"},{"data":"Poisoned Stab","floor":10.0,"key":"SMITH"},{"data":"A Thousand Cuts","floor":12.0,"key":"SMITH"},{"data":"Dash","floor":15.0,"key":"SMITH"},{"floor":23.0,"key":"REST"},{"data":"Footwork","floor":25.0,"key":"SMITH"},{"data":"Caltrops","floor":27.0,"key":"SMITH"},{"floor":32.0,"key":"REST"},{"floor":40.0,"key":"REST"},{"floor":49,"key":"REST"}],"neow_cost":"NONE","seed_source_timestamp":12173597376238,"circlet_count":0,"master_deck":["AscendersBane","Defend_G","Defend_G","Defend_G+1","Defend_G","Defend_G","Strike_G","Survivor","Neutralize+1","Quick Slash","Dash+1","Dagger Throw","Poisoned Stab+1","A Thousand Cuts+1","Well Laid Plans","Escape Plan","Burst+1","Footwork+1","Leg Sweep","Backflip","Caltrops+1","Backstab","Deadly Poison","Dodge and Roll","Crippling Poison","Backflip","Cloak And Dagger","Discovery","Dodge and Roll","Backflip","Cloak And Dagger"],"special_seed":0,"relics":["Ring of the Snake","Strawberry","Regal Pillow","Blood Vial","Pear","Philosopher\u0027s Stone","Omamori","War Paint","Empty Cage","Bronze Scales","Bottled Tornado","Shuriken"],"potions_floor_usage":[50,50],"damage_taken":[{"damage":0.0,"enemies":"2 Louse","floor":1.0,"turns":5.0},{"damage":7.0,"enemies":"Small Slimes","floor":4.0,"turns":5.0},{"damage":0.0,"enemies":"Jaw Worm","floor":5.0,"turns":4.0},{"damage":10.0,"enemies":"Gremlin Nob","floor":6.0,"turns":5.0},{"damage":22.0,"enemies":"Lagavulin","floor":11.0,"turns":9.0},{"damage":0.0,"enemies":"Large Slime","floor":13.0,"turns":5.0},{"damage":7.0,"enemies":"Exordium Wildlife","floor":14.0,"turns":4.0},{"damage":18.0,"enemies":"Hexaghost","floor":16.0,"turns":11.0},{"damage":0.0,"enemies":"Chosen","floor":18.0,"turns":5.0},{"damage":21.0,"enemies":"2 Thieves","floor":20.0,"turns":5.0},{"damage":3.0,"enemies":"Shelled Parasite and Fungi","floor":24.0,"turns":8.0},{"damage":11.0,"enemies":"Gremlin Leader","floor":28.0,"turns":8.0},{"damage":1.0,"enemies":"Cultist and Chosen","floor":29.0,"turns":7.0},{"damage":15.0,"enemies":"Chosen and Byrds","floor":30.0,"turns":8.0},{"damage":9.0,"enemies":"Shelled Parasite and Fungi","floor":31.0,"turns":7.0},{"damage":44.0,"enemies":"Collector","floor":33.0,"turns":12.0},{"damage":10.0,"enemies":"3 Shapes","floor":35.0,"turns":7.0},{"damage":28.0,"enemies":"3 Darklings","floor":36.0,"turns":7.0},{"damage":20.0,"enemies":"Jaw Worm Horde","floor":39.0,"turns":6.0},{"damage":32.0,"enemies":"Reptomancer","floor":42.0,"turns":10.0},{"damage":8.0,"enemies":"Maw","floor":45.0,"turns":9.0},{"damage":10,"enemies":"Writhing Mass","floor":46,"turns":6},{"damage":30,"enemies":"3 Darklings","floor":47,"turns":6},{"damage":28,"enemies":"Awakened One","floor":50,"turns":20}],"seed_played":"4835279601897751323","potions_obtained":[{"floor":4.0,"key":"Fire Potion"},{"floor":6.0,"key":"Weak Potion"},{"floor":14.0,"key":"Strength Potion"},{"floor":18.0,"key":"Energy Potion"},{"floor":33.0,"key":"PowerPotion"}],"is_trial":false,"path_per_floor":["M","?","?","M","M","E","R","?","T","R","E","R","M","M","R","B",null,"M","?","M","$","?","R","M","R","T","R","E","M","M","M","R","B",null,"M","M","?","?","M","R","?","E","T","$","M","M","M","$","R","B",null],"character_chosen":"THE_SILENT","items_purchased":["Dexterity Potion","Backflip","Caltrops","Shuriken","Cloak And Dagger"],"campfire_rested":4,"item_purchase_floors":[21,21,21,44,48],"current_hp_per_floor":[59,59,64,57,57,54,54,43,43,43,33,33,35,30,30,14,70,72,46,27,27,27,69,68,68,68,68,59,60,47,40,82,40,80,72,46,46,65,47,89,89,59,59,59,53,45,17,17,59,33],"gold":48,"neow_bonus":"HUNDRED_GOLD","is_prod":false,"is_daily":false,"chose_seed":false,"campfire_upgraded":6,"win_rate":0,"timestamp":1556735273,"path_taken":["M","?","?","M","M","E","R","?","T","R","E","R","M","M","R","BOSS","M","?","M","$","?","R","M","R","T","R","E","M","?","M","R","BOSS","M","M","?","?","M","R","?","E","T","$","M","M","?","?","R","BOSS"],"build_version":"2019-01-23","purchased_purges":1,"victory":true,"max_hp_per_floor":[66,66,71,71,71,78,78,78,78,78,88,88,88,88,88,88,88,88,93,93,93,93,93,93,93,93,93,93,93,93,93,93,93,93,93,93,93,93,93,93,93,93,93,93,93,93,93,93,93,93],"card_choices":[{"not_picked":["Sucker Punch","Expertise"],"picked":"Quick Slash","floor":1.0},{"not_picked":["Acrobatics","Distraction"],"picked":"Dash","floor":4.0},{"not_picked":["Dodge and Roll","Distraction"],"picked":"Dagger Throw","floor":5.0},{"not_picked":["Sucker Punch","All Out Attack"],"picked":"Poisoned Stab","floor":6.0},{"not_picked":["Bane","Crippling Poison"],"picked":"A Thousand Cuts","floor":11.0},{"not_picked":["Cloak And Dagger","Dodge and Roll"],"picked":"Well Laid Plans","floor":13.0},{"not_picked":["Bane","Underhanded Strike"],"picked":"Escape Plan","floor":14.0},{"not_picked":["Storm of Steel","Doppelganger"],"picked":"Burst","floor":16.0},{"not_picked":["Sucker Punch","Infinite Blades"],"picked":"Footwork","floor":18.0},{"not_picked":["Concentrate+1","Blade Dance"],"picked":"Leg Sweep","floor":20.0},{"not_picked":["Flying Knee","Setup"],"picked":"Backstab","floor":24.0},{"not_picked":["Escape Plan","Blade Dance"],"picked":"Deadly Poison","floor":28.0},{"not_picked":["Dagger Throw","Underhanded Strike"],"picked":"Dodge and Roll","floor":29.0},{"not_picked":["Blade Dance","Flying Knee+1","Choke"],"picked":"SKIP","floor":30.0},{"not_picked":["Riddle With Holes","Caltrops"],"picked":"Crippling Poison","floor":31.0},{"not_picked":["Escape Plan+1","Heel Hook"],"picked":"Backflip","floor":35.0},{"not_picked":["Dagger Throw","Outmaneuver","Sucker Punch+1"],"picked":"SKIP","floor":36.0},{"not_picked":["Deadly Poison","Dagger Throw"],"picked":"Cloak And Dagger","floor":39.0},{"not_picked":["Forethought","Panacea"],"picked":"Discovery","floor":41.0},{"not_picked":["Quick Slash","Flying Knee+1","Grand Finale"],"picked":"SKIP","floor":42.0},{"not_picked":["Concentrate","Tactician"],"picked":"Dodge and Roll","floor":45.0},{"not_picked":["Calculated Gamble","Terror+1","Dagger Throw+1"],"picked":"SKIP","floor":46},{"not_picked":["Flying Knee","Poisoned Stab"],"picked":"Backflip","floor":47}],"player_experience":2515924,"relics_obtained":[{"floor":6.0,"key":"Strawberry"},{"floor":9.0,"key":"Blood Vial"},{"floor":11.0,"key":"Pear"},{"floor":26.0,"key":"Omamori"},{"floor":28.0,"key":"War Paint"},{"floor":42.0,"key":"Bronze Scales"},{"floor":43.0,"key":"Bottled Tornado"}],"event_choices":[{"cards_removed":["Strike_G"],"damage_healed":0.0,"max_hp_gain":0.0,"max_hp_loss":0.0,"gold_gain":0.0,"event_name":"The Cleric","player_choice":"Card Removal","floor":2.0,"gold_loss":75.0,"damage_taken":0.0},{"damage_healed":0.0,"max_hp_gain":5.0,"max_hp_loss":0.0,"gold_gain":0.0,"event_name":"Big Fish","player_choice":"Donut","floor":3.0,"gold_loss":0.0,"damage_taken":0.0},{"damage_healed":0.0,"max_hp_gain":0.0,"max_hp_loss":0.0,"gold_gain":0.0,"event_name":"Scrap Ooze","player_choice":"Success","floor":8.0,"gold_loss":0.0,"damage_taken":11.0,"relics_obtained":["Regal Pillow"]},{"damage_healed":0.0,"max_hp_gain":5.0,"max_hp_loss":0.0,"gold_gain":0.0,"event_name":"Forgotten Altar","player_choice":"Shed Blood","floor":19.0,"gold_loss":0.0,"damage_taken":31.0},{"damage_healed":0.0,"max_hp_gain":0.0,"max_hp_loss":0.0,"gold_gain":0.0,"event_name":"Masked Bandits","player_choice":"Paid Fearfully","floor":22.0,"gold_loss":143.0,"damage_taken":0.0},{"damage_healed":0.0,"max_hp_gain":0.0,"max_hp_loss":0.0,"gold_gain":0.0,"event_name":"Tomb of Lord Red Mask","player_choice":"Ignored","floor":37.0,"gold_loss":0.0,"damage_taken":0.0},{"damage_healed":19.0,"max_hp_gain":0.0,"max_hp_loss":0.0,"gold_gain":0.0,"event_name":"Winding Halls","player_choice":"Writhe","floor":38.0,"gold_loss":0.0,"damage_taken":0.0,"cards_obtained":["Writhe"]},{"damage_healed":0.0,"max_hp_gain":0.0,"max_hp_loss":0.0,"gold_gain":0.0,"event_name":"SensoryStone","player_choice":"Memory 1","floor":41.0,"gold_loss":0.0,"damage_taken":0.0}],"is_beta":false,"boss_relics":[{"not_picked":["Fusion Hammer","Pandora\u0027s Box"],"picked":"Philosopher\u0027s Stone"},{"not_picked":["Velvet Choker","Lizard Tail"],"picked":"Empty Cage"}],"items_purged_floors":[21],"is_endless":false,"potions_floor_spawned":[4,6,14,18,28,31,33,39,47],"ascension_level":15}