{"gold_per_floor":[109,109,125,137,155,155,172,172,172,172,202,214,214,231,231,231],"floor_reached":16,"playtime":558,"items_purged":[],"score":182,"play_id":"e55138a1-4e20-42a8-8808-82e713381a6a","local_time":"20190501132816","is_ascension_mode":true,"campfire_choices":[{"data":"Neutralize","floor":6.0,"key":"SMITH"},{"data":"Quick Slash","floor":8.0,"key":"SMITH"},{"data":"Dodge and Roll","floor":10.0,"key":"SMITH"},{"floor":15,"key":"REST"}],"neow_cost":"NONE","seed_source_timestamp":21815229626601,"circlet_count":0,"master_deck":["AscendersBane","Defend_G","Defend_G","Defend_G","Defend_G","Defend_G","Strike_G","Strike_G","Strike_G","Survivor","Neutralize+1","Infinite Blades","Quick Slash+1","Dodge and Roll+1","Slice","Infinite Blades","Cloak And Dagger","Finisher+1"],"special_seed":0,"relics":["Ring of the Snake","NeowsBlessing","Molten Egg 2","Sundial"],"potions_floor_usage":[14],"damage_taken":[{"damage":0.0,"enemies":"Jaw Worm","floor":1.0,"turns":1.0},{"damage":0.0,"enemies":"Cultist","floor":3.0,"turns":1.0},{"damage":0.0,"enemies":"Small Slimes","floor":4.0,"turns":1.0},{"damage":0.0,"enemies":"3 Louse","floor":5.0,"turns":7.0},{"damage":7.0,"enemies":"Large Slime","floor":7.0,"turns":6.0},{"damage":35.0,"enemies":"Gremlin Nob","floor":11.0,"turns":5.0},{"damage":3.0,"enemies":"Lots of Slimes","floor":12.0,"turns":4.0},{"damage":12,"enemies":"Gremlin Gang","floor":14,"turns":7},{"damage":24,"enemies":"Hexaghost","floor":16,"turns":11}],"seed_played":"-6885842862933086987","potions_obtained":[{"floor":4.0,"key":"GamblersBrew"},{"floor":5.0,"key":"Energy Potion"},{"floor":11.0,"key":"EssenceOfSteel"},{"floor":14,"key":"SmokeBomb"}],"is_trial":false,"path_per_floor":["M","?","M","M","M","R","M","R","T","R","E","M","?","M","R","B"],"character_chosen":"THE_SILENT","items_purchased":[],"campfire_rested":1,"item_purchase_floors":[],"current_hp_per_floor":[59,59,59,59,59,59,52,52,52,52,17,14,14,2,21,0],"gold":231,"neow_bonus":"THREE_ENEMY_KILL","is_prod":false,"is_daily":false,"chose_seed":false,"campfire_upgraded":3,"win_rate":0,"timestamp":1556742496,"path_taken":["M","?","M","M","?","R","M","R","T","R","E","M","?","M","R","BOSS"],"build_version":"2019-01-23","purchased_purges":0,"victory":false,"max_hp_per_floor":[66,66,66,66,66,66,66,66,66,66,66,66,66,66,66,66],"card_choices":[{"not_picked":["Sucker Punch","Flechettes"],"picked":"Infinite Blades","floor":1.0},{"not_picked":["Outmaneuver","Sucker Punch"],"picked":"Quick Slash","floor":3.0},{"not_picked":["Blade Dance","Prepared"],"picked":"Dodge and Roll","floor":4.0},{"not_picked":["Backflip","Outmaneuver"],"picked":"Slice","floor":5.0},{"not_picked":["Underhanded Strike","Bane","Grand Finale"],"picked":"SKIP","floor":7.0},{"not_picked":["Escape Plan","Underhanded Strike+1"],"picked":"Infinite Blades","floor":11.0},{"not_picked":["Concentrate","Outmaneuver","Underhanded Strike+1"],"picked":"SKIP","floor":12.0},{"not_picked":["Leg Sweep","Prepared"],"picked":"Finisher+1","floor":14}],"player_experience":2519024,"relics_obtained":[{"floor":9.0,"key":"Molten Egg 2"},{"floor":11.0,"key":"Sundial"}],"event_choices":[{"cards_removed":["Strike_G"],"damage_healed":0.0,"max_hp_gain":0.0,"max_hp_loss":0.0,"gold_gain":0.0,"event_name":"Bonfire Elementals","player_choice":"Offered Basic","floor":2.0,"gold_loss":0.0,"damage_taken":0.0},{"damage_healed":0.0,"max_hp_gain":0.0,"max_hp_loss":0.0,"gold_gain":0.0,"cards_transformed":["Strike_G"],"event_name":"Living Wall","player_choice":"Change","floor":13.0,"gold_loss":0.0,"damage_taken":0.0,"cards_obtained":["Cloak And Dagger"]}],"is_beta":false,"boss_relics":[],"items_purged_floors":[],"is_endless":false,"potions_floor_spawned":[4,5,11,14],"killed_by":"Hexaghost","ascension_level":15}