{"gold_per_floor":[111,138,156,156,176,194,206,206,206,236,236,270,280,295,295,396,396,408,170,201,220,89,89,101,16,69,101,111,111,169,188,188,288,288,308,326,61,78,93,93,123,123,199,224,17,36,36,46,46,46],"floor_reached":51,"playtime":2955,"items_purged":["Melter","Beam Cell","Dualcast"],"score":993,"play_id":"e5196d3e-bf87-4118-9a9b-27ce01c02d76","local_time":"20180728135632","is_ascension_mode":true,"campfire_choices":[{"data":"Loop","floor":8.0,"key":"SMITH"},{"data":"Sunder","floor":11.0,"key":"SMITH"},{"data":"Zap","floor":15.0,"key":"SMITH"},{"data":"Blizzard","floor":23.0,"key":"SMITH"},{"data":"Redo","floor":29.0,"key":"SMITH"},{"data":"Fission","floor":32.0,"key":"SMITH"},{"data":"Double Energy","floor":40,"key":"SMITH"},{"data":"BootSequence","floor":42,"key":"SMITH"},{"data":"Chaos","floor":47,"key":"SMITH"},{"data":"Turbo","floor":49,"key":"SMITH"}],"neow_cost":"NONE","seed_source_timestamp":0,"circlet_count":0,"master_deck":["Zap+1","Core Surge","Sunder+1","Genetic Algorithm+1","Loop+1","Leap","Glacier","BootSequence+1","Leap","Steam","Biased Cognition+1","Ball Lightning","Fusion","Stack","Blizzard+1","FTL","Chaos+1","Leap","Loop+1","Ball Lightning+1","Glacier+1","Storm+1","Redo+1","Fission+1","Turbo+1","Creative AI+1","Consume+1","Turbo+1","Loop+1","Double Energy+1","Stack+1","Go for the Eyes+1","Defragment+1","Conserve Battery+1","Steam+1"],"special_seed":0,"relics":["FrozenCore","Omamori","Frozen Egg 2","Peace Pipe","Smiling Mask","Pandora\u0027s Box","DataDisk","Red Mask","Bird Faced Urn","Potion Belt","Bottled Tornado","Tiny Chest","Art of War","Juzu Bracelet","Matryoshka","Bronze Scales","Ancient Tea Set"],"potions_floor_usage":[35,38,44,48,50],"damage_taken":[{"damage":1.0,"enemies":"Cultist","floor":1.0,"turns":3.0},{"damage":7.0,"enemies":"Jaw Worm","floor":3.0,"turns":2.0},{"damage":0.0,"enemies":"Small Slimes","floor":5.0,"turns":2.0},{"damage":0.0,"enemies":"Gremlin Gang","floor":6.0,"turns":4.0},{"damage":3.0,"enemies":"Looter","floor":7.0,"turns":4.0},{"damage":14.0,"enemies":"Lagavulin","floor":10.0,"turns":9.0},{"damage":0.0,"enemies":"3 Sentries","floor":12.0,"turns":7.0},{"damage":4.0,"enemies":"Exordium Wildlife","floor":13.0,"turns":4.0},{"damage":0.0,"enemies":"Large Slime","floor":14.0,"turns":5.0},{"damage":6.0,"enemies":"The Guardian","floor":16.0,"turns":15.0},{"damage":0.0,"enemies":"Shell Parasite","floor":18.0,"turns":4.0},{"damage":8.0,"floor":20.0,"turns":6.0},{"damage":29.0,"enemies":"3 Byrds","floor":21.0,"turns":4.0},{"damage":0.0,"enemies":"Centurion and Healer","floor":24.0,"turns":4.0},{"damage":8.0,"enemies":"Gremlin Leader","floor":27.0,"turns":7.0},{"damage":0.0,"enemies":"Cultist and Chosen","floor":28.0,"turns":4.0},{"damage":9.0,"enemies":"Book of Stabbing","floor":30.0,"turns":4.0},{"damage":4.0,"enemies":"3 Cultists","floor":31.0,"turns":5.0},{"damage":0.0,"enemies":"Automaton","floor":33.0,"turns":12.0},{"damage":0,"enemies":"Flame Bruiser 1 Orb","floor":35,"turns":7},{"damage":17,"enemies":"3 Darklings","floor":36,"turns":7},{"damage":6,"enemies":"Sphere and 2 Shapes","floor":38,"turns":5},{"damage":0,"enemies":"Maw","floor":39,"turns":6},{"damage":13,"enemies":"Giant Head","floor":41,"turns":10},{"damage":23,"enemies":"2 Orb Walkers","floor":44,"turns":5},{"damage":1,"enemies":"3 Darklings","floor":46,"turns":4},{"damage":11,"enemies":"Flame Bruiser 2 Orb","floor":48,"turns":5},{"damage":44,"enemies":"Donu and Deca","floor":50,"turns":7}],"seed_played":"8264763505514319042","potions_obtained":[{"floor":3.0,"key":"Dexterity Potion"},{"floor":6.0,"key":"FairyPotion"},{"floor":13.0,"key":"Strength Potion"},{"floor":14.0,"key":"Dexterity Potion"},{"floor":18.0,"key":"FearPotion"},{"floor":21.0,"key":"AttackPotion"},{"floor":27.0,"key":"Block Potion"},{"floor":31.0,"key":"Weak Potion"},{"floor":33.0,"key":"PowerPotion"},{"floor":35,"key":"Ancient Potion"},{"floor":36,"key":"EssenceOfSteel"},{"floor":38,"key":"Explosive Potion"}],"is_trial":false,"path_per_floor":["M","T","M","?","M","M","M","R","T","E","R","E","M","M","R","B",null,"M","$","?","M","$","R","M","?","T","E","M","R","E","M","R","B",null,"M","M","$","M","M","R","E","R","T","E","$","M","R","M","R","B"],"character_chosen":"DEFECT","items_purchased":["DataDisk","Loop+1","Storm+1","Art of War","Loop+1","Double Energy","Ancient Tea Set"],"campfire_rested":0,"item_purchase_floors":[19,19,22,37,37,37,45],"current_hp_per_floor":[74,74,67,67,67,67,64,64,64,50,50,50,46,46,46,40,75,75,75,67,38,38,38,38,38,38,38,44,44,41,45,45,53,75,75,62,62,72,75,75,68,68,68,63,63,74,74,70,70,44],"gold":46,"neow_bonus":"ONE_RANDOM_RARE_CARD","is_prod":false,"is_daily":false,"chose_seed":false,"campfire_upgraded":10,"win_rate":0,"timestamp":1532778992,"path_taken":["M","?","M","?","M","M","M","R","T","E","R","E","M","?","R","BOSS","M","$","?","?","$","R","M","?","T","E","?","R","E","M","R","BOSS","M","M","$","M","M","R","E","R","T","E","$","M","R","M","R","BOSS"],"build_version":"2018-07-26","purchased_purges":3,"victory":true,"max_hp_per_floor":[75,75,75,75,75,75,75,75,75,75,75,75,75,75,75,75,75,75,75,75,75,75,75,75,75,75,75,75,75,75,75,75,75,75,75,75,75,75,75,75,75,75,75,75,75,75,75,75,75,75],"card_choices":[{"not_picked":["Steam","Aggregate"],"picked":"Sunder","floor":1.0},{"not_picked":["Rebound","Storm"],"picked":"Genetic Algorithm","floor":3.0},{"not_picked":["Compile Driver","Gash"],"picked":"Loop","floor":5.0},{"not_picked":["Barrage","Go for the Eyes"],"picked":"Leap","floor":6.0},{"not_picked":["Aggregate","Ball Lightning"],"picked":"Glacier","floor":7.0},{"not_picked":["Thunder Strike","Steam"],"picked":"BootSequence","floor":10.0},{"not_picked":["Sunder","Core Surge"],"picked":"Leap","floor":12.0},{"not_picked":["Turbo","FTL"],"picked":"Steam","floor":13.0},{"not_picked":["Beam Cell","Compile Driver","Skim"],"picked":"SKIP","floor":14.0},{"not_picked":["Rainbow","All For One"],"picked":"Biased Cognition+1","floor":16.0},{"not_picked":["Compile Driver","Ball Lightning"],"picked":"Leap","floor":18.0},{"not_picked":["Coolheaded","Cold Snap"],"picked":"Ball Lightning+1","floor":20.0},{"not_picked":["Melter","Hyperbeam"],"picked":"Glacier+1","floor":21.0},{"not_picked":["Turbo","Beam Cell+1"],"picked":"Redo","floor":24.0},{"not_picked":["Skim","Rebound","Steam"],"picked":"SKIP","floor":27.0},{"not_picked":["Stack","Redo","Beam Cell"],"picked":"SKIP","floor":28.0},{"not_picked":["Aggregate","Gash"],"picked":"Fission","floor":30.0},{"not_picked":["Steam Power","Scrape"],"picked":"Turbo","floor":31.0},{"not_picked":["Thunder Strike","Seek"],"picked":"Creative AI+1","floor":33.0},{"not_picked":["Conserve Battery","Sweeping Beam"],"picked":"Consume+1","floor":35},{"not_picked":["Sweeping Beam+1","Compile Driver+1"],"picked":"Turbo+1","floor":36},{"not_picked":["Rebound","Turbo+1"],"picked":"Stack+1","floor":38},{"not_picked":["Hello World+1","Sweeping Beam+1"],"picked":"Go for the Eyes+1","floor":39},{"not_picked":["Chill","Meteor Strike"],"picked":"Defragment+1","floor":41},{"not_picked":["Lockon","Sweeping Beam+1"],"picked":"Conserve Battery+1","floor":44},{"not_picked":["Chaos+1","Ball Lightning+1"],"picked":"Steam+1","floor":46},{"not_picked":["Chill","Turbo","Rebound"],"picked":"SKIP","floor":48}],"player_experience":215483,"relics_obtained":[{"floor":2.0,"key":"Omamori"},{"floor":9.0,"key":"Frozen Egg 2"},{"floor":10.0,"key":"Peace Pipe"},{"floor":12.0,"key":"Smiling Mask"},{"floor":20.0,"key":"Red Mask"},{"floor":26.0,"key":"Potion Belt"},{"floor":27.0,"key":"Bottled Tornado"},{"floor":30.0,"key":"Tiny Chest"},{"floor":41,"key":"Juzu Bracelet"},{"floor":43,"key":"Matryoshka"},{"floor":44,"key":"Bronze Scales"}],"event_choices":[{"event_name":"Upgrade Shrine","player_choice":"Upgraded","floor":4.0,"damage_taken":0.0},{"event_name":"Masked Bandits","player_choice":"Fought over 170 gold","floor":20.0,"damage_taken":0.0},{"event_name":"Addict","player_choice":"Obtained Relic","floor":25.0,"damage_taken":0.0}],"is_beta":false,"boss_relics":[{"not_picked":["Black Star","Astrolabe"],"picked":"Pandora\u0027s Box"},{"not_picked":["Lizard Tail","Snecko Eye"],"picked":"FrozenCore"}],"items_purged_floors":[19,22,45],"is_endless":false,"potions_floor_spawned":[3,6,13,14,18,21,27,31,33,35,36,38],"ascension_level":4}