{"gold_per_floor":[112,129,54,54,64,64,95,95,121,121,35,63,63,138,138,212,212,223,223,237,251,51,51,63,63,63,63,92,17,28,58,58,135,135,153,153,166,166,166],"floor_reached":39,"playtime":3087,"items_purged":[],"score":744,"play_id":"3e7b774e-e1ca-4695-baf9-6023cf78da49","local_time":"20180714120226","is_ascension_mode":true,"campfire_choices":[{"data":"Neutralize","floor":6.0,"key":"SMITH"},{"data":"After Image","floor":8.0,"key":"SMITH"},{"data":"Finisher","floor":10.0,"key":"SMITH"},{"floor":15.0,"key":"REST"},{"floor":23.0,"key":"REST"},{"floor":25.0,"key":"REST"},{"floor":32.0,"key":"REST"}],"neow_cost":"NONE","seed_source_timestamp":15102428738418,"circlet_count":0,"master_deck":["Defend_G","Defend_G","Defend_G","Defend_G","Defend_G","Strike_G","Strike_G","Survivor","Neutralize+1","AscendersBane","Finisher+1","PiercingWail","Slice","After Image+1","Well Laid Plans","Noxious Fumes","Dagger Spray","Unload","Cloak And Dagger+1","Escape Plan","Quick Slash","Backstab","Footwork","PiercingWail","Masterful Stab+1","Quick Slash","Corpse Explosion","Phantasmal Killer","Quick Slash","Riddle With Holes+1"],"special_seed":0,"relics":["White Beast Statue","Happy Flower","Art of War","Pantograph","Fusion Hammer","The Courier","Pear","Gremlin Horn","Philosopher\u0027s Stone"],"potions_floor_usage":[39],"damage_taken":[{"damage":0.0,"enemies":"Cultist","floor":1.0,"turns":4.0},{"damage":5.0,"enemies":"Small Slimes","floor":2.0,"turns":5.0},{"damage":3.0,"enemies":"2 Louse","floor":5.0,"turns":3.0},{"damage":16.0,"enemies":"Lagavulin","floor":7.0,"turns":13.0},{"damage":14.0,"enemies":"Gremlin Nob","floor":12.0,"turns":5.0},{"damage":36.0,"enemies":"The Guardian","floor":16.0,"turns":12.0},{"damage":3.0,"enemies":"3 Byrds","floor":18.0,"turns":5.0},{"damage":4.0,"enemies":"Chosen","floor":20.0,"turns":6.0},{"damage":14.0,"enemies":"Snake Plant","floor":21.0,"turns":5.0},{"damage":6.0,"enemies":"3 Cultists","floor":24.0,"turns":7.0},{"damage":16.0,"enemies":"Book of Stabbing","floor":28.0,"turns":5.0},{"damage":10.0,"enemies":"Snecko","floor":30.0,"turns":8.0},{"damage":30.0,"enemies":"Gremlin Leader","floor":31.0,"turns":12.0},{"damage":29.0,"enemies":"Collector","floor":33.0,"turns":11.0},{"damage":6.0,"enemies":"Orb Walker","floor":35.0,"turns":4.0},{"damage":35.0,"enemies":"3 Darklings","floor":37.0,"turns":5.0},{"damage":42,"enemies":"4 Shapes","floor":39,"turns":5}],"seed_played":"5559948469403637722","potions_obtained":[{"floor":1.0,"key":"SmokeBomb"},{"floor":2.0,"key":"Ancient Potion"},{"floor":7.0,"key":"SteroidPotion"},{"floor":12.0,"key":"GhostInAJar"},{"floor":16.0,"key":"GhostInAJar"},{"floor":18.0,"key":"Ancient Potion"},{"floor":20.0,"key":"LiquidBronze"},{"floor":21.0,"key":"LiquidBronze"},{"floor":24.0,"key":"Regen Potion"},{"floor":28.0,"key":"Regen Potion"},{"floor":31.0,"key":"SkillPotion"},{"floor":33.0,"key":"Dexterity Potion"},{"floor":35.0,"key":"AttackPotion"},{"floor":37.0,"key":"SpeedPotion"}],"is_trial":false,"path_per_floor":["M","M","$","?","M","R","E","R","T","R","$","E","?","?","R","B",null,"M","?","M","M","$","R","M","R","T","?","E","?","M","E","R","B",null,"M","?","M","?"],"character_chosen":"THE_SILENT","items_purchased":["Slice","Dexterity Potion","Noxious Fumes","Strength Potion","Backstab","Footwork","PiercingWail"],"campfire_rested":4,"item_purchase_floors":[3,3,11,11,22,22,22],"current_hp_per_floor":[59,54,54,59,56,56,40,40,40,40,40,26,19,8,29,18,58,55,55,51,37,37,58,52,71,71,71,65,65,55,54,78,52,74,68,68,33,33,0],"gold":166,"neow_bonus":"BOSS_RELIC","is_prod":false,"is_daily":false,"chose_seed":false,"campfire_upgraded":3,"win_rate":0,"timestamp":1531594946,"path_taken":["M","M","$","?","?","R","E","R","T","R","$","E","?","?","R","BOSS","M","?","M","M","$","R","M","R","T","?","E","?","?","E","R","BOSS","M","?","M","?","M"],"build_version":"2018-07-12","purchased_purges":0,"victory":false,"max_hp_per_floor":[66,66,66,71,71,71,71,71,71,71,71,71,71,71,71,71,71,71,71,71,71,71,71,71,71,71,71,81,81,81,81,81,81,81,81,81,81,81,81],"card_choices":[{"not_picked":["Prepared","Bane"],"picked":"Finisher","floor":1.0},{"not_picked":["Outmaneuver","Riddle With Holes"],"picked":"PiercingWail","floor":2.0},{"not_picked":["Calculated Gamble","Flying Knee"],"picked":"After Image","floor":5.0},{"not_picked":["Flechettes","Finisher"],"picked":"Well Laid Plans","floor":7.0},{"not_picked":["Prepared","Sucker Punch"],"picked":"Dagger Spray","floor":12.0},{"not_picked":["Tactician","Bullet Time"],"picked":"Unload","floor":16.0},{"not_picked":["Blade Dance","Distraction"],"picked":"Cloak And Dagger+1","floor":18.0},{"not_picked":["Blade Dance","Accuracy"],"picked":"Escape Plan","floor":20.0},{"not_picked":["Dagger Throw","Deflect"],"picked":"Quick Slash","floor":21.0},{"not_picked":["Terror","Bullet Time"],"picked":"Masterful Stab+1","floor":24.0},{"not_picked":["Flying Knee","Outmaneuver","Flechettes"],"picked":"SKIP","floor":28.0},{"not_picked":["Acrobatics","Underhanded Strike"],"picked":"Quick Slash","floor":30.0},{"not_picked":["Outmaneuver","Escape Plan"],"picked":"Corpse Explosion","floor":31.0},{"not_picked":["Storm of Steel","Tactician"],"picked":"Phantasmal Killer","floor":33.0},{"not_picked":["Bane","Flying Knee+1"],"picked":"Quick Slash","floor":35.0},{"not_picked":["Caltrops","Prepared"],"picked":"Riddle With Holes+1","floor":37.0}],"player_experience":764219,"relics_obtained":[{"floor":7.0,"key":"Happy Flower"},{"floor":9.0,"key":"Art of War"},{"floor":12.0,"key":"Pantograph"},{"floor":26.0,"key":"The Courier"},{"floor":28.0,"key":"Pear"},{"floor":31.0,"key":"Gremlin Horn"}],"event_choices":[{"event_name":"Big Fish","player_choice":"Donut","floor":4.0,"damage_taken":0.0},{"event_name":"Golden Wing","player_choice":"Card Removal","floor":13.0,"damage_taken":0.0},{"event_name":"World of Goop","player_choice":"Gather Gold","floor":14.0,"damage_taken":0.0},{"event_name":"The Lab","player_choice":"Got Potions","floor":19.0,"damage_taken":0.0},{"event_name":"Ghosts","player_choice":"Ignored","floor":27.0,"damage_taken":0.0},{"event_name":"Beggar","player_choice":"Gave Gold","floor":29.0,"damage_taken":0.0},{"event_name":"Tomb of Lord Red Mask","player_choice":"Ignored","floor":36.0,"damage_taken":0.0},{"event_name":"Falling","player_choice":"Removed Attack","floor":38.0,"damage_taken":0.0}],"boss_relics":[{"not_picked":["Lizard Tail","Empty Cage"],"picked":"Fusion Hammer"},{"not_picked":["Coffee Dripper","Velvet Choker"],"picked":"Philosopher\u0027s Stone"}],"items_purged_floors":[],"is_endless":false,"potions_floor_spawned":[1,2,5,7,12,16,18,20,21,24,28,30,31,33,35,37],"killed_by":"4 Shapes","ascension_level":15}