{"gold_per_floor":[15,15,31,106,124,124,138,59,59,59,73,102,102,113,113,209,209,227,241,241,259,184,184,184,184,207,225,175,201,201,212,212,317,317,328,328,246,257,274,274,293,293,340,356,367,383,39,39],"floor_reached":48,"playtime":4252,"items_purged":["Writhe"],"score":480,"play_id":"7febc493-e545-4b3a-8f18-46190a6cca69","local_time":"20181029224732","is_ascension_mode":true,"campfire_choices":[{"floor":6,"key":"REST"},{"data":"Static Discharge","floor":15,"key":"SMITH"},{"floor":23,"key":"REST"},{"floor":32,"key":"REST"},{"data":"Sunder","floor":40,"key":"SMITH"},{"data":"Doom and Gloom","floor":42,"key":"SMITH"}],"neow_cost":"NO_GOLD","seed_source_timestamp":559585055241922,"circlet_count":0,"master_deck":["Strike_B+1","Strike_B+1","Strike_B+1","Strike_B+1","Defend_B+1","Defend_B+1","Defend_B+1","Defend_B+1","Zap+1","Dualcast+1","Electrodynamics+1","Static Discharge+1","Self Repair","Doom and Gloom+1","Conserve Battery","Sweeping Beam","Core Surge","Go for the Eyes+1","Genetic Algorithm+1","Buffer+1","Amplify","Sunder+1","BootSequence","Barrage"],"relics":["Cracked Core","Question Card","Unceasing Top","Strawberry","Sozu","Pen Nib","War Paint","Lantern","Inserter","Bag of Marbles","Ginger"],"potions_floor_usage":[19,33,35],"damage_taken":[{"damage":4,"enemies":"Small Slimes","floor":1,"turns":3},{"damage":5,"enemies":"2 Louse","floor":3,"turns":2},{"damage":12,"enemies":"Jaw Worm","floor":5,"turns":2},{"damage":0,"enemies":"Large Slime","floor":7,"turns":4},{"damage":7,"enemies":"Looter","floor":11,"turns":3},{"damage":27,"enemies":"Gremlin Nob","floor":12,"turns":4},{"damage":5,"enemies":"3 Louse","floor":14,"turns":4},{"damage":47,"enemies":"Hexaghost","floor":16,"turns":6},{"damage":7,"enemies":"Chosen","floor":18,"turns":4},{"damage":23,"enemies":"2 Thieves","floor":19,"turns":3},{"damage":33,"enemies":"Centurion and Healer","floor":21,"turns":7},{"damage":10,"enemies":"Chosen and Byrds","floor":27,"turns":4},{"damage":0,"enemies":"Cultist and Chosen","floor":31,"turns":4},{"damage":59,"enemies":"Collector","floor":33,"turns":8},{"damage":9,"enemies":"3 Darklings","floor":35,"turns":5},{"damage":0,"enemies":"3 Shapes","floor":38,"turns":5},{"damage":3,"enemies":"Jaw Worm Horde","floor":39,"turns":4},{"damage":9,"enemies":"4 Shapes","floor":41,"turns":3},{"damage":8,"enemies":"3 Darklings","floor":44,"turns":4},{"damage":9,"enemies":"Sphere and 2 Shapes","floor":45,"turns":4},{"damage":14,"enemies":"Jaw Worm Horde","floor":46,"turns":2},{"damage":67,"enemies":"Writhing Mass","floor":48,"turns":4}],"seed_played":"320232831473246996","potions_obtained":[{"floor":5,"key":"Energy Potion"},{"floor":11,"key":"FearPotion"},{"floor":12,"key":"Explosive Potion"},{"floor":16,"key":"Regen Potion"}],"is_trial":false,"path_per_floor":["M","?","M","?","M","R","M","$","T","?","M","E","?","M","R","B",null,"M","M","?","M","$","R","?","?","T","M","?","T","?","M","R","B",null,"M","?","$","M","M","R","M","R","T","M","M","M","$"],"character_chosen":"DEFECT","items_purchased":["Doom and Gloom","Sunder","Ginger","Barrage"],"campfire_rested":3,"item_purchase_floors":[8,37,47,47],"current_hp_per_floor":[71,71,66,55,43,65,65,65,65,65,58,45,72,74,74,34,82,82,70,70,44,44,68,68,68,68,65,65,65,65,72,82,30,82,80,80,80,80,82,82,80,80,80,79,77,63,63,0],"gold":39,"neow_bonus":"THREE_RARE_CARDS","is_prod":false,"is_daily":false,"chose_seed":false,"campfire_upgraded":3,"win_rate":0,"timestamp":1540853252,"path_taken":["M","?","M","?","M","R","M","$","T","?","M","E","?","M","R","BOSS","M","M","?","M","$","R","?","?","T","?","?","?","?","M","R","BOSS","M","?","$","M","M","R","M","R","T","M","M","M","$","M"],"build_version":"2018-10-25v2","purchased_purges":1,"victory":false,"max_hp_per_floor":[75,75,75,75,75,75,75,75,75,75,75,82,82,82,82,82,82,82,82,82,82,82,82,82,82,82,82,82,82,82,82,82,82,82,82,82,82,82,82,82,82,82,82,82,82,82,82,82],"card_choices":[{"not_picked":["Meteor Strike","Echo Form"],"picked":"Electrodynamics","floor":0},{"not_picked":["Turbo","Redo"],"picked":"Beam Cell","floor":1},{"not_picked":["Rebound","Streamline"],"picked":"Static Discharge","floor":3},{"not_picked":["Reinforced Body","Ball Lightning"],"picked":"Self Repair","floor":5},{"not_picked":["Fusion","Consume","Cold Snap"],"picked":"SKIP","floor":7},{"not_picked":["Redo","Cold Snap","Streamline"],"picked":"Conserve Battery","floor":11},{"not_picked":["Conserve Battery","Recycle","Double Energy"],"picked":"Sweeping Beam","floor":12},{"not_picked":["Blizzard","Skim","Conserve Battery","Scrape"],"picked":"SKIP","floor":14},{"not_picked":["Machine Learning","Multi-Cast","Biased Cognition"],"picked":"Core Surge","floor":16},{"not_picked":["Tempest+1","Streamline","Doom and Gloom+1"],"picked":"Go for the Eyes+1","floor":18},{"not_picked":["Aggregate","Consume","Rip and Tear"],"picked":"Genetic Algorithm+1","floor":19},{"not_picked":["Cold Snap","Gash","Compile Driver","Hologram"],"picked":"SKIP","floor":21},{"not_picked":["Coolheaded","Double Energy","Ball Lightning+1"],"picked":"Buffer","floor":27},{"not_picked":["Gash","Skim+1","Steam+1","Barrage"],"picked":"SKIP","floor":31},{"not_picked":["Multi-Cast","All For One","Hyperbeam"],"picked":"Amplify","floor":33},{"not_picked":["Redo+1","Scrape+1","Genetic Algorithm","Steam+1"],"picked":"SKIP","floor":35},{"not_picked":["Reinforced Body","Hologram","Aggregate","Leap+1"],"picked":"SKIP","floor":38},{"not_picked":["Leap","Hologram+1","Streamline","Stack+1"],"picked":"SKIP","floor":39},{"not_picked":["Go for the Eyes+1","Steam Power","Double Energy","Meteor Strike"],"picked":"SKIP","floor":41},{"not_picked":["Streamline","Barrage+1","Compile Driver"],"picked":"BootSequence","floor":44},{"not_picked":["Double Energy","Consume","Steam","Barrage+1"],"picked":"SKIP","floor":45},{"not_picked":["Steam Power+1","BootSequence+1","Streamline+1","Steam"],"picked":"SKIP","floor":46},{"not_picked":["Steam Power+1","BootSequence+1","Streamline+1","Steam"],"picked":"SKIP","floor":46}],"player_experience":223031,"relics_obtained":[{"floor":9,"key":"Question Card"},{"floor":12,"key":"Strawberry"},{"floor":26,"key":"War Paint"},{"floor":29,"key":"Lantern"},{"floor":43,"key":"Bag of Marbles"}],"event_choices":[{"damage_healed":0,"gold_gain":0,"player_choice":"Grow","damage_taken":0,"max_hp_gain":0,"max_hp_loss":0,"event_name":"Living Wall","floor":2,"gold_loss":0,"cards_upgraded":["Electrodynamics"]},{"damage_healed":0,"gold_gain":75,"player_choice":"Gather Gold","damage_taken":11,"max_hp_gain":0,"max_hp_loss":0,"event_name":"World of Goop","floor":4,"gold_loss":0},{"damage_healed":0,"gold_gain":0,"player_choice":"Searched \u00271\u0027 times","damage_taken":0,"relics_obtained":["Unceasing Top"],"max_hp_gain":0,"max_hp_loss":0,"event_name":"Dead Adventurer","floor":10,"gold_loss":0},{"damage_healed":27,"gold_gain":0,"player_choice":"Banana","damage_taken":0,"max_hp_gain":0,"max_hp_loss":0,"event_name":"Big Fish","floor":13,"gold_loss":0},{"damage_healed":0,"gold_gain":0,"player_choice":"Opened","damage_taken":0,"relics_obtained":["Pen Nib"],"max_hp_gain":0,"max_hp_loss":0,"event_name":"The Mausoleum","floor":20,"gold_loss":0,"cards_obtained":["Writhe"]},{"damage_healed":0,"gold_gain":0,"player_choice":"Simplicity","damage_taken":0,"max_hp_gain":0,"max_hp_loss":0,"event_name":"Back to Basics","floor":24,"gold_loss":0,"cards_upgraded":["Strike_B","Strike_B","Strike_B","Strike_B","Defend_B","Defend_B","Defend_B","Defend_B"]},{"damage_healed":0,"gold_gain":0,"player_choice":"Bought 0 Potions","damage_taken":0,"max_hp_gain":0,"max_hp_loss":0,"event_name":"The Woman in Blue","floor":25,"gold_loss":0},{"damage_healed":0,"gold_gain":0,"player_choice":"Bet on Murderer","damage_taken":0,"max_hp_gain":0,"max_hp_loss":0,"event_name":"The Joust","floor":28,"gold_loss":50},{"damage_healed":0,"gold_gain":0,"player_choice":"Forge","damage_taken":0,"max_hp_gain":0,"max_hp_loss":0,"event_name":"Accursed Blacksmith","floor":30,"gold_loss":0,"cards_upgraded":["Buffer"]},{"cards_removed":["Beam Cell"],"damage_healed":0,"gold_gain":0,"player_choice":"Removed Attack","damage_taken":0,"max_hp_gain":0,"max_hp_loss":0,"event_name":"Falling","floor":36,"gold_loss":0}],"is_beta":false,"boss_relics":[{"not_picked":["Snecko Eye","Runic Pyramid"],"picked":"Sozu"},{"not_picked":["White Beast Statue","Empty Cage"],"picked":"Inserter"}],"items_purged_floors":[22],"is_endless":false,"potions_floor_spawned":[5,11,12,16,18,21,35,39,41,46],"killed_by":"Writhing Mass","ascension_level":2}