{"gold_per_floor":[118,130,149,69,88,114,114,140,140,158,158,484,494,523,523,594,594,594,519,479,154,154,154,154,154,154,154,154,154,154,154,154,154,154,154,154,21,21,21,21,21,21,21,21,21,21,21,21,21,21,21],"floor_reached":52,"playtime":2769,"items_purged":[],"score":2875,"play_id":"e2dc6456-1899-4d67-bec6-32e3eab3bc32","local_time":"20190115194141","daily_mods":["SealedDeck","DeadlyEvents","Elite Swarm"],"is_ascension_mode":true,"campfire_choices":[{"data":"Fission","floor":7,"key":"SMITH"},{"data":"Defragment","floor":11,"key":"SMITH"},{"data":"Go for the Eyes","floor":15,"key":"SMITH"},{"floor":32,"key":"REST"},{"data":"Echo Form","floor":40,"key":"SMITH"},{"data":"Biased Cognition","floor":47,"key":"SMITH"},{"data":"Rainbow","floor":49,"key":"SMITH"}],"neow_cost":"","seed_source_timestamp":40411723103420,"circlet_count":0,"master_deck":["AscendersBane","Hologram","Go for the Eyes+1","Compile Driver","Ball Lightning","Sweeping Beam","Reinforced Body+1","Ball Lightning","Cold Snap","Defragment+1","Fission+1","Rainbow+1","Electrodynamics","Chill+1","Biased Cognition+1","Buffer","Leap","Core Surge","Leap+1","Echo Form+1","FTL","Undo","Blizzard","Seek+1"],"relics":["Cracked Core","Matryoshka","Question Card","Omamori","Ginger","Old Coin","Ice Cream","Ectoplasm","Dead Branch","Gremlin Horn","Tiny Chest","Nunchaku","Art of War","Ancient Tea Set","PreservedInsect","Shovel","Empty Cage","War Paint","Toxic Egg 2","Meat on the Bone","Boot","Bag of Preparation","Lantern"],"potions_floor_usage":[8,30,51,51],"damage_taken":[{"damage":0,"enemies":"2 Louse","floor":1,"turns":2},{"damage":0,"enemies":"Jaw Worm","floor":2,"turns":2},{"damage":0,"enemies":"Cultist","floor":3,"turns":2},{"damage":0,"enemies":"Lots of Slimes","floor":5,"turns":2},{"damage":0,"enemies":"Lagavulin","floor":6,"turns":5},{"damage":0,"enemies":"Gremlin Nob","floor":8,"turns":3},{"damage":0,"enemies":"Exordium Wildlife","floor":10,"turns":2},{"damage":4,"enemies":"3 Sentries","floor":12,"turns":4},{"damage":0,"enemies":"Looter","floor":13,"turns":1},{"damage":0,"enemies":"Gremlin Nob","floor":14,"turns":3},{"damage":0,"enemies":"Slime Boss","floor":16,"turns":6},{"damage":0,"enemies":"Chosen","floor":18,"turns":4},{"damage":0,"enemies":"2 Thieves","floor":20,"turns":2},{"damage":4,"enemies":"Book of Stabbing","floor":23,"turns":4},{"damage":2,"enemies":"Snecko","floor":24,"turns":3},{"damage":0,"enemies":"Slavers","floor":25,"turns":3},{"damage":31,"enemies":"Book of Stabbing","floor":27,"turns":4},{"damage":0,"enemies":"Cultist and Chosen","floor":28,"turns":4},{"damage":0,"enemies":"Gremlin Leader","floor":29,"turns":4},{"damage":25,"enemies":"Slavers","floor":30,"turns":4},{"damage":0,"enemies":"Snake Plant","floor":31,"turns":4},{"damage":0,"enemies":"Automaton","floor":33,"turns":5},{"damage":0,"enemies":"Orb Walker","floor":35,"turns":3},{"damage":0,"enemies":"3 Shapes","floor":36,"turns":3},{"damage":0,"enemies":"Transient","floor":38,"turns":6},{"damage":0,"enemies":"Nemesis","floor":42,"turns":5},{"damage":7,"enemies":"Giant Head","floor":44,"turns":6},{"damage":11,"enemies":"Nemesis","floor":45,"turns":4},{"damage":0,"enemies":"Reptomancer","floor":46,"turns":3},{"damage":0,"enemies":"Maw","floor":48,"turns":5},{"damage":33,"enemies":"Awakened One","floor":50,"turns":17},{"damage":0,"enemies":"Donu and Deca","floor":51,"turns":8}],"seed_played":"8394415063727525153","potions_obtained":[{"floor":2,"key":"Swift Potion"},{"floor":5,"key":"Ancient Potion"},{"floor":8,"key":"Regen Potion"},{"floor":31,"key":"SmokeBomb"},{"floor":35,"key":"PowerPotion"},{"floor":42,"key":"Ancient Potion"}],"is_trial":true,"path_per_floor":["M","M","M","$","M","E","R","E","T","M","R","E","M","E","R","B",null,"M","?","M","$","?","E","M","E","T","E","M","E","E","M","R","B",null,"M","M","$","M","?","R","T","E","T","E","E","E","R","M","R","B","B",null],"character_chosen":"DEFECT","items_purchased":["Defragment","Dead Branch","Undo","Blizzard"],"campfire_rested":1,"item_purchase_floors":[4,21,37,37],"current_hp_per_floor":[64,64,64,64,64,64,64,64,64,64,64,60,60,60,60,60,68,68,68,68,68,68,64,62,62,62,31,31,31,18,18,39,39,63,63,63,63,63,71,71,71,71,71,64,53,53,53,53,53,32,44],"gold":21,"neow_bonus":"","is_prod":false,"is_daily":false,"chose_seed":false,"campfire_upgraded":6,"win_rate":0,"timestamp":1547610101,"path_taken":["M","M","M","$","M","E","R","E","T","M","R","E","M","E","R","BOSS","M","?","M","$","?","E","M","E","T","E","?","?","E","M","R","BOSS","M","M","$","M","?","R","?","E","T","E","?","E","R","M","R","BOSS","BOSS"],"build_version":"2019-01-10","purchased_purges":0,"victory":true,"max_hp_per_floor":[71,71,71,71,71,71,71,71,71,71,71,71,71,71,71,71,71,71,71,71,71,71,71,71,71,71,71,71,71,71,71,71,71,71,71,71,71,71,71,71,71,71,71,71,71,71,71,71,71,71,71],"card_choices":[{"not_picked":["Steam Power","Recycle","Sweeping Beam"],"picked":"SKIP","floor":1},{"not_picked":["Stack","Turbo","Gash"],"picked":"SKIP","floor":2},{"not_picked":["Melter","Compile Driver"],"picked":"Cold Snap","floor":3},{"not_picked":["Force Field","Meteor Strike","Scrape"],"picked":"SKIP","floor":5},{"not_picked":["Thunder Strike","All For One"],"picked":"Fission","floor":6},{"not_picked":["Meteor Strike","Creative AI"],"picked":"Rainbow","floor":8},{"not_picked":["Ball Lightning","Beam Cell","Loop","Turbo"],"picked":"SKIP","floor":10},{"not_picked":["Buffer","Seek","Rainbow"],"picked":"Electrodynamics","floor":12},{"not_picked":["Recycle","Blizzard","Stack"],"picked":"Chill","floor":13},{"not_picked":["Thunder Strike","Hyperbeam","Rainbow"],"picked":"Biased Cognition","floor":14},{"not_picked":["Hyperbeam","Thunder Strike","Fission"],"picked":"Buffer","floor":16},{"not_picked":["Gash","Barrage","Beam Cell"],"picked":"Leap","floor":18},{"not_picked":["Go for the Eyes","Self Repair","Rainbow","Streamline+1"],"picked":"SKIP","floor":20},{"not_picked":["Multi-Cast","Reboot","Seek"],"picked":"Core Surge","floor":23},{"not_picked":["Steam Power","Chaos","Sweeping Beam"],"picked":"Leap+1","floor":24},{"not_picked":["Machine Learning","Fission","Creative AI","Hyperbeam"],"picked":"SKIP","floor":25},{"not_picked":["Electrodynamics","Fission","Machine Learning","Creative AI"],"picked":"SKIP","floor":27},{"not_picked":["Beam Cell","Sweeping Beam","Redo","Barrage"],"picked":"SKIP","floor":28},{"not_picked":["All For One","Electrodynamics","Buffer"],"picked":"Echo Form","floor":29},{"not_picked":["Machine Learning","Buffer","Multi-Cast","Core Surge"],"picked":"SKIP","floor":30},{"not_picked":["Redo","White Noise","Scrape"],"picked":"FTL","floor":31},{"not_picked":["Compile Driver","Ball Lightning","Barrage","Sweeping Beam+1"],"picked":"SKIP","floor":35},{"not_picked":["Chaos","Compile Driver","Redo","Sweeping Beam"],"picked":"SKIP","floor":36},{"not_picked":["Redo","Conserve Battery+1","Blizzard","Turbo"],"picked":"SKIP","floor":38},{"not_picked":["All For One","Fission","Buffer","Core Surge"],"picked":"SKIP","floor":42},{"not_picked":["Electrodynamics","Amplify+1","All For One"],"picked":"Seek+1","floor":44},{"not_picked":["Rainbow+1","Amplify+1","Core Surge","Meteor Strike"],"picked":"SKIP","floor":45},{"not_picked":["Echo Form","Reboot+1","Buffer","Thunder Strike"],"picked":"SKIP","floor":46},{"not_picked":["Sunder","Ball Lightning","Go for the Eyes+1","Cold Snap"],"picked":"SKIP","floor":48}],"player_experience":1986692,"relics_obtained":[{"floor":6,"key":"Matryoshka"},{"floor":8,"key":"Question Card"},{"floor":9,"key":"Omamori"},{"floor":9,"key":"Ginger"},{"floor":12,"key":"Old Coin"},{"floor":14,"key":"Ice Cream"},{"floor":23,"key":"Tiny Chest"},{"floor":25,"key":"Nunchaku"},{"floor":26,"key":"Art of War"},{"floor":27,"key":"Ancient Tea Set"},{"floor":29,"key":"PreservedInsect"},{"floor":30,"key":"Shovel"},{"floor":41,"key":"War Paint"},{"floor":42,"key":"Toxic Egg 2"},{"floor":43,"key":"Meat on the Bone"},{"floor":44,"key":"Boot"},{"floor":45,"key":"Bag of Preparation"},{"floor":46,"key":"Lantern"}],"event_choices":[{"cards_removed":["Fusion"],"damage_healed":0,"gold_gain":0,"player_choice":"Gave Gold","damage_taken":0,"max_hp_gain":0,"max_hp_loss":0,"event_name":"Beggar","floor":19,"gold_loss":75},{"damage_healed":0,"gold_gain":0,"player_choice":"Opened","damage_taken":0,"relics_obtained":["Gremlin Horn"],"max_hp_gain":0,"max_hp_loss":0,"event_name":"The Mausoleum","floor":22,"gold_loss":0,"cards_obtained":["Writhe"]},{"damage_healed":14,"gold_gain":0,"player_choice":"Writhe","damage_taken":0,"max_hp_gain":0,"max_hp_loss":0,"event_name":"Winding Halls","floor":39,"gold_loss":0,"cards_obtained":["Writhe"]}],"is_beta":false,"boss_relics":[{"not_picked":["Snecko Eye","Busted Crown"],"picked":"Ectoplasm"},{"not_picked":["Calling Bell","Tiny House"],"picked":"Empty Cage"}],"items_purged_floors":[],"is_endless":false,"potions_floor_spawned":[2,5,6,8,13,16,20,25,27,28,29,31,35,42,46],"ascension_level":20}