{"gold_per_floor":[116,41,41,59,75,75,103,103,129,159,159,159,159,177,177,273,273,292,292,308,308,308,308,308,122,145,183,37,76,88,100],"floor_reached":31,"playtime":840,"items_purged":["Strike_G"],"score":604,"play_id":"80a45ea0-63aa-4f25-8725-7c7e70ca1704","local_time":"20190407144351","is_ascension_mode":true,"campfire_choices":[{"data":"Noxious Fumes","floor":6.0,"key":"SMITH"},{"floor":8.0,"key":"REST"},{"data":"Neutralize","floor":12.0,"key":"SMITH"},{"data":"Flechettes","floor":15.0,"key":"SMITH"},{"floor":23.0,"key":"REST"}],"neow_cost":"NONE","seed_source_timestamp":10368811678800,"circlet_count":0,"master_deck":["AscendersBane","Defend_G","Defend_G","Defend_G","Defend_G","Defend_G","Strike_G","Strike_G","Strike_G","Survivor","Neutralize+1","Noxious Fumes+1","Tactician","Poisoned Stab","Flechettes+1","Venomology","Corpse Explosion","Reflex","Acrobatics","Footwork","Calculated Gamble","Night Terror"],"special_seed":0,"relics":["Ring of the Snake","NeowsBlessing","Dream Catcher","Bag of Marbles","Vajra","Bloody Idol","Black Star","Shuriken","PreservedInsect","Oddly Smooth Stone","Bronze Scales","MawBank","Smiling Mask"],"potions_floor_usage":[29,29],"damage_taken":[{"damage":0.0,"enemies":"Jaw Worm","floor":1.0,"turns":1.0},{"damage":0.0,"enemies":"Small Slimes","floor":4.0,"turns":1.0},{"damage":0.0,"enemies":"2 Louse","floor":5.0,"turns":1.0},{"damage":47.0,"enemies":"Gremlin Nob","floor":7.0,"turns":6.0},{"damage":19.0,"enemies":"3 Sentries","floor":10.0,"turns":7.0},{"damage":0.0,"enemies":"2 Fungi Beasts","floor":14.0,"turns":3.0},{"damage":13.0,"enemies":"Hexaghost","floor":16.0,"turns":10.0},{"damage":7.0,"enemies":"3 Byrds","floor":18.0,"turns":3.0},{"damage":26.0,"enemies":"Shell Parasite","floor":20.0,"turns":6.0},{"damage":13.0,"enemies":"Colosseum Slavers","floor":21.0,"turns":5.0},{"damage":18.0,"enemies":"Slavers","floor":27.0,"turns":4.0},{"damage":0,"enemies":"Gremlin Leader","floor":29,"turns":3},{"damage":0,"enemies":"Shelled Parasite and Fungi","floor":31,"turns":1}],"seed_played":"6156336836871563050","potions_obtained":[{"floor":1.0,"key":"Fire Potion"},{"floor":4.0,"key":"Energy Potion"},{"floor":10.0,"key":"Dexterity Potion"},{"floor":29,"key":"FearPotion"}],"is_trial":false,"path_per_floor":["M","?","?","M","M","R","E","R","T","E","?","R","?","M","R","B",null,"M","?","M","?","T","R","?","$","T","E","$","E","?","M"],"character_chosen":"THE_SILENT","items_purchased":["AttackPotion","Strength Potion","Calculated Gamble","SkillPotion"],"campfire_rested":2,"item_purchase_floors":[25,25,28,28],"current_hp_per_floor":[59,59,59,59,59,59,12,31,31,12,17,17,17,17,17,4,49,42,42,16,3,3,22,22,22,22,4,4,4,4,9],"gold":100,"neow_bonus":"THREE_ENEMY_KILL","is_prod":false,"is_daily":false,"chose_seed":false,"campfire_upgraded":3,"win_rate":0,"timestamp":1554619431,"path_taken":["M","?","?","M","?","R","E","R","T","E","?","R","?","M","R","BOSS","M","?","M","?","?","R","?","$","T","E","$","E","?","M"],"build_version":"2019-04-04","purchased_purges":1,"victory":false,"max_hp_per_floor":[66,66,66,66,66,66,66,66,66,66,71,71,64,64,64,64,64,64,64,64,64,64,64,64,64,64,64,64,64,64,64],"card_choices":[{"not_picked":["Infinite Blades","Concentrate"],"picked":"Noxious Fumes","floor":1.0},{"not_picked":["Concentrate","Quick Slash"],"picked":"Tactician","floor":4.0},{"not_picked":["Underhanded Strike","PiercingWail","Blade Dance"],"picked":"SKIP","floor":5.0},{"not_picked":["Blur","Dagger Spray"],"picked":"Poisoned Stab","floor":7.0},{"not_picked":["Quick Slash","Dagger Spray"],"picked":"Flechettes","floor":10.0},{"not_picked":["Cloak And Dagger","Dodge and Roll"],"picked":"Venomology","floor":14.0},{"not_picked":["Glass Knife","Doppelganger"],"picked":"Corpse Explosion","floor":16.0},{"not_picked":["Poisoned Stab","Dagger Spray","Choke+1"],"picked":"SKIP","floor":18.0},{"not_picked":["Slice","Poisoned Stab","Sucker Punch"],"picked":"SKIP","floor":20.0},{"not_picked":["Backflip","Prepared"],"picked":"Acrobatics","floor":23.0},{"not_picked":["Slice","Poisoned Stab"],"picked":"Footwork","floor":27.0},{"not_picked":["Choke","Masterful Stab"],"picked":"Night Terror","floor":29}],"player_experience":1331828,"relics_obtained":[{"floor":7.0,"key":"Dream Catcher"},{"floor":9.0,"key":"Bag of Marbles"},{"floor":10.0,"key":"Vajra"},{"floor":22.0,"key":"Shuriken"},{"floor":26.0,"key":"PreservedInsect"},{"floor":27.0,"key":"Oddly Smooth Stone"},{"floor":27.0,"key":"Bronze Scales"},{"floor":29,"key":"MawBank"},{"floor":29,"key":"Smiling Mask"}],"event_choices":[{"cards_removed":["Strike_G"],"damage_healed":0.0,"max_hp_gain":0.0,"max_hp_loss":0.0,"gold_gain":0.0,"event_name":"The Cleric","player_choice":"Card Removal","floor":2.0,"gold_loss":75.0,"damage_taken":0.0},{"damage_healed":0.0,"max_hp_gain":0.0,"max_hp_loss":0.0,"gold_gain":0.0,"event_name":"Liars Game","player_choice":"Ignored","floor":3.0,"gold_loss":0.0,"damage_taken":0.0},{"damage_healed":0.0,"max_hp_gain":5.0,"max_hp_loss":0.0,"gold_gain":0.0,"event_name":"Big Fish","player_choice":"Donut","floor":11.0,"gold_loss":0.0,"damage_taken":0.0},{"damage_healed":0.0,"max_hp_gain":0.0,"max_hp_loss":7.0,"gold_gain":0.0,"event_name":"Golden Idol","player_choice":"Lose Max HP","floor":13.0,"gold_loss":0.0,"damage_taken":0.0,"relics_obtained":["Golden Idol"]},{"damage_healed":0.0,"max_hp_gain":0.0,"max_hp_loss":0.0,"gold_gain":0.0,"event_name":"The Library","player_choice":"Read","floor":19.0,"gold_loss":0.0,"damage_taken":0.0,"cards_obtained":["Reflex"]},{"damage_healed":0.0,"max_hp_gain":0.0,"max_hp_loss":0.0,"gold_gain":0.0,"event_name":"Colosseum","player_choice":"Fight","floor":21.0,"gold_loss":0.0,"damage_taken":0.0},{"damage_healed":0.0,"max_hp_gain":0.0,"max_hp_loss":0.0,"gold_gain":0.0,"event_name":"Colosseum","player_choice":"Fled From Nobs","floor":21.0,"gold_loss":0.0,"damage_taken":0.0},{"damage_healed":0.0,"max_hp_gain":0.0,"max_hp_loss":0.0,"gold_gain":0.0,"event_name":"Cursed Tome","player_choice":"Ignored","floor":24.0,"gold_loss":0.0,"damage_taken":0.0},{"damage_healed":0,"gold_gain":0,"player_choice":"Gave Idol","damage_taken":0,"relics_obtained":["Bloody Idol"],"max_hp_gain":0,"max_hp_loss":0,"event_name":"Forgotten Altar","floor":30,"relics_lost":["Golden Idol"],"gold_loss":0}],"is_beta":true,"boss_relics":[{"not_picked":["Ring of the Serpent","Eternal Feather"],"picked":"Black Star"}],"items_purged_floors":[25],"is_endless":false,"potions_floor_spawned":[1,4,10,29],"killed_by":"Shelled Parasite and Fungi","ascension_level":20}