{"gold_per_floor":[119,95,112,131,56,89,89,103,103,103,128,128,147,164,164,236,236,256,256,271,286,62,62,90,109,156,174,208,258,258,269,269,341,341,358,358,375,389,407,434,434,445,468,494,494,44,79,90,90,90],"floor_reached":51,"playtime":4000,"items_purged":["Strike_G","Strike_G"],"score":1497,"play_id":"edc2139a-a262-47f6-bc9d-28dc1e0f17a2","local_time":"20190503093148","is_ascension_mode":true,"campfire_choices":[{"data":"Cloak And Dagger","floor":10.0,"key":"SMITH"},{"floor":12.0,"key":"REST"},{"data":"Blade Dance","floor":15.0,"key":"SMITH"},{"data":"Cloak And Dagger","floor":23.0,"key":"SMITH"},{"data":"After Image","floor":30.0,"key":"SMITH"},{"data":"Noxious Fumes","floor":32.0,"key":"SMITH"},{"data":"Well Laid Plans","floor":41.0,"key":"SMITH"},{"data":"Finisher","floor":45.0,"key":"SMITH"},{"data":"Neutralize","floor":49,"key":"SMITH"}],"neow_cost":"NONE","seed_source_timestamp":6826560328120,"circlet_count":0,"master_deck":["AscendersBane","Defend_G+1","Defend_G","Defend_G","Defend_G","Defend_G","Strike_G","Survivor","Neutralize+1","Dagger Spray","Quick Slash","Leg Sweep","Cloak And Dagger+1","Blade Dance+1","Blur","Die Die Die","PiercingWail+1","Backflip+1","PiercingWail","Cloak And Dagger+1","Finisher+1","After Image+1","Escape Plan","Blur","Noxious Fumes+1","Dodge and Roll","Crippling Poison+1","Well Laid Plans+1","Escape Plan","Cloak And Dagger+1","Cloak And Dagger+1","Dodge and Roll"],"special_seed":0,"relics":["Ring of the Snake","Kunai","Pear","Bag of Preparation","Coffee Dripper","War Paint","Matryoshka","Centennial Puzzle","Juzu Bracelet","Sundial","Black Star","Letter Opener","Paper Crane","Potion Belt","Orichalcum","Bronze Scales","Bottled Lightning","DollysMirror","Happy Flower","Snake Skull"],"potions_floor_usage":[],"damage_taken":[{"damage":2.0,"enemies":"Cultist","floor":1.0,"turns":5.0},{"damage":0.0,"enemies":"Jaw Worm","floor":3.0,"turns":4.0},{"damage":0.0,"enemies":"Small Slimes","floor":4.0,"turns":3.0},{"damage":27.0,"enemies":"3 Sentries","floor":6.0,"turns":8.0},{"damage":0.0,"enemies":"3 Louse","floor":8.0,"turns":2.0},{"damage":31.0,"enemies":"Gremlin Nob","floor":11.0,"turns":6.0},{"damage":4.0,"enemies":"Gremlin Gang","floor":13.0,"turns":2.0},{"damage":0.0,"enemies":"Exordium Wildlife","floor":14.0,"turns":4.0},{"damage":19.0,"enemies":"Slime Boss","floor":16.0,"turns":17.0},{"damage":10.0,"enemies":"2 Thieves","floor":18.0,"turns":5.0},{"damage":0.0,"enemies":"Chosen","floor":20.0,"turns":8.0},{"damage":2.0,"enemies":"Centurion and Healer","floor":21.0,"turns":9.0},{"damage":0.0,"enemies":"Book of Stabbing","floor":24.0,"turns":9.0},{"damage":0.0,"enemies":"Snake Plant","floor":25.0,"turns":9.0},{"damage":8.0,"enemies":"Snecko","floor":27.0,"turns":7.0},{"damage":0.0,"enemies":"Gremlin Leader","floor":28.0,"turns":12.0},{"damage":3.0,"enemies":"Chosen and Byrds","floor":31.0,"turns":8.0},{"damage":11.0,"enemies":"Collector","floor":33.0,"turns":15.0},{"damage":0.0,"enemies":"3 Darklings","floor":35.0,"turns":6.0},{"damage":0.0,"enemies":"3 Shapes","floor":37.0,"turns":6.0},{"damage":14.0,"enemies":"Jaw Worm Horde","floor":38.0,"turns":7.0},{"damage":0.0,"enemies":"3 Darklings","floor":39.0,"turns":5.0},{"damage":3.0,"enemies":"Reptomancer","floor":40.0,"turns":13.0},{"damage":0.0,"enemies":"Spire Growth","floor":42.0,"turns":8.0},{"damage":0.0,"enemies":"Giant Head","floor":44.0,"turns":10.0},{"damage":0,"enemies":"Nemesis","floor":47,"turns":9},{"damage":5,"enemies":"Jaw Worm Horde","floor":48,"turns":4},{"damage":3,"enemies":"Awakened One","floor":50,"turns":20}],"seed_played":"-8515507519379494845","potions_obtained":[{"floor":1.0,"key":"GamblersBrew"},{"floor":3.0,"key":"SmokeBomb"},{"floor":13.0,"key":"Swift Potion"},{"floor":20.0,"key":"PowerPotion"},{"floor":25.0,"key":"Poison Potion"},{"floor":28.0,"key":"GhostInAJar"},{"floor":40.0,"key":"Poison Potion"},{"floor":44.0,"key":"Fire Potion"}],"is_trial":false,"path_per_floor":["M","$","M","M","?","E","?","M","T","R","E","R","M","M","R","B",null,"M","?","M","M","$","R","E","M","T","M","E","?","R","M","R","B",null,"M","?","M","M","M","E","R","M","T","E","R","$","E","M","R","B",null],"character_chosen":"THE_SILENT","items_purchased":["Dagger Spray","War Paint","DollysMirror","Happy Flower"],"campfire_rested":1,"item_purchase_floors":[2,22,46,46],"current_hp_per_floor":[57,57,57,57,57,30,30,30,40,40,9,31,27,27,27,8,59,49,49,49,47,47,47,47,47,47,39,39,39,39,36,36,25,63,63,63,63,49,49,46,46,46,46,46,46,46,46,41,41,38],"gold":90,"neow_bonus":"REMOVE_CARD","is_prod":false,"is_daily":false,"chose_seed":false,"campfire_upgraded":8,"win_rate":0,"timestamp":1556901108,"path_taken":["M","$","M","?","?","E","?","M","T","R","E","R","?","M","R","BOSS","M","?","?","M","$","R","E","M","T","M","E","?","R","M","R","BOSS","M","?","M","M","M","E","R","M","T","E","R","$","E","M","R","BOSS"],"build_version":"2019-01-23","purchased_purges":2,"victory":true,"max_hp_per_floor":[66,66,66,66,66,66,66,66,76,76,76,76,76,76,76,76,76,76,76,76,76,76,76,76,76,76,76,76,76,76,76,76,76,76,76,76,76,76,76,76,76,76,76,76,76,76,76,76,76,76],"card_choices":[{"not_picked":["Footwork","Flying Knee"],"picked":"Dagger Throw","floor":1.0},{"not_picked":["Blade Dance","Backflip"],"picked":"Quick Slash","floor":3.0},{"not_picked":["Reflex","Poisoned Stab"],"picked":"Leg Sweep","floor":4.0},{"not_picked":["Masterful Stab","Bane","Quick Slash"],"picked":"SKIP","floor":6.0},{"not_picked":["PiercingWail","All Out Attack"],"picked":"Cloak And Dagger","floor":8.0},{"not_picked":["Backflip","PiercingWail"],"picked":"Blade Dance","floor":11.0},{"not_picked":["Prepared","Skewer","Distraction"],"picked":"SKIP","floor":13.0},{"not_picked":["Deflect","Bane"],"picked":"Blur","floor":14.0},{"not_picked":["Wraith Form v2","Unload"],"picked":"Die Die Die","floor":16.0},{"not_picked":["Dagger Throw","Sucker Punch"],"picked":"PiercingWail+1","floor":18.0},{"not_picked":["Blade Dance","Flying Knee+1"],"picked":"PiercingWail","floor":20.0},{"not_picked":["Sucker Punch","PiercingWail"],"picked":"Cloak And Dagger","floor":21.0},{"not_picked":["Bane+1","Quick Slash"],"picked":"Finisher","floor":24.0},{"not_picked":["Backflip","Leg Sweep"],"picked":"After Image","floor":25.0},{"not_picked":["Calculated Gamble","Sucker Punch"],"picked":"Escape Plan","floor":27.0},{"not_picked":["Underhanded Strike","Poisoned Stab"],"picked":"Blur","floor":28.0},{"not_picked":["Outmaneuver+1","Bane+1"],"picked":"Noxious Fumes","floor":31.0},{"not_picked":["Flechettes+1","Acrobatics"],"picked":"Dodge and Roll","floor":35.0},{"not_picked":["Terror","Slice","Footwork+1"],"picked":"SKIP","floor":37.0},{"not_picked":["Bouncing Flask+1","Infinite Blades+1"],"picked":"Crippling Poison+1","floor":38.0},{"not_picked":["Dagger Spray","Prepared","Flechettes+1"],"picked":"SKIP","floor":39.0},{"not_picked":["Slice+1","Malaise"],"picked":"Well Laid Plans","floor":40.0},{"not_picked":["Endless Agony","PiercingWail"],"picked":"Escape Plan","floor":42.0},{"not_picked":["PiercingWail","Calculated Gamble+1"],"picked":"Cloak And Dagger+1","floor":44.0},{"not_picked":["Flechettes+1","Bane+1","Well Laid Plans+1"],"picked":"SKIP","floor":47},{"not_picked":["Concentrate","Backstab"],"picked":"Dodge and Roll","floor":48}],"player_experience":2528344,"relics_obtained":[{"floor":6.0,"key":"Kunai"},{"floor":9.0,"key":"Pear"},{"floor":11.0,"key":"Bag of Preparation"},{"floor":24.0,"key":"Matryoshka"},{"floor":26.0,"key":"Centennial Puzzle"},{"floor":26.0,"key":"Juzu Bracelet"},{"floor":28.0,"key":"Sundial"},{"floor":40.0,"key":"Letter Opener"},{"floor":40.0,"key":"Paper Crane"},{"floor":43.0,"key":"Potion Belt"},{"floor":43.0,"key":"Orichalcum"},{"floor":44.0,"key":"Bronze Scales"},{"floor":44.0,"key":"Bottled Lightning"},{"floor":47,"key":"Snake Skull"}],"event_choices":[{"cards_removed":["Strike_G"],"damage_healed":0.0,"max_hp_gain":0.0,"max_hp_loss":0.0,"gold_gain":0.0,"event_name":"The Cleric","player_choice":"Card Removal","floor":5.0,"gold_loss":75.0,"damage_taken":0.0},{"damage_healed":0.0,"max_hp_gain":0.0,"max_hp_loss":0.0,"gold_gain":0.0,"event_name":"Match and Keep!","player_choice":"0 cards matched","floor":7.0,"gold_loss":0.0,"damage_taken":0.0,"cards_obtained":[]},{"damage_healed":0.0,"max_hp_gain":0.0,"max_hp_loss":0.0,"gold_gain":0.0,"event_name":"Match and Keep!","player_choice":"1 cards matched","floor":19.0,"gold_loss":0.0,"damage_taken":0.0,"cards_obtained":["Backflip"]},{"damage_healed":0.0,"max_hp_gain":0.0,"max_hp_loss":0.0,"gold_gain":50.0,"event_name":"Nest","player_choice":"Stole From Cult","floor":29.0,"gold_loss":0.0,"damage_taken":0.0},{"cards_removed":["Dagger Throw"],"damage_healed":0.0,"max_hp_gain":0.0,"max_hp_loss":0.0,"gold_gain":0.0,"event_name":"Falling","player_choice":"Removed Attack","floor":36.0,"gold_loss":0.0,"damage_taken":0.0}],"is_beta":false,"boss_relics":[{"not_picked":["WristBlade","Busted Crown"],"picked":"Coffee Dripper"},{"not_picked":["Ring of the Serpent","Tiny House"],"picked":"Black Star"}],"items_purged_floors":[22,46],"is_endless":false,"potions_floor_spawned":[1,3,13,14,20,25,28,31,35,40,42,44],"ascension_level":15}