{"gold_per_floor":[117,133,148,0,13,42,42,76,103,103,76,92,127,137,137,236,236,246,246,259,275,16,48,48,74,131,131,131,131,41,41,41,143,143,156,156,69,69,69,99,99,124,124,124,224,242,242,342,342,342],"floor_reached":51,"playtime":3722,"items_purged":[],"score":1025,"play_id":"a5098283-a8df-4dd1-9915-b5f7fa672c9d","local_time":"20190103054533","is_ascension_mode":true,"campfire_choices":[{"floor":7.0,"key":"REST"},{"data":"Accuracy","floor":10.0,"key":"SMITH"},{"floor":15.0,"key":"REST"},{"floor":24.0,"key":"REST"},{"floor":27.0,"key":"REST"},{"data":"Cloak And Dagger","floor":29.0,"key":"SMITH"},{"data":"Blade Dance","floor":32.0,"key":"SMITH"},{"data":"Terror","floor":41.0,"key":"SMITH"},{"data":"Burst","floor":44.0,"key":"SMITH"},{"data":"Neutralize","floor":47.0,"key":"SMITH"},{"floor":49.0,"key":"REST"}],"neow_cost":"NONE","seed_source_timestamp":56566430624718,"circlet_count":0,"master_deck":["Defend_G","Defend_G+1","Defend_G","Defend_G","Defend_G","Survivor","Neutralize+1","Blade Dance+1","Accuracy+1","Accuracy","Infinite Blades","Corpse Explosion","Dodge and Roll","Dash","Terror+1","Malaise","A Thousand Cuts","Prepared+1","Finisher","Calculated Gamble","Accuracy","Cloak And Dagger+1","Leg Sweep","Bite","Bite","Bite","Burst+1","Writhe","Master of Strategy","PiercingWail"],"special_seed":0,"relics":["Ring of the Snake","Regal Pillow","Bag of Marbles","Bronze Scales","Juzu Bracelet","Sozu","Lee\u0027s Waffle","Bag of Preparation","Letter Opener","Tiny Chest","Busted Crown","Lantern","Boot","Shuriken","Pear","Bird Faced Urn"],"potions_floor_usage":[],"damage_taken":[{"damage":0.0,"enemies":"Small Slimes","floor":1.0,"turns":5.0},{"damage":1.0,"enemies":"Cultist","floor":2.0,"turns":4.0},{"damage":4.0,"enemies":"2 Louse","floor":3.0,"turns":4.0},{"damage":5.0,"enemies":"Gremlin Gang","floor":5.0,"turns":3.0},{"damage":22.0,"enemies":"Lagavulin","floor":6.0,"turns":7.0},{"damage":29.0,"enemies":"3 Sentries","floor":8.0,"turns":7.0},{"damage":0.0,"enemies":"2 Fungi Beasts","floor":12.0,"turns":4.0},{"damage":17.0,"enemies":"Gremlin Nob","floor":13.0,"turns":4.0},{"damage":8.0,"enemies":"Lots of Slimes","floor":14.0,"turns":2.0},{"damage":22.0,"enemies":"Hexaghost","floor":16.0,"turns":8.0},{"damage":0.0,"enemies":"3 Byrds","floor":18.0,"turns":2.0},{"damage":0.0,"enemies":"Chosen","floor":20.0,"turns":6.0},{"damage":19.0,"enemies":"Sentry and Sphere","floor":21.0,"turns":6.0},{"damage":43.0,"enemies":"Book of Stabbing","floor":23.0,"turns":6.0},{"damage":48.0,"enemies":"Gremlin Leader","floor":25.0,"turns":10.0},{"damage":55.0,"enemies":"Collector","floor":33.0,"turns":10.0},{"damage":7.0,"enemies":"3 Shapes","floor":35.0,"turns":3.0},{"damage":23.0,"enemies":"Nemesis","floor":40.0,"turns":9.0},{"damage":11.0,"enemies":"Reptomancer","floor":42.0,"turns":6.0},{"damage":0.0,"enemies":"3 Darklings","floor":46.0,"turns":3.0},{"damage":0.0,"enemies":"Mind Bloom Boss Battle","floor":48.0,"turns":4.0},{"damage":70,"enemies":"Time Eater","floor":50,"turns":14}],"seed_played":"2414074794773609250","potions_obtained":[{"floor":3.0,"key":"SkillPotion"},{"floor":8.0,"key":"Weak Potion"},{"floor":14.0,"key":"SpeedPotion"}],"is_trial":false,"path_per_floor":["M","M","M","$","M","E","R","E","T","R","?","M","E","M","R","B",null,"M","?","M","M","$","E","R","E","T","R","?","R","?","$","R","B",null,"M","?","?","?","?","E","R","E","T","R","?","M","R","?","R","B",null],"character_chosen":"THE_SILENT","items_purchased":["Infinite Blades","Corpse Explosion","Lee\u0027s Waffle","Accuracy"],"campfire_rested":5,"item_purchase_floors":[4,4,22,22],"current_hp_per_floor":[70,69,65,65,60,38,76,47,47,47,47,47,30,22,60,38,67,67,67,67,48,84,41,81,33,33,73,58,58,58,58,58,11,46,41,56,56,56,56,43,43,38,48,48,48,52,52,58,68,12],"gold":342,"neow_bonus":"TEN_PERCENT_HP_BONUS","is_prod":false,"is_daily":false,"chose_seed":false,"campfire_upgraded":6,"win_rate":0,"timestamp":1546490733,"path_taken":["M","M","M","$","M","E","R","E","T","R","?","M","E","M","R","BOSS","M","?","M","M","?","E","R","E","T","R","?","R","?","$","R","BOSS","M","?","?","?","?","E","R","E","T","R","?","M","R","?","R","BOSS"],"build_version":"2019-01-01v2","purchased_purges":0,"victory":true,"max_hp_per_floor":[77,77,77,77,77,77,77,77,77,77,77,77,77,77,77,77,77,77,77,77,77,84,84,84,84,84,84,58,58,58,58,58,58,58,58,58,58,58,58,58,58,58,68,68,68,68,68,68,68,68],"card_choices":[{"not_picked":["Finisher","Reflex"],"picked":"Blade Dance","floor":1.0},{"not_picked":["Acrobatics","Crippling Poison"],"picked":"Accuracy","floor":2.0},{"not_picked":["Prepared","Dagger Throw"],"picked":"Accuracy","floor":3.0},{"not_picked":["Dagger Throw","Flying Knee","Masterful Stab"],"picked":"SKIP","floor":5.0},{"not_picked":["Prepared","Dagger Throw"],"picked":"Dodge and Roll","floor":6.0},{"not_picked":["Quick Slash","Sucker Punch","Dagger Spray"],"picked":"SKIP","floor":8.0},{"not_picked":["Masterful Stab","Caltrops"],"picked":"Dash","floor":12.0},{"not_picked":["Escape Plan","Deflect"],"picked":"Terror","floor":13.0},{"not_picked":["Blade Dance","Bane"],"picked":"Malaise","floor":14.0},{"not_picked":["Grand Finale","Tools of the Trade"],"picked":"A Thousand Cuts","floor":16.0},{"not_picked":["Skewer","Acrobatics"],"picked":"Prepared+1","floor":18.0},{"not_picked":["Bane","Dagger Spray+1"],"picked":"Calculated Gamble","floor":20.0},{"not_picked":["Poisoned Stab","Dagger Spray","Acrobatics"],"picked":"SKIP","floor":21.0},{"not_picked":["Wraith Form v2","Bane"],"picked":"Cloak And Dagger","floor":23.0},{"not_picked":["Expertise","Endless Agony"],"picked":"Leg Sweep","floor":25.0},{"not_picked":["Adrenaline","Venomology"],"picked":"Burst","floor":33.0},{"not_picked":["Dagger Throw+1"],"picked":"SKIP","floor":35.0},{"not_picked":[],"picked":"Master of Strategy","floor":39.0},{"not_picked":["Masterful Stab+1"],"picked":"SKIP","floor":40.0},{"not_picked":[],"picked":"PiercingWail","floor":42.0},{"not_picked":["Prepared"],"picked":"SKIP","floor":46.0}],"player_experience":355345,"relics_obtained":[{"floor":6.0,"key":"Regal Pillow"},{"floor":8.0,"key":"Bag of Marbles"},{"floor":9.0,"key":"Bronze Scales"},{"floor":13.0,"key":"Juzu Bracelet"},{"floor":23.0,"key":"Bag of Preparation"},{"floor":25.0,"key":"Letter Opener"},{"floor":26.0,"key":"Tiny Chest"},{"floor":40.0,"key":"Boot"},{"floor":42.0,"key":"Shuriken"},{"floor":43.0,"key":"Pear"},{"floor":48.0,"key":"Bird Faced Urn"}],"event_choices":[{"damage_healed":0.0,"max_hp_gain":0.0,"max_hp_loss":0.0,"gold_gain":0.0,"event_name":"World of Goop","player_choice":"Left Gold","floor":11.0,"gold_loss":27.0,"damage_taken":0.0},{"damage_healed":0.0,"max_hp_gain":0.0,"max_hp_loss":0.0,"gold_gain":0.0,"cards_transformed":["Strike_G"],"event_name":"Transmorgrifier","player_choice":"Transformed","floor":19.0,"gold_loss":0.0,"damage_taken":0.0,"cards_obtained":["Finisher"]},{"damage_healed":0.0,"max_hp_gain":0.0,"max_hp_loss":26.0,"gold_gain":0.0,"event_name":"Vampires","player_choice":"Became a vampire","floor":28.0,"gold_loss":0.0,"damage_taken":0.0,"cards_obtained":["Bite","Bite","Bite","Bite","Bite"]},{"cards_removed":["Bite"],"damage_healed":0.0,"max_hp_gain":0.0,"max_hp_loss":0.0,"gold_gain":0.0,"event_name":"Designer","player_choice":"Upgrade and Remove","floor":30.0,"gold_loss":90.0,"damage_taken":0.0,"cards_upgraded":["Defend_G"]},{"damage_healed":15.0,"max_hp_gain":0.0,"max_hp_loss":0.0,"gold_gain":0.0,"event_name":"Winding Halls","player_choice":"Writhe","floor":36.0,"gold_loss":0.0,"damage_taken":0.0,"cards_obtained":["Writhe"]},{"damage_healed":0.0,"max_hp_gain":0.0,"max_hp_loss":0.0,"gold_gain":0.0,"event_name":"WeMeetAgain","player_choice":"Paid Gold","floor":37.0,"gold_loss":87.0,"damage_taken":0.0,"relics_obtained":["Lantern"]},{"cards_removed":["Bite"],"damage_healed":0.0,"max_hp_gain":0.0,"max_hp_loss":0.0,"gold_gain":0.0,"event_name":"Falling","player_choice":"Removed Attack","floor":38.0,"gold_loss":0.0,"damage_taken":0.0},{"damage_healed":0.0,"max_hp_gain":0.0,"max_hp_loss":0.0,"gold_gain":0.0,"event_name":"SensoryStone","player_choice":"Memory 1","floor":39.0,"gold_loss":0.0,"damage_taken":0.0},{"damage_healed":0.0,"max_hp_gain":0.0,"max_hp_loss":0.0,"gold_gain":100.0,"event_name":"Golden Shrine","player_choice":"Pray","floor":45.0,"gold_loss":0.0,"damage_taken":0.0},{"damage_healed":0.0,"max_hp_gain":0.0,"max_hp_loss":0.0,"gold_gain":0.0,"event_name":"MindBloom","player_choice":"Fight","floor":48.0,"gold_loss":0.0,"damage_taken":0.0}],"is_beta":true,"boss_relics":[{"not_picked":["Lizard Tail","Eternal Feather"],"picked":"Sozu"},{"not_picked":["HoveringKite","Astrolabe"],"picked":"Busted Crown"}],"items_purged_floors":[],"is_endless":false,"potions_floor_spawned":[3,8,14,18,20,23,48],"ascension_level":9}