{"gold_per_floor":[218,234,252,327,344,344,0,0,0,0,0,33,33,44,44,117,117,135,60,60,60,80,107,107,135,187,214,214,214,28,40,40,111,111,129,2,2,1001,1001,1001,1015,1050,1050,1050,1050,1079,1079,1079,1079,1079,1079,1079,590,624,624],"floor_reached":56,"playtime":2328,"items_purged":["Defend_B+1","Ball Lightning"],"score":2303,"play_id":"47a07537-1ffd-43d1-8cb5-87ebc6aa4651","local_time":"20190317164624","is_ascension_mode":true,"campfire_choices":[{"data":"Zap","floor":6.0,"key":"SMITH"},{"data":"Double Energy","floor":8.0,"key":"SMITH"},{"data":"Dualcast","floor":10.0,"key":"SMITH"},{"data":"Auto Shields","floor":15.0,"key":"SMITH"},{"floor":24,"key":"REST"},{"data":"Coolheaded","floor":28,"key":"SMITH"},{"data":"Heatsinks","floor":32,"key":"SMITH"},{"data":"White Noise","floor":40,"key":"SMITH"},{"data":"Loop","floor":45,"key":"SMITH"},{"floor":47,"key":"RECALL"},{"data":"Echo Form","floor":49,"key":"SMITH"},{"data":"Undo","floor":52,"key":"SMITH"}],"neow_cost":"NONE","seed_source_timestamp":0,"circlet_count":0,"master_deck":["AscendersBane","Defend_B+1","Defend_B+1","Zap+1","Dualcast+1","Skim+1","Ball Lightning","Auto Shields+1","Double Energy+1","FTL","Core Surge","Defragment+1","Cold Snap+1","Coolheaded+1","Capacitor+1","Conserve Battery+1","Defragment+1","Heatsinks+1","Echo Form+1","White Noise+1","Undo+1","Loop+1","Meteor Strike","Multi-Cast"],"special_seed":0,"relics":["Cracked Core","Membership Card","Mummified Hand","Thread and Needle","Shuriken","Astrolabe","MutagenicStrength","Letter Opener","Boot","Smiling Mask","Juzu Bracelet","Bird Faced Urn","Runic Dome","Omamori","Gremlin Horn","Ice Cream","Lantern","Bag of Marbles","HandDrill","Kunai"],"potions_floor_usage":[16,16,25,54],"damage_taken":[{"damage":1.0,"enemies":"Cultist","floor":1.0,"turns":4.0},{"damage":7.0,"enemies":"Jaw Worm","floor":2.0,"turns":3.0},{"damage":6.0,"enemies":"2 Louse","floor":3.0,"turns":2.0},{"damage":4.0,"enemies":"Large Slime","floor":5.0,"turns":5.0},{"damage":13.0,"enemies":"Gremlin Nob","floor":12.0,"turns":4.0},{"damage":0.0,"enemies":"Exordium Wildlife","floor":14.0,"turns":2.0},{"damage":8,"enemies":"Slime Boss","floor":16,"turns":6},{"damage":3,"enemies":"Chosen","floor":18,"turns":3},{"damage":8,"enemies":"3 Byrds","floor":22,"turns":4},{"damage":17,"enemies":"Book of Stabbing","floor":23,"turns":6},{"damage":17,"enemies":"Slavers","floor":25,"turns":5},{"damage":0,"enemies":"Book of Stabbing","floor":27,"turns":7},{"damage":0,"enemies":"Cultist and Chosen","floor":31,"turns":5},{"damage":0,"enemies":"Collector","floor":33,"turns":9},{"damage":0,"enemies":"3 Shapes","floor":35,"turns":4},{"damage":0,"enemies":"Orb Walker","floor":41,"turns":2},{"damage":0,"enemies":"Nemesis","floor":42,"turns":5},{"damage":0,"enemies":"Giant Head","floor":46,"turns":6},{"damage":0,"enemies":"Awakened One","floor":50,"turns":9},{"damage":0,"enemies":"Shield and Spear","floor":54,"turns":2},{"damage":50,"enemies":"The Heart","floor":55,"turns":6}],"seed_played":"2660669796183901026","potions_obtained":[{"floor":2.0,"key":"Swift Potion"},{"floor":12.0,"key":"Poison Potion"},{"floor":23,"key":"Explosive Potion"},{"floor":31,"key":"AttackPotion"},{"floor":35,"key":"PowerPotion"}],"is_trial":false,"path_per_floor":["M","M","M","?","M","R","$","R","T","R","$","E","?","M","R","B",null,"M","?","?","?","M","E","R","E","T","E","R","?","$","M","R","B",null,"M","$","?","?","?","R","M","E","T","?","R","E","R","?","R","B",null,"R","$","E","B",null],"character_chosen":"DEFECT","items_purchased":["Membership Card","Mummified Hand","Double Energy","Bird Faced Urn","Heatsinks","Omamori","Lantern","Bag of Marbles","HandDrill","Meteor Strike","GamblersBrew","Multi-Cast"],"campfire_rested":1,"item_purchase_floors":[7,7,7,30,30,36,53,53,53,53,53,53],"current_hp_per_floor":[63,56,50,39,35,35,35,35,35,35,35,22,15,15,15,7,55,52,52,52,52,44,27,48,31,31,31,31,31,31,39,39,47,65,71,71,71,71,71,71,71,71,71,67,67,67,67,67,67,67,67,67,67,67,37],"gold":624,"neow_bonus":"HUNDRED_GOLD","is_prod":false,"is_daily":false,"chose_seed":true,"campfire_upgraded":10,"win_rate":0,"timestamp":1552812384,"path_taken":["M","?","M","?","M","R","$","R","T","R","$","E","?","M","R","BOSS","M","?","?","?","M","E","R","E","T","E","R","?","$","M","R","BOSS","M","$","?","?","?","R","M","E","T","?","R","E","R","?","R","BOSS","R","$","E","BOSS"],"build_version":"2019-01-23","purchased_purges":2,"victory":true,"max_hp_per_floor":[71,71,71,71,71,71,71,71,71,71,71,71,71,71,71,71,71,71,71,71,71,71,71,71,71,71,71,71,71,71,71,71,71,71,71,71,71,71,71,71,71,71,71,67,67,67,67,67,67,67,67,67,67,67,67],"card_choices":[{"not_picked":["Sweeping Beam","Steam"],"picked":"Skim","floor":1.0},{"not_picked":["Leap","Fusion"],"picked":"Ball Lightning","floor":2.0},{"not_picked":["Go for the Eyes","Conserve Battery"],"picked":"Auto Shields","floor":3.0},{"not_picked":["Melter","Aggregate","Hologram"],"picked":"SKIP","floor":5.0},{"not_picked":["Melter","Aggregate","Hologram"],"picked":"SKIP","floor":5.0},{"not_picked":["Rainbow","Reinforced Body"],"picked":"FTL","floor":12.0},{"not_picked":["Capacitor","Darkness","Gash"],"picked":"SKIP","floor":14.0},{"not_picked":["Thunder Strike","Amplify"],"picked":"Core Surge","floor":16},{"not_picked":["Conserve Battery","Turbo"],"picked":"Cold Snap+1","floor":18},{"not_picked":["Doom and Gloom","Gash"],"picked":"Coolheaded","floor":22},{"not_picked":["Stack","Beam Cell"],"picked":"Capacitor+1","floor":23},{"not_picked":["Redo","Machine Learning"],"picked":"Conserve Battery+1","floor":25},{"not_picked":["Streamline","Turbo","Redo"],"picked":"SKIP","floor":27},{"not_picked":["Doom and Gloom","Sweeping Beam","Streamline"],"picked":"SKIP","floor":31},{"not_picked":["Doom and Gloom","Sweeping Beam","Streamline"],"picked":"SKIP","floor":31},{"not_picked":["Meteor Strike","Reboot"],"picked":"Echo Form","floor":33},{"not_picked":["Ball Lightning+1","Steam"],"picked":"White Noise","floor":35},{"not_picked":["Redo+1","Streamline"],"picked":"Undo","floor":41},{"not_picked":["Compile Driver","Reinforced Body"],"picked":"Loop","floor":42},{"not_picked":["Hello World","Redo","Streamline"],"picked":"SKIP","floor":46},{"not_picked":["Redo","Hello World","Blizzard+1"],"picked":"SKIP","floor":54}],"player_experience":2846617,"relics_obtained":[{"floor":9.0,"key":"Thread and Needle"},{"floor":12.0,"key":"Shuriken"},{"floor":23,"key":"Letter Opener"},{"floor":25,"key":"Boot"},{"floor":26,"key":"Smiling Mask"},{"floor":27,"key":"Juzu Bracelet"},{"floor":42,"key":"Gremlin Horn"},{"floor":46,"key":"Ice Cream"},{"floor":54,"key":"Kunai"}],"event_choices":[{"damage_healed":0.0,"max_hp_gain":0.0,"max_hp_loss":0.0,"gold_gain":75.0,"event_name":"World of Goop","player_choice":"Gather Gold","floor":4.0,"gold_loss":0.0,"damage_taken":11.0},{"cards_removed":["Strike_B"],"damage_healed":0.0,"max_hp_gain":0.0,"max_hp_loss":0.0,"gold_gain":0.0,"event_name":"Golden Wing","player_choice":"Card Removal","floor":13.0,"gold_loss":0.0,"damage_taken":7.0},{"cards_removed":["Aggregate"],"damage_healed":0,"gold_gain":0,"player_choice":"Gave Gold","damage_taken":0,"max_hp_gain":0,"max_hp_loss":0,"event_name":"Beggar","floor":19,"gold_loss":75},{"damage_healed":0,"gold_gain":0,"player_choice":"Inject Mutagens","damage_taken":0,"relics_obtained":["MutagenicStrength"],"max_hp_gain":0,"max_hp_loss":0,"event_name":"Drug Dealer","floor":20,"gold_loss":0},{"damage_healed":0,"gold_gain":0,"player_choice":"Simplicity","damage_taken":0,"max_hp_gain":0,"max_hp_loss":0,"event_name":"Back to Basics","floor":21,"gold_loss":0,"cards_upgraded":["Defend_B","Defend_B","Defend_B","Defend_B"]},{"damage_healed":0,"gold_gain":0,"player_choice":"Copied","damage_taken":0,"max_hp_gain":0,"max_hp_loss":0,"event_name":"Duplicator","floor":29,"gold_loss":0,"cards_obtained":["Defragment"]},{"damage_healed":0,"gold_gain":0,"player_choice":"Upgraded","damage_taken":0,"max_hp_gain":0,"max_hp_loss":0,"event_name":"Upgrade Shrine","floor":37,"gold_loss":0,"cards_upgraded":["Skim"]},{"damage_healed":0,"gold_gain":999,"player_choice":"Gold","damage_taken":0,"max_hp_gain":0,"max_hp_loss":0,"event_name":"MindBloom","floor":38,"gold_loss":0,"cards_obtained":["Normality","Normality"]},{"cards_removed":["Sunder"],"damage_healed":0,"gold_gain":0,"player_choice":"Removed Attack","damage_taken":0,"max_hp_gain":0,"max_hp_loss":0,"event_name":"Falling","floor":39,"gold_loss":0},{"damage_healed":0,"gold_gain":0,"player_choice":"Max HP","damage_taken":0,"max_hp_gain":0,"max_hp_loss":4,"event_name":"Winding Halls","floor":44,"gold_loss":0},{"damage_healed":0,"gold_gain":0,"cards_transformed":["Defend_B"],"player_choice":"Transformed","damage_taken":0,"max_hp_gain":0,"max_hp_loss":0,"event_name":"Transmorgrifier","floor":48,"gold_loss":0,"cards_obtained":["Ball Lightning"]}],"is_beta":false,"boss_relics":[{"not_picked":["Ectoplasm","Empty Cage"],"picked":"Astrolabe"},{"not_picked":["Velvet Choker","Runic Pyramid"],"picked":"Runic Dome"}],"items_purged_floors":[36,53],"is_endless":false,"potions_floor_spawned":[2,12,23,31,35,41],"ascension_level":15}