{"gold_per_floor":[119,133,103,119,194,194,194,194,272,286,300,300,335,351,351,452,452,470,261,261,275,294,294,324,342,342,370,370,384,404,319,319,422,422,441,441,373,373,384,442,442,452,479,479,506,519,537,537,537,537],"floor_reached":50,"playtime":3039,"items_purged":[],"score":866,"play_id":"0aacf494-0dc3-4b0a-affe-c19f8920ede7","local_time":"20190311001352","is_ascension_mode":true,"campfire_choices":[{"data":"Zap","floor":6.0,"key":"SMITH"},{"data":"Gash","floor":8.0,"key":"SMITH"},{"data":"Dualcast","floor":12.0,"key":"SMITH"},{"data":"Leap","floor":15.0,"key":"SMITH"},{"floor":23.0,"key":"REST"},{"floor":28.0,"key":"REST"},{"floor":32.0,"key":"REST"},{"floor":41.0,"key":"REST"},{"floor":44.0,"key":"REST"},{"floor":49.0,"key":"REST"}],"neow_cost":"NONE","seed_source_timestamp":612675733263269,"circlet_count":0,"master_deck":["AscendersBane","Defend_B","Defend_B","Defend_B","Defend_B","Zap+1","Dualcast+1","Ball Lightning","Sweeping Beam","Gash+1","Glacier","Leap","Self Repair","Leap+1","Thunder Strike","Ball Lightning","Chill","Consume+1","Gash","Buffer","Go for the Eyes+1","Go for the Eyes+1","FTL","Static Discharge+1","Echo Form+1","Leap+1","Hello World+1","All For One+1","Rebound+1","Dramatic Entrance","BootSequence","Capacitor+1","Auto Shields+1","Gash+1","Gash","Auto Shields+1","Gash+1"],"special_seed":0,"relics":["Cracked Core","Question Card","Bronze Scales","Inserter","ClockworkSouvenir","Mercury Hourglass","Kunai","Frozen Egg 2","Shovel","Astrolabe","Tiny Chest","Whetstone","Calipers"],"potions_floor_usage":[],"damage_taken":[{"damage":13.0,"enemies":"Small Slimes","floor":1.0,"turns":3.0},{"damage":0.0,"enemies":"Cultist","floor":2.0,"turns":2.0},{"damage":7.0,"enemies":"Jaw Worm","floor":4.0,"turns":3.0},{"damage":1.0,"enemies":"Looter","floor":10.0,"turns":3.0},{"damage":0.0,"enemies":"Gremlin Gang","floor":11.0,"turns":3.0},{"damage":6.0,"enemies":"3 Sentries","floor":13.0,"turns":7.0},{"damage":0.0,"enemies":"Large Slime","floor":14.0,"turns":5.0},{"damage":13.0,"enemies":"Hexaghost","floor":16.0,"turns":10.0},{"damage":2.0,"enemies":"Chosen","floor":18.0,"turns":6.0},{"damage":22.0,"enemies":"2 Thieves","floor":21.0,"turns":4.0},{"damage":18.0,"enemies":"Cultist and Chosen","floor":22.0,"turns":7.0},{"damage":37.0,"enemies":"Book of Stabbing","floor":24.0,"turns":7.0},{"damage":14.0,"enemies":"Snake Plant","floor":25.0,"turns":5.0},{"damage":18.0,"enemies":"Gremlin Leader","floor":27.0,"turns":9.0},{"damage":0.0,"enemies":"Sentry and Sphere","floor":29.0,"turns":4.0},{"damage":9.0,"enemies":"Shelled Parasite and Fungi","floor":30.0,"turns":5.0},{"damage":27.0,"enemies":"Collector","floor":33.0,"turns":10.0},{"damage":0.0,"enemies":"Orb Walker","floor":35.0,"turns":4.0},{"damage":0.0,"enemies":"3 Darklings","floor":39.0,"turns":6.0},{"damage":72.0,"enemies":"Reptomancer","floor":40.0,"turns":7.0},{"damage":7.0,"enemies":"Spire Growth","floor":42.0,"turns":7.0},{"damage":33.0,"enemies":"Nemesis","floor":45.0,"turns":9.0},{"damage":19.0,"enemies":"Maw","floor":46.0,"turns":9.0},{"damage":9.0,"enemies":"Jaw Worm Horde","floor":47.0,"turns":4.0},{"damage":40,"enemies":"Awakened One","floor":50,"turns":6}],"seed_played":"4486324014646025318","potions_obtained":[{"floor":2.0,"key":"GamblersBrew"},{"floor":3.0,"key":"Swift Potion"},{"floor":3.0,"key":"Swift Potion"},{"floor":4.0,"key":"Strength Potion"},{"floor":13.0,"key":"SteroidPotion"},{"floor":22.0,"key":"Ancient Potion"},{"floor":24.0,"key":"Explosive Potion"},{"floor":27.0,"key":"PowerPotion"},{"floor":29.0,"key":"Explosive Potion"},{"floor":35.0,"key":"FocusPotion"},{"floor":38.0,"key":"Regen Potion"},{"floor":38.0,"key":"LiquidBronze"},{"floor":40.0,"key":"Explosive Potion"}],"is_trial":false,"path_per_floor":["M","M","?","M","?","R","?","R","T","M","M","R","E","M","R","B",null,"M","$","?","M","M","R","E","M","T","E","R","M","M","?","R","B",null,"M","?","$","?","M","E","R","M","T","R","E","M","M","?","R","B"],"character_chosen":"DEFECT","items_purchased":["ClockworkSouvenir","BootSequence"],"campfire_rested":6,"item_purchase_floors":[19,37],"current_hp_per_floor":[55,55,55,48,37,37,37,37,37,36,36,36,30,30,30,24,62,67,67,67,45,34,56,26,19,19,8,30,37,35,35,57,37,66,66,66,66,66,66,9,31,31,31,53,27,15,13,13,35,0],"gold":537,"neow_bonus":"THREE_CARDS","is_prod":false,"is_daily":false,"chose_seed":false,"campfire_upgraded":4,"win_rate":0,"timestamp":1552259632,"path_taken":["M","M","?","?","?","R","?","R","T","M","?","R","E","M","R","BOSS","M","$","?","M","?","R","E","M","T","E","R","M","M","?","R","BOSS","M","?","$","?","M","E","R","?","T","R","E","M","M","?","R","BOSS"],"build_version":"2019-01-23","purchased_purges":0,"victory":false,"max_hp_per_floor":[75,75,75,75,75,75,75,75,75,75,75,75,75,75,75,75,75,75,75,75,75,75,75,75,75,75,75,75,75,75,75,75,75,75,75,75,75,75,75,75,75,75,75,75,75,75,75,75,75,75],"card_choices":[{"not_picked":["Barrage","Coolheaded"],"picked":"Ball Lightning","floor":0.0},{"not_picked":["Redo","Fusion"],"picked":"Sweeping Beam","floor":1.0},{"not_picked":["Coolheaded","Heatsinks"],"picked":"Gash","floor":2.0},{"not_picked":["Scrape","Tempest"],"picked":"Glacier","floor":4.0},{"not_picked":["Storm","Cold Snap","Sunder"],"picked":"Leap","floor":10.0},{"not_picked":["White Noise","Darkness","Compile Driver"],"picked":"Core Surge","floor":11.0},{"not_picked":["Reinforced Body","Compile Driver","Consume"],"picked":"Self Repair","floor":13.0},{"not_picked":["Sweeping Beam","Stack","Turbo"],"picked":"Leap","floor":14.0},{"not_picked":["Seek","Amplify","Machine Learning"],"picked":"Thunder Strike","floor":16.0},{"not_picked":["Cold Snap+1","Sweeping Beam","Streamline"],"picked":"Ball Lightning","floor":18.0},{"not_picked":["Streamline","Hologram+1","Beam Cell"],"picked":"Consume+1","floor":21.0},{"not_picked":["Amplify","Go for the Eyes","Glacier"],"picked":"Gash","floor":22.0},{"not_picked":["Undo","Beam Cell+1","Steam Power+1"],"picked":"Buffer","floor":24.0},{"not_picked":["Stack+1","Hologram","Redo"],"picked":"Go for the Eyes","floor":25.0},{"not_picked":["Leap","Chill","Hello World+1"],"picked":"Go for the Eyes+1","floor":27.0},{"not_picked":["Go for the Eyes+1","Reinforced Body+1","Biased Cognition+1"],"picked":"FTL","floor":29.0},{"not_picked":["Conserve Battery","Turbo","Sweeping Beam"],"picked":"Static Discharge+1","floor":30.0},{"not_picked":["Biased Cognition+1","Meteor Strike","Creative AI+1"],"picked":"Echo Form+1","floor":33.0},{"not_picked":["Ball Lightning","Compile Driver+1","Heatsinks+1"],"picked":"Rebound+1","floor":35.0},{"not_picked":["PanicButton","Madness","Magnetism+1"],"picked":"Dramatic Entrance","floor":36.0},{"not_picked":["Stack+1","Compile Driver+1","Melter+1"],"picked":"Capacitor+1","floor":39.0},{"not_picked":["Chaos+1","Turbo+1","All For One"],"picked":"Auto Shields+1","floor":40.0},{"not_picked":["Self Repair+1","Conserve Battery+1","Fusion"],"picked":"Gash","floor":42.0},{"not_picked":["Stack","Chill","Go for the Eyes"],"picked":"Gash","floor":45.0},{"not_picked":["Doom and Gloom","Sweeping Beam","Leap+1"],"picked":"Auto Shields+1","floor":46.0},{"not_picked":["Redo","Leap","Ball Lightning+1"],"picked":"Gash+1","floor":47.0}],"player_experience":601258,"relics_obtained":[{"floor":9.0,"key":"Question Card"},{"floor":13.0,"key":"Bronze Scales"},{"floor":24.0,"key":"Mercury Hourglass"},{"floor":26.0,"key":"Kunai"},{"floor":27.0,"key":"Frozen Egg 2"},{"floor":40.0,"key":"Tiny Chest"},{"floor":43.0,"key":"Whetstone"},{"floor":45.0,"key":"Calipers"}],"event_choices":[{"damage_healed":0.0,"max_hp_gain":0.0,"max_hp_loss":0.0,"gold_gain":0.0,"event_name":"The Woman in Blue","player_choice":"Bought 2 Potions","floor":3.0,"gold_loss":0.0,"damage_taken":0.0},{"damage_healed":0.0,"max_hp_gain":0.0,"max_hp_loss":0.0,"gold_gain":75.0,"event_name":"World of Goop","player_choice":"Gather Gold","floor":5.0,"gold_loss":0.0,"damage_taken":11.0},{"cards_removed":["Strike_B"],"damage_healed":0.0,"max_hp_gain":0.0,"max_hp_loss":0.0,"gold_gain":0.0,"event_name":"Bonfire Elementals","player_choice":"Offered Basic","floor":7.0,"gold_loss":0.0,"damage_taken":0.0},{"cards_removed":["Core Surge"],"damage_healed":0.0,"max_hp_gain":0.0,"max_hp_loss":0.0,"gold_gain":0.0,"event_name":"NoteForYourself","player_choice":"Took Card","floor":20.0,"gold_loss":0.0,"damage_taken":0.0,"cards_obtained":["Chill"]},{"damage_healed":0.0,"max_hp_gain":0.0,"max_hp_loss":0.0,"gold_gain":0.0,"event_name":"Addict","player_choice":"Obtained Relic","floor":31.0,"gold_loss":85.0,"damage_taken":0.0,"relics_obtained":["Shovel"]},{"damage_healed":0.0,"max_hp_gain":0.0,"max_hp_loss":0.0,"gold_gain":0.0,"event_name":"SensoryStone","player_choice":"Memory 1","floor":36.0,"gold_loss":0.0,"damage_taken":0.0},{"damage_healed":0.0,"max_hp_gain":0.0,"max_hp_loss":0.0,"gold_gain":0.0,"event_name":"Lab","player_choice":"Got Potions","floor":38.0,"gold_loss":0.0,"damage_taken":0.0},{"damage_healed":0.0,"max_hp_gain":0.0,"max_hp_loss":0.0,"gold_gain":0.0,"event_name":"FaceTrader","player_choice":"Leave","floor":48.0,"gold_loss":0.0,"damage_taken":0.0}],"is_beta":false,"boss_relics":[{"not_picked":["Orrery","Tiny House"],"picked":"Inserter"},{"not_picked":["Calling Bell","Lizard Tail"],"picked":"Astrolabe"}],"items_purged_floors":[],"is_endless":false,"potions_floor_spawned":[2,4,13,22,24,27,29,35,40],"killed_by":"Awakened One","ascension_level":10}