{"gold_per_floor":[111,130,203,213,46,46,71,127,150,150,160,10,10,72,72,144,144,154,204,204,267,83,83,100,100,125,194,209,109,127,146,146,224,224,236,246,246,571,641,641,666,716,763,763],"floor_reached":44,"playtime":2199,"items_purged":["Strike_R","Strike_R"],"score":932,"play_id":"8c4cda78-33c9-4685-bc06-7d59961c70b7","local_time":"20190409033548","is_ascension_mode":true,"campfire_choices":[{"data":"Rampage","floor":6.0,"key":"SMITH"},{"data":"True Grit","floor":13.0,"key":"SMITH"},{"data":"Spot Weakness","floor":15.0,"key":"SMITH"},{"data":"Bludgeon","floor":23.0,"key":"SMITH"},{"floor":25.0,"key":"REST"},{"floor":32.0,"key":"REST"},{"floor":40.0,"key":"REST"}],"neow_cost":"NONE","seed_source_timestamp":301074824195779,"circlet_count":0,"master_deck":["AscendersBane","Defend_R","Defend_R","Defend_R","Defend_R","Bash+1","Hemokinesis","Combust","Rampage+1","Reaper","Disarm","True Grit+1","Disarm","Spot Weakness+1","Feed","Sentinel+1","Thunderclap","Bludgeon+1","Dual Wield","Sword Boomerang","Ghostly Armor","Headbutt","Demon Form","Armaments+1","Dual Wield+1","Demon Form+1","Intimidate","Regret"],"special_seed":0,"relics":["Burning Blood","Anchor","Strawberry","Happy Flower","SsserpentHead","Velvet Choker","Nloth\u0027s Gift","Pen Nib","Orichalcum","Astrolabe","Girya","Centennial Puzzle"],"potions_floor_usage":[41],"damage_taken":[{"damage":7.0,"enemies":"2 Louse","floor":1.0,"turns":4.0},{"damage":4.0,"enemies":"Cultist","floor":2.0,"turns":3.0},{"damage":7.0,"enemies":"Jaw Worm","floor":4.0,"turns":4.0},{"damage":3.0,"enemies":"Gremlin Nob","floor":7.0,"turns":2.0},{"damage":41.0,"enemies":"3 Sentries","floor":8.0,"turns":6.0},{"damage":19.0,"enemies":"Lots of Slimes","floor":11.0,"turns":5.0},{"damage":13.0,"enemies":"Exordium Thugs","floor":14.0,"turns":5.0},{"damage":32.0,"enemies":"The Guardian","floor":16.0,"turns":11.0},{"damage":48.0,"enemies":"Spheric Guardian","floor":18.0,"turns":6.0},{"damage":8.0,"enemies":"Chosen","floor":21.0,"turns":7.0},{"damage":18.0,"enemies":"Snake Plant","floor":24.0,"turns":3.0},{"damage":11.0,"enemies":"Shelled Parasite and Fungi","floor":27.0,"turns":5.0},{"damage":24.0,"enemies":"Cultist and Chosen","floor":28.0,"turns":6.0},{"damage":33.0,"enemies":"Snake Plant","floor":30.0,"turns":7.0},{"damage":6.0,"enemies":"Shelled Parasite and Fungi","floor":31.0,"turns":5.0},{"damage":82.0,"enemies":"Collector","floor":33.0,"turns":8.0},{"damage":28.0,"enemies":"3 Darklings","floor":35.0,"turns":5.0},{"damage":23.0,"enemies":"Orb Walker","floor":36.0,"turns":5.0},{"damage":29.0,"enemies":"Jaw Worm Horde","floor":39.0,"turns":5.0},{"damage":39,"enemies":"Giant Head","floor":41,"turns":6},{"damage":37,"enemies":"Nemesis","floor":44,"turns":4}],"seed_played":"-4622361154333042589","potions_obtained":[{"floor":2.0,"key":"Strength Potion"},{"floor":4.0,"key":"Fire Potion"},{"floor":11.0,"key":"Swift Potion"},{"floor":14.0,"key":"Weak Potion"},{"floor":18.0,"key":"Block Potion"},{"floor":21.0,"key":"PowerPotion"},{"floor":27.0,"key":"GamblersBrew"},{"floor":31.0,"key":"Energy Potion"},{"floor":35.0,"key":"Energy Potion"}],"is_trial":false,"path_per_floor":["M","M","?","M","$","R","E","?","T","?","M","$","R","M","R","B",null,"M","?","$","M","$","R","M","R","T","M","M","$","M","M","R","B",null,"M","M","$","?","M","R","E","?","T","E"],"character_chosen":"IRONCLAD","items_purchased":["Anchor","Disarm","Bludgeon","Pen Nib"],"campfire_rested":3,"item_purchase_floors":[5,12,22,22],"current_hp_per_floor":[67,69,69,68,68,68,78,50,50,50,46,46,46,47,47,33,70,31,31,31,40,40,40,31,58,58,56,38,38,15,27,56,16,77,60,43,43,43,23,53,31,31,31,0],"gold":763,"neow_bonus":"UPGRADE_CARD","is_prod":false,"is_daily":false,"chose_seed":false,"campfire_upgraded":4,"win_rate":0,"timestamp":1554773748,"path_taken":["M","M","?","M","$","R","E","?","T","?","M","$","R","?","R","BOSS","M","?","$","?","?","R","M","R","T","?","M","$","M","M","R","BOSS","M","M","$","?","?","R","E","?","T","E"],"build_version":"2019-01-23","purchased_purges":2,"victory":false,"max_hp_per_floor":[75,75,75,75,75,75,82,82,82,82,82,82,82,82,82,82,82,85,85,85,88,88,88,91,91,91,94,94,94,94,97,97,97,97,97,97,97,97,100,100,100,100,100,100],"card_choices":[{"not_picked":["Flex","Warcry"],"picked":"Hemokinesis","floor":1.0},{"not_picked":["Clash","Wild Strike"],"picked":"Combust","floor":2.0},{"not_picked":["Iron Wave","Twin Strike"],"picked":"Rampage","floor":4.0},{"not_picked":["Perfected Strike","Anger"],"picked":"Reaper","floor":7.0},{"not_picked":["Entrench","Body Slam"],"picked":"Disarm","floor":8.0},{"not_picked":["Hemokinesis","Sword Boomerang"],"picked":"True Grit","floor":11.0},{"not_picked":["Dropkick","Blood for Blood"],"picked":"Spot Weakness","floor":14.0},{"not_picked":["Brutality","Berserk"],"picked":"Feed","floor":16.0},{"not_picked":["Sword Boomerang+1","Perfected Strike"],"picked":"Sentinel+1","floor":18.0},{"not_picked":["Clash","True Grit"],"picked":"Thunderclap","floor":21.0},{"not_picked":["Flex","Twin Strike","Offering"],"picked":"SKIP","floor":24.0},{"not_picked":["Anger","Cleave"],"picked":"Dual Wield","floor":27.0},{"not_picked":["Body Slam","Armaments"],"picked":"Sword Boomerang","floor":28.0},{"not_picked":["Iron Wave+1","Rage"],"picked":"Ghostly Armor","floor":30.0},{"not_picked":["Entrench","Flex"],"picked":"Headbutt","floor":31.0},{"not_picked":["Berserk","Reaper"],"picked":"Demon Form","floor":33.0},{"not_picked":["Blood for Blood","Flex","Body Slam"],"picked":"SKIP","floor":35.0},{"not_picked":["Pommel Strike","Fire Breathing+1"],"picked":"Intimidate","floor":36.0},{"not_picked":["Iron Wave","Cleave","Bloodletting"],"picked":"SKIP","floor":39.0},{"not_picked":["Flex","Anger","Fiend Fire"],"picked":"SKIP","floor":41}],"player_experience":696027,"relics_obtained":[{"floor":7.0,"key":"Strawberry"},{"floor":9.0,"key":"Happy Flower"},{"floor":26.0,"key":"Orichalcum"},{"floor":41,"key":"Girya"},{"floor":43,"key":"Centennial Puzzle"}],"event_choices":[{"damage_healed":0.0,"max_hp_gain":0.0,"max_hp_loss":0.0,"gold_gain":73.0,"event_name":"Golden Wing","player_choice":"Gained Gold","floor":3.0,"gold_loss":0.0,"damage_taken":0.0},{"damage_healed":0.0,"max_hp_gain":0.0,"max_hp_loss":0.0,"gold_gain":0.0,"event_name":"Dead Adventurer","player_choice":"Searched \u00272\u0027 times","floor":8.0,"gold_loss":0.0,"damage_taken":0.0,"relics_obtained":["Darkstone Periapt"]},{"damage_healed":0.0,"max_hp_gain":0.0,"max_hp_loss":0.0,"gold_gain":0.0,"event_name":"FaceTrader","player_choice":"Trade","floor":10.0,"gold_loss":0.0,"damage_taken":0.0,"relics_obtained":["SsserpentHead"]},{"damage_healed":0.0,"max_hp_gain":0.0,"max_hp_loss":0.0,"gold_gain":0.0,"event_name":"N\u0027loth","player_choice":"Traded Relic","floor":19.0,"relics_lost":["Darkstone Periapt"],"gold_loss":0.0,"damage_taken":0.0,"relics_obtained":["Nloth\u0027s Gift"]},{"damage_healed":0.0,"max_hp_gain":0.0,"max_hp_loss":0.0,"gold_gain":275.0,"event_name":"Golden Shrine","player_choice":"Desecrate","floor":38.0,"gold_loss":0.0,"damage_taken":0.0,"cards_obtained":["Regret"]},{"damage_healed":0,"gold_gain":0,"player_choice":"Ignored","damage_taken":0,"max_hp_gain":0,"max_hp_loss":0,"event_name":"Mysterious Sphere","floor":42,"gold_loss":0}],"is_beta":false,"boss_relics":[{"not_picked":["Runic Cube","Lizard Tail"],"picked":"Velvet Choker"},{"not_picked":["Orrery","Cursed Key"],"picked":"Astrolabe"}],"items_purged_floors":[12,29],"is_endless":false,"potions_floor_spawned":[2,4,11,14,18,21,27,31,35],"killed_by":"Nemesis","ascension_level":16}