{"gold_per_floor":[112,126,37,53,203,203,128,158,184,199,199,164,164,198,198,274,274,286,286,63,60,70,70,98,98,121,139,64,64,64,0,0,0],"floor_reached":33,"playtime":1098,"items_purged":["Doubt"],"score":515,"play_id":"ec902d6f-4c4f-4ec9-bb01-fff161fd9f55","local_time":"20190302124517","is_ascension_mode":true,"campfire_choices":[{"data":"Noxious Fumes","floor":6.0,"key":"SMITH"},{"data":"All Out Attack","floor":11.0,"key":"SMITH"},{"data":"Poisoned Stab","floor":15.0,"key":"SMITH"},{"floor":23,"key":"REST"},{"data":"Malaise","floor":25,"key":"SMITH"},{"floor":29,"key":"REST"},{"data":"Deadly Poison","floor":32,"key":"SMITH"}],"neow_cost":"NONE","seed_source_timestamp":61126767229625,"circlet_count":0,"master_deck":["AscendersBane","Defend_G","Defend_G","Defend_G","Defend_G","Defend_G","Strike_G","Strike_G","Survivor","Neutralize","Dagger Spray","Dodge and Roll","Noxious Fumes+1","Poisoned Stab+1","All Out Attack+1","Malaise+1","Deadly Poison+1","PiercingWail"],"special_seed":0,"relics":["Ring of the Snake","PreservedInsect","Orichalcum","Mummified Hand","Letter Opener","Empty Cage","Happy Flower","Lee\u0027s Waffle","FossilizedHelix","Oddly Smooth Stone"],"potions_floor_usage":[16,16],"damage_taken":[{"damage":1.0,"enemies":"2 Louse","floor":1.0,"turns":3.0},{"damage":9.0,"enemies":"Jaw Worm","floor":2.0,"turns":6.0},{"damage":0.0,"enemies":"Cultist","floor":4.0,"turns":5.0},{"damage":43.0,"enemies":"Gremlin Nob","floor":8.0,"turns":5.0},{"damage":0.0,"enemies":"2 Fungi Beasts","floor":10.0,"turns":4.0},{"damage":17.0,"enemies":"Lagavulin","floor":14.0,"turns":6.0},{"damage":11,"enemies":"The Guardian","floor":16,"turns":9},{"damage":11,"enemies":"3 Byrds","floor":18,"turns":5},{"damage":25,"enemies":"2 Thieves","floor":21,"turns":4},{"damage":45,"enemies":"Chosen and Byrds","floor":22,"turns":6},{"damage":5,"enemies":"Book of Stabbing","floor":24,"turns":7},{"damage":22,"enemies":"Cultist and Chosen","floor":27,"turns":6},{"damage":38,"enemies":"Automaton","floor":33,"turns":6}],"seed_played":"6659031796228823529","potions_obtained":[{"floor":8.0,"key":"Block Potion"},{"floor":10.0,"key":"Block Potion"},{"floor":14.0,"key":"PowerPotion"}],"is_trial":false,"path_per_floor":["M","M","$","M","?","R","$","E","T","M","R","?","?","E","R","B",null,"M","T","$","M","M","R","E","R","T","M","?","R","$","?","R","B"],"character_chosen":"THE_SILENT","items_purchased":["Noxious Fumes","Lee\u0027s Waffle"],"campfire_rested":2,"item_purchase_floors":[3,20],"current_hp_per_floor":[64,55,55,55,55,55,55,12,12,12,12,30,30,13,13,2,55,44,44,79,54,9,32,27,27,27,5,5,28,28,28,28,0],"gold":0,"neow_bonus":"TEN_PERCENT_HP_BONUS","is_prod":false,"is_daily":false,"chose_seed":false,"campfire_upgraded":5,"win_rate":0,"timestamp":1551527117,"path_taken":["M","M","$","M","?","R","?","E","T","?","R","?","?","E","R","BOSS","M","?","$","M","M","R","E","R","T","M","?","R","?","?","R","BOSS"],"build_version":"2019-01-23","purchased_purges":1,"victory":false,"max_hp_per_floor":[72,72,72,72,72,72,72,72,72,72,72,72,72,72,72,72,72,72,72,79,79,79,79,79,79,79,79,79,79,79,79,79,79],"card_choices":[{"not_picked":["Bane","Terror"],"picked":"Dagger Spray","floor":1.0},{"not_picked":["Bane","Tactician"],"picked":"Dodge and Roll","floor":2.0},{"not_picked":["Backflip","Blur"],"picked":"Poisoned Stab","floor":4.0},{"not_picked":["Backflip","Dagger Throw","Flechettes"],"picked":"SKIP","floor":8.0},{"not_picked":["Dagger Throw","Sucker Punch"],"picked":"All Out Attack","floor":10.0},{"not_picked":["Slice","Masterful Stab","Finisher"],"picked":"SKIP","floor":14.0},{"not_picked":["Grand Finale","Unload"],"picked":"Malaise","floor":16},{"not_picked":["Dodge and Roll","Poisoned Stab"],"picked":"Deadly Poison","floor":18},{"not_picked":["Flechettes","Acrobatics","Quick Slash+1"],"picked":"SKIP","floor":21},{"not_picked":["Well Laid Plans","Dagger Throw"],"picked":"PiercingWail","floor":22},{"not_picked":["Endless Agony","Deflect","Dagger Spray"],"picked":"SKIP","floor":24},{"not_picked":["Outmaneuver","Finisher","Storm of Steel"],"picked":"SKIP","floor":27}],"player_experience":512777,"relics_obtained":[{"floor":8.0,"key":"PreservedInsect"},{"floor":9.0,"key":"Orichalcum"},{"floor":14.0,"key":"Letter Opener"},{"floor":19,"key":"Happy Flower"},{"floor":24,"key":"FossilizedHelix"},{"floor":26,"key":"Oddly Smooth Stone"}],"event_choices":[{"damage_healed":0.0,"max_hp_gain":0.0,"max_hp_loss":0.0,"gold_gain":150.0,"event_name":"Liars Game","player_choice":"AGREE","floor":5.0,"gold_loss":0.0,"damage_taken":0.0,"cards_obtained":["Doubt"]},{"damage_healed":18.0,"max_hp_gain":0.0,"max_hp_loss":0.0,"gold_gain":0.0,"event_name":"The Cleric","player_choice":"Healed","floor":12.0,"gold_loss":35.0,"damage_taken":0.0},{"damage_healed":0.0,"max_hp_gain":0.0,"max_hp_loss":0.0,"gold_gain":0.0,"event_name":"WeMeetAgain","player_choice":"Gave Potion","floor":13.0,"gold_loss":0.0,"damage_taken":0.0,"relics_obtained":["Mummified Hand"]},{"cards_removed":["Strike_G"],"damage_healed":0,"gold_gain":0,"player_choice":"Gave Gold","damage_taken":0,"max_hp_gain":0,"max_hp_loss":0,"event_name":"Beggar","floor":28,"gold_loss":75},{"damage_healed":0,"gold_gain":0,"player_choice":"Paid Fearfully","damage_taken":0,"max_hp_gain":0,"max_hp_loss":0,"event_name":"Masked Bandits","floor":31,"gold_loss":64}],"is_beta":false,"boss_relics":[{"not_picked":["Runic Dome","Runic Pyramid"],"picked":"Empty Cage"}],"items_purged_floors":[7],"is_endless":false,"potions_floor_spawned":[8,10,14],"killed_by":"Automaton","ascension_level":18}