{"gold_per_floor":[111,125,135,151,162,127,161,161,207,207,207,207,240,253,253,253],"floor_reached":16,"playtime":989,"items_purged":[],"score":224,"play_id":"9b118439-1c8d-48fe-8a86-b1144f9270da","local_time":"20190318141424","is_ascension_mode":true,"campfire_choices":[{"data":"Uppercut","floor":8,"key":"SMITH"},{"data":"Feed","floor":10,"key":"SMITH"},{"floor":12,"key":"REST"},{"data":"True Grit","floor":15,"key":"SMITH"}],"neow_cost":"NONE","seed_source_timestamp":516970098446200,"circlet_count":0,"master_deck":["AscendersBane","Strike_R","Strike_R","Strike_R","Strike_R","Strike_R","Defend_R","Defend_R","Defend_R","Defend_R","Bash","Double Tap","Shrug It Off","Spot Weakness","Hemokinesis","Uppercut+1","Shrug It Off","Feed+1","True Grit+1","Evolve"],"relics":["Burning Blood","Oddly Smooth Stone","Bag of Marbles","Dodecahedron"],"potions_floor_usage":[7,13,16,16],"damage_taken":[{"damage":15,"enemies":"Small Slimes","floor":1,"turns":4},{"damage":0,"enemies":"Cultist","floor":2,"turns":3},{"damage":28,"enemies":"Jaw Worm","floor":3,"turns":6},{"damage":11,"enemies":"Red Slaver","floor":4,"turns":5},{"damage":10,"enemies":"Looter","floor":5,"turns":4},{"damage":40,"enemies":"3 Sentries","floor":7,"turns":8},{"damage":11,"enemies":"Gremlin Nob","floor":13,"turns":3},{"damage":4,"enemies":"2 Fungi Beasts","floor":14,"turns":3},{"damage":43,"enemies":"Hexaghost","floor":16,"turns":9}],"seed_played":"4454003928029426577","potions_obtained":[{"floor":2,"key":"LiquidBronze"},{"floor":3,"key":"Ancient Potion"},{"floor":11,"key":"Dexterity Potion"},{"floor":13,"key":"Dexterity Potion"},{"floor":14,"key":"LiquidBronze"}],"is_trial":false,"path_per_floor":["M","M","M","M","M","?","E","R","T","R","?","R","E","M","R","B"],"character_chosen":"IRONCLAD","items_purchased":[],"campfire_rested":1,"item_purchase_floors":[],"current_hp_per_floor":[59,65,43,38,34,52,18,18,18,18,18,40,35,41,41,0],"gold":253,"neow_bonus":"ONE_RANDOM_RARE_CARD","is_prod":false,"is_daily":false,"chose_seed":false,"campfire_upgraded":3,"win_rate":0,"timestamp":1552918464,"path_taken":["M","M","M","M","M","?","E","R","T","R","?","R","E","?","R","BOSS"],"build_version":"2019-01-23","purchased_purges":0,"victory":false,"max_hp_per_floor":[75,75,75,75,75,75,75,75,75,75,75,75,75,79,79,79],"card_choices":[{"not_picked":["Body Slam","Wild Strike"],"picked":"Shrug It Off","floor":1},{"not_picked":["Pommel Strike","Flex"],"picked":"Spot Weakness","floor":2},{"not_picked":["Dropkick","Havoc"],"picked":"Hemokinesis","floor":3},{"not_picked":["Wild Strike","Metallicize"],"picked":"Uppercut","floor":4},{"not_picked":["Clash","Evolve"],"picked":"Shrug It Off","floor":5},{"not_picked":["Dual Wield","Evolve"],"picked":"Feed","floor":7},{"not_picked":["Bloodletting","Fire Breathing"],"picked":"True Grit","floor":13},{"not_picked":["Warcry","Fire Breathing"],"picked":"Evolve","floor":14}],"player_experience":2257376,"relics_obtained":[{"floor":7,"key":"Oddly Smooth Stone"},{"floor":9,"key":"Bag of Marbles"},{"floor":13,"key":"Dodecahedron"}],"event_choices":[{"damage_healed":18,"gold_gain":0,"player_choice":"Healed","damage_taken":0,"max_hp_gain":0,"max_hp_loss":0,"event_name":"The Cleric","floor":6,"gold_loss":35},{"damage_healed":0,"gold_gain":0,"player_choice":"Got Potions","damage_taken":0,"max_hp_gain":0,"max_hp_loss":0,"event_name":"Lab","floor":11,"gold_loss":0}],"is_beta":false,"boss_relics":[],"items_purged_floors":[],"is_endless":false,"potions_floor_spawned":[2,3,13,14],"killed_by":"Hexaghost","ascension_level":20}