{"gold_per_floor":[116,135,209,236,253,267,267,43,43,76,92,117,16,26,26,98,98,116,116,148,148,168,168,178,213,240,260,294,294,318,330,330,404,404,421,438,438,450,550,577,577,605,605,6,17,17,27,40,40,40],"floor_reached":51,"playtime":2673,"items_purged":["Strike_B","Strike_B+1"],"score":1553,"play_id":"963be2c3-6a16-4374-a939-166e539e3bab","local_time":"20190509114450","is_ascension_mode":true,"campfire_choices":[{"data":"Streamline","floor":7.0,"key":"SMITH"},{"floor":15.0,"key":"REST"},{"data":"Defragment","floor":23,"key":"SMITH"},{"data":"Defragment","floor":29,"key":"SMITH"},{"data":"Capacitor","floor":32,"key":"SMITH"},{"data":"Electrodynamics","floor":41,"key":"SMITH"},{"floor":49,"key":"REST"}],"neow_cost":"NONE","seed_source_timestamp":12258666387008,"circlet_count":0,"master_deck":["AscendersBane","Defend_B+1","Defend_B+1","Defend_B+1","Defend_B+1","Zap+1","Dualcast+1","FTL","Streamline+1","Auto Shields+1","Defragment+1","Genetic Algorithm","Gash","Steam+1","Coolheaded+1","Genetic Algorithm+1","Fission+1","Coolheaded+1","Fusion+1","Defragment+1","Seek+1","Capacitor+1","Hologram+1","Thunder Strike","Chill+1","Loop+1","Darkness+1","Electrodynamics+1","Coolheaded+1","Cold Snap","Glacier+1","BootSequence+1","Glacier+1"],"special_seed":0,"relics":["Cracked Core","DataDisk","War Paint","Kunai","Juzu Bracelet","Toxic Egg 2","Runic Pyramid","Red Mask","Letter Opener","Lantern","Symbiotic Virus","Ancient Tea Set","Empty Cage","Prayer Wheel","Dream Catcher","Sundial","Frozen Egg 2","Bottled Tornado","Omamori"],"potions_floor_usage":[16,20,22,33,47,50,50],"damage_taken":[{"damage":1.0,"enemies":"Cultist","floor":1.0,"turns":3.0},{"damage":9.0,"enemies":"2 Louse","floor":2.0,"turns":2.0},{"damage":12.0,"enemies":"Jaw Worm","floor":5.0,"turns":3.0},{"damage":8.0,"enemies":"Blue Slaver","floor":6.0,"turns":3.0},{"damage":4.0,"enemies":"Lagavulin","floor":10.0,"turns":5.0},{"damage":0.0,"enemies":"3 Louse","floor":11.0,"turns":4.0},{"damage":20.0,"enemies":"3 Sentries","floor":12.0,"turns":6.0},{"damage":4.0,"enemies":"Looter","floor":14.0,"turns":3.0},{"damage":17,"enemies":"Slime Boss","floor":16,"turns":15},{"damage":0,"enemies":"Chosen","floor":18,"turns":4},{"damage":20,"enemies":"Masked Bandits","floor":20,"turns":5},{"damage":0,"enemies":"Spheric Guardian","floor":22,"turns":3},{"damage":0,"enemies":"Cultist and Chosen","floor":24,"turns":6},{"damage":0,"enemies":"Book of Stabbing","floor":25,"turns":5},{"damage":11,"enemies":"Centurion and Healer","floor":27,"turns":5},{"damage":0,"enemies":"Gremlin Leader","floor":28,"turns":8},{"damage":0,"enemies":"Sentry and Sphere","floor":31,"turns":4},{"damage":9,"enemies":"Collector","floor":33,"turns":7},{"damage":0,"enemies":"3 Shapes","floor":35,"turns":4},{"damage":0,"enemies":"3 Darklings","floor":36,"turns":4},{"damage":0,"enemies":"Writhing Mass","floor":38,"turns":4},{"damage":1,"enemies":"Mind Bloom Boss Battle","floor":39,"turns":7},{"damage":0,"enemies":"Nemesis","floor":40,"turns":7},{"damage":22,"enemies":"Giant Head","floor":42,"turns":8},{"damage":0,"enemies":"4 Shapes","floor":45,"turns":3},{"damage":0,"enemies":"Jaw Worm Horde","floor":47,"turns":2},{"damage":0,"enemies":"Spire Growth","floor":48,"turns":5},{"damage":0,"enemies":"Time Eater","floor":50,"turns":13}],"seed_played":"-9052195895849264589","potions_obtained":[{"floor":5.0,"key":"Dexterity Potion"},{"floor":6.0,"key":"PowerPotion"},{"floor":11.0,"key":"SkillPotion"},{"floor":14.0,"key":"FocusPotion"},{"floor":16,"key":"Poison Potion"},{"floor":20,"key":"Regen Potion"},{"floor":22,"key":"SpeedPotion"},{"floor":36,"key":"LiquidBronze"},{"floor":47,"key":"Dexterity Potion"}],"is_trial":false,"path_per_floor":["M","M","?","T","M","M","R","$","T","E","M","E","$","M","R","B",null,"M","?","?","?","M","R","M","E","T","M","E","R","T","M","R","B",null,"M","M","$","M","?","E","R","E","T","$","M","?","M","M","R","B",null],"character_chosen":"DEFECT","items_purchased":["Genetic Algorithm","War Paint","Coolheaded+1","Bottled Tornado","Coolheaded+1","Omamori","Swift Potion"],"campfire_rested":2,"item_purchase_floors":[8,8,13,44,44,44,44],"current_hp_per_floor":[63,54,54,54,42,34,34,34,34,30,30,10,10,6,27,10,56,56,56,36,36,45,45,45,45,45,34,34,34,34,34,34,25,60,60,60,60,60,59,59,59,37,37,37,37,37,37,37,58,58],"gold":40,"neow_bonus":"UPGRADE_CARD","is_prod":false,"is_daily":false,"chose_seed":false,"campfire_upgraded":5,"win_rate":0,"timestamp":1557427490,"path_taken":["M","?","?","?","M","M","R","$","T","E","M","E","?","M","R","BOSS","M","?","?","?","M","R","M","E","T","M","E","R","?","M","R","BOSS","M","M","$","M","?","E","R","E","T","$","M","?","M","M","R","BOSS"],"build_version":"2019-01-23","purchased_purges":2,"victory":true,"max_hp_per_floor":[71,71,71,71,71,71,71,71,71,71,71,71,71,71,71,71,71,71,71,71,71,71,71,71,71,71,71,71,71,71,71,71,71,71,71,71,71,71,71,71,71,71,71,71,71,71,71,71,71,71],"card_choices":[{"not_picked":["Conserve Battery","Turbo"],"picked":"FTL","floor":1.0},{"not_picked":["Skim","BootSequence"],"picked":"Streamline","floor":2.0},{"not_picked":["Reprogram","Go for the Eyes"],"picked":"Auto Shields","floor":5.0},{"not_picked":["Redo","Steam Power"],"picked":"Defragment","floor":6.0},{"not_picked":["Beam Cell","Force Field","Reboot"],"picked":"SKIP","floor":10.0},{"not_picked":["Defragment","Beam Cell"],"picked":"Gash","floor":11.0},{"not_picked":["Leap","Capacitor"],"picked":"Steam","floor":12.0},{"not_picked":["Tempest+1","Defragment"],"picked":"Genetic Algorithm+1","floor":14.0},{"not_picked":["Hyperbeam","Reboot+1"],"picked":"Fission+1","floor":16},{"not_picked":["Compile Driver","Sweeping Beam"],"picked":"Ball Lightning","floor":18},{"not_picked":["Capacitor","Skim+1"],"picked":"Coolheaded+1","floor":20},{"not_picked":["Redo+1","Skim+1"],"picked":"Fusion+1","floor":22},{"not_picked":["Compile Driver","Steam Power+1"],"picked":"Defragment","floor":24},{"not_picked":["Turbo+1","Tempest+1"],"picked":"Seek+1","floor":25},{"not_picked":["Ball Lightning","Double Energy+1"],"picked":"Capacitor","floor":27},{"not_picked":["Redo+1","Storm"],"picked":"Hologram+1","floor":28},{"not_picked":["Rebound","Sweeping Beam","Compile Driver"],"picked":"SKIP","floor":31},{"not_picked":["Fission+1","Creative AI"],"picked":"Thunder Strike","floor":33},{"not_picked":["Hologram+1","Rebound"],"picked":"Chill+1","floor":35},{"not_picked":["Gash","Melter"],"picked":"Loop+1","floor":36},{"not_picked":["Streamline","Conserve Battery+1"],"picked":"Darkness+1","floor":38},{"not_picked":["Loop+1","Steam+1"],"picked":"Electrodynamics","floor":40},{"not_picked":["Steam Power+1","Aggregate+1","Leap+1"],"picked":"SKIP","floor":42},{"not_picked":["Scrape","Gash"],"picked":"Cold Snap","floor":45},{"not_picked":["Leap+1","Sweeping Beam+1","Hello World+1"],"picked":"SKIP","floor":45},{"not_picked":["Compile Driver","Turbo+1"],"picked":"Glacier+1","floor":47},{"not_picked":["Self Repair+1","Cold Snap","Beam Cell+1"],"picked":"SKIP","floor":47},{"not_picked":["Conserve Battery+1","Melter"],"picked":"BootSequence+1","floor":48},{"not_picked":["Tempest+1","Streamline+1","Steam+1"],"picked":"SKIP","floor":48},{"not_picked":["Hologram+1","Sweeping Beam"],"picked":"Glacier+1","floor":49}],"player_experience":2612090,"relics_obtained":[{"floor":4.0,"key":"DataDisk"},{"floor":9.0,"key":"Kunai"},{"floor":10.0,"key":"Juzu Bracelet"},{"floor":12.0,"key":"Toxic Egg 2"},{"floor":20,"key":"Red Mask"},{"floor":25,"key":"Letter Opener"},{"floor":26,"key":"Lantern"},{"floor":28,"key":"Symbiotic Virus"},{"floor":30,"key":"Ancient Tea Set"},{"floor":39,"key":"Prayer Wheel"},{"floor":40,"key":"Dream Catcher"},{"floor":42,"key":"Sundial"},{"floor":43,"key":"Frozen Egg 2"}],"event_choices":[{"damage_healed":0.0,"max_hp_gain":0.0,"max_hp_loss":0.0,"gold_gain":74.0,"event_name":"Golden Wing","player_choice":"Gained Gold","floor":3.0,"gold_loss":0.0,"damage_taken":0.0},{"damage_healed":0,"gold_gain":0,"player_choice":"Ignored","damage_taken":0,"max_hp_gain":0,"max_hp_loss":0,"event_name":"The Mausoleum","floor":19,"gold_loss":0},{"damage_healed":0,"gold_gain":0,"player_choice":"Fought Bandits","damage_taken":0,"max_hp_gain":0,"max_hp_loss":0,"event_name":"Masked Bandits","floor":20,"gold_loss":0},{"damage_healed":0,"gold_gain":0,"player_choice":"Simplicity","damage_taken":0,"max_hp_gain":0,"max_hp_loss":0,"event_name":"Back to Basics","floor":21,"gold_loss":0,"cards_upgraded":["Strike_B","Strike_B","Strike_B","Defend_B","Defend_B","Defend_B","Defend_B"]},{"damage_healed":0,"gold_gain":0,"player_choice":"Fight","damage_taken":0,"max_hp_gain":0,"max_hp_loss":0,"event_name":"MindBloom","floor":39,"gold_loss":0},{"cards_removed":["Ball Lightning"],"damage_healed":0,"gold_gain":0,"player_choice":"Removed Attack","damage_taken":0,"max_hp_gain":0,"max_hp_loss":0,"event_name":"Falling","floor":46,"gold_loss":0}],"is_beta":false,"boss_relics":[{"not_picked":["Inserter","Velvet Choker"],"picked":"Runic Pyramid"},{"not_picked":["Nuclear Battery","White Beast Statue"],"picked":"Empty Cage"}],"items_purged_floors":[13,44],"is_endless":false,"potions_floor_spawned":[5,6,11,14,16,20,22,27,28,31,36,39,47],"ascension_level":15}