{"gold_per_floor":[209,209,45,120,136,168,168,188,188,199,124,124,157,174,174,251,251,262,312,312,27,27,27,27,56,56,56,56,69,69],"floor_reached":30,"playtime":830,"items_purged":["Defend_B"],"score":508,"play_id":"431ed2b0-ba64-4987-af67-6b8b2575a330","local_time":"20190104170338","is_ascension_mode":true,"campfire_choices":[{"data":"Doom and Gloom","floor":7.0,"key":"SMITH"},{"data":"Dualcast","floor":12.0,"key":"SMITH"},{"data":"Redo","floor":15.0,"key":"SMITH"},{"data":"Consume","floor":23.0,"key":"SMITH"},{"data":"Turbo","floor":24.0,"key":"SMITH"},{"floor":27.0,"key":"REST"}],"neow_cost":"NONE","seed_source_timestamp":3407816854303,"circlet_count":0,"master_deck":["AscendersBane","Strike_B","Strike_B","Defend_B","Defend_B","Defend_B","Zap","Dualcast+1","Darkness+1","Doom and Gloom+1","Glacier","Self Repair","Redo+1","All For One","Consume+1","Turbo+1","Defragment","Fission"],"special_seed":0,"relics":["Cracked Core","Lantern","Singing Bowl","Anchor","WingedGreaves","Inserter","Membership Card","Pantograph"],"potions_floor_usage":[30],"damage_taken":[{"damage":2.0,"enemies":"Jaw Worm","floor":1.0,"turns":3.0},{"damage":1.0,"enemies":"Small Slimes","floor":5.0,"turns":3.0},{"damage":25.0,"enemies":"Lagavulin","floor":6.0,"turns":6.0},{"damage":4.0,"enemies":"2 Louse","floor":8.0,"turns":3.0},{"damage":0.0,"enemies":"2 Fungi Beasts","floor":10.0,"turns":2.0},{"damage":7.0,"enemies":"3 Sentries","floor":13.0,"turns":7.0},{"damage":13.0,"enemies":"Exordium Thugs","floor":14.0,"turns":5.0},{"damage":15.0,"enemies":"Hexaghost","floor":16.0,"turns":8.0},{"damage":19.0,"enemies":"Chosen","floor":18.0,"turns":6.0},{"damage":41.0,"enemies":"Book of Stabbing","floor":25.0,"turns":4.0},{"damage":0.0,"enemies":"Spheric Guardian","floor":29.0,"turns":1.0},{"damage":18,"enemies":"Gremlin Leader","floor":30,"turns":3}],"seed_played":"2873284918652151442","potions_obtained":[{"floor":8.0,"key":"EssenceOfSteel"},{"floor":10.0,"key":"GamblersBrew"},{"floor":13.0,"key":"FearPotion"},{"floor":16.0,"key":"GamblersBrew"}],"is_trial":false,"path_per_floor":["M","?","$","?","M","E","R","M","T","M","?","R","E","M","R","B",null,"M","?","?","$","?","R","R","E","T","R","?","M","E"],"character_chosen":"DEFECT","items_purchased":["Lantern","Membership Card","Turbo"],"campfire_rested":1,"item_purchase_floors":[3,21,21],"current_hp_per_floor":[62,62,62,51,50,25,25,21,21,30,30,30,32,26,26,18,61,49,49,49,49,49,49,49,10,10,33,33,33,15],"gold":69,"neow_bonus":"HUNDRED_GOLD","is_prod":false,"is_daily":false,"chose_seed":false,"campfire_upgraded":5,"win_rate":0,"timestamp":1546592618,"path_taken":["M","?","$","?","M","E","R","M","T","M","?","R","E","M","R","BOSS","M","?","?","$","?","R","R","E","T","R","?","?","E"],"build_version":"2019-01-03v3","purchased_purges":1,"victory":false,"max_hp_per_floor":[71,71,71,71,71,71,71,71,71,73,73,73,75,75,75,75,75,75,75,75,75,75,75,75,77,77,77,77,77,77],"card_choices":[{"not_picked":["Turbo","Gash"],"picked":"Darkness","floor":1.0},{"not_picked":["Cold Snap","Chaos"],"picked":"Doom and Gloom","floor":5.0},{"not_picked":["FTL","Streamline"],"picked":"Glacier","floor":6.0},{"not_picked":["Cold Snap","Conserve Battery"],"picked":"Self Repair","floor":8.0},{"not_picked":["Hyperbeam","Force Field","Redo"],"picked":"Singing Bowl","floor":10.0},{"not_picked":["Gash","Hello World","Auto Shields"],"picked":"Singing Bowl","floor":13.0},{"not_picked":["Consume","FTL"],"picked":"Redo","floor":14.0},{"not_picked":["Core Surge","Reboot"],"picked":"All For One","floor":16.0},{"not_picked":["Aggregate","Compile Driver"],"picked":"Consume","floor":18.0},{"not_picked":["Capacitor","Gash","Steam"],"picked":"Singing Bowl","floor":25.0},{"not_picked":["Steam Power","Consume"],"picked":"Fission","floor":29.0}],"player_experience":2474501,"relics_obtained":[{"floor":6.0,"key":"Singing Bowl"},{"floor":9.0,"key":"Anchor"},{"floor":13.0,"key":"WingedGreaves"},{"floor":26.0,"key":"Pantograph"}],"event_choices":[{"damage_healed":0.0,"max_hp_gain":0.0,"max_hp_loss":0.0,"gold_gain":0.0,"event_name":"Living Wall","player_choice":"Grow","floor":2.0,"gold_loss":0.0,"damage_taken":0.0,"cards_upgraded":["Darkness"]},{"damage_healed":0.0,"max_hp_gain":0.0,"max_hp_loss":0.0,"gold_gain":75.0,"event_name":"World of Goop","player_choice":"Gather Gold","floor":4.0,"gold_loss":0.0,"damage_taken":11.0},{"cards_removed":["Strike_B"],"damage_healed":0.0,"max_hp_gain":0.0,"max_hp_loss":0.0,"gold_gain":0.0,"event_name":"The Cleric","player_choice":"Card Removal","floor":11.0,"gold_loss":75.0,"damage_taken":0.0},{"damage_healed":0.0,"max_hp_gain":0.0,"max_hp_loss":0.0,"gold_gain":50.0,"event_name":"Nest","player_choice":"Stole From Cult","floor":19.0,"gold_loss":0.0,"damage_taken":0.0},{"cards_removed":["Strike_B"],"damage_healed":0.0,"max_hp_gain":0.0,"max_hp_loss":0.0,"gold_gain":0.0,"event_name":"Back to Basics","player_choice":"Elegance","floor":20.0,"gold_loss":0.0,"damage_taken":0.0},{"damage_healed":0.0,"max_hp_gain":0.0,"max_hp_loss":0.0,"gold_gain":0.0,"event_name":"The Library","player_choice":"Read","floor":22.0,"gold_loss":0.0,"damage_taken":0.0,"cards_obtained":["Defragment"]},{"damage_healed":0.0,"max_hp_gain":0.0,"max_hp_loss":0.0,"gold_gain":0.0,"event_name":"N\u0027loth","player_choice":"Ignored","floor":28.0,"gold_loss":0.0,"damage_taken":0.0}],"is_beta":false,"boss_relics":[{"not_picked":["Pandora\u0027s Box","Philosopher\u0027s Stone"],"picked":"Inserter"}],"items_purged_floors":[21],"is_endless":false,"potions_floor_spawned":[8,10,13,16,18],"killed_by":"Gremlin Leader","ascension_level":20}