{"gold_per_floor":[113,38,213,65,65,65,98,118,118,137,157,185,185,195,195,195],"floor_reached":16,"playtime":469,"items_purged":["Pain","Doubt"],"score":165,"play_id":"426a3777-abc6-4c25-93ae-a4461ba9fef4","local_time":"20190417230348","is_ascension_mode":true,"campfire_choices":[{"data":"Inflame","floor":6,"key":"SMITH"},{"data":"Whirlwind","floor":13,"key":"SMITH"},{"data":"Barricade","floor":15,"key":"SMITH"}],"neow_cost":"CURSE","seed_source_timestamp":482237669052200,"circlet_count":0,"master_deck":["AscendersBane","Strike_R","Strike_R","Strike_R","Strike_R","Strike_R","Defend_R","Defend_R","Defend_R","Defend_R","Bash","Inflame+1","Cleave","Whirlwind+1","Iron Wave","Barricade+1"],"relics":["Burning Blood","Magic Flower","Happy Flower","Bottled Tornado","Odd Mushroom"],"potions_floor_usage":[16,16],"damage_taken":[{"damage":9,"enemies":"Small Slimes","floor":1,"turns":4},{"damage":60,"enemies":"3 Sentries","floor":7,"turns":11},{"damage":7,"enemies":"2 Louse","floor":8,"turns":2},{"damage":4,"enemies":"Jaw Worm","floor":10,"turns":3},{"damage":5,"enemies":"Lots of Slimes","floor":11,"turns":2},{"damage":1,"enemies":"The Mushroom Lair","floor":12,"turns":2},{"damage":9,"enemies":"Red Slaver","floor":14,"turns":3},{"damage":47,"enemies":"Hexaghost","floor":16,"turns":7}],"seed_played":"4308970258794975862","potions_obtained":[{"floor":7,"key":"Swift Potion"},{"floor":11,"key":"SteroidPotion"},{"floor":14,"key":"AttackPotion"}],"is_trial":false,"path_per_floor":["M","$","?","$","?","R","E","M","T","M","M","?","R","M","R","B"],"character_chosen":"IRONCLAD","items_purchased":["Cleave"],"campfire_rested":0,"item_purchase_floors":[4],"current_hp_per_floor":[72,72,72,72,72,72,21,23,23,28,32,40,40,40,40,0],"gold":195,"neow_bonus":"ONE_RARE_RELIC","is_prod":false,"is_daily":false,"chose_seed":false,"campfire_upgraded":3,"win_rate":0,"timestamp":1555531428,"path_taken":["M","$","?","$","?","R","E","M","T","M","M","?","R","M","R","BOSS"],"build_version":"2019-01-23","purchased_purges":2,"victory":false,"max_hp_per_floor":[80,80,80,80,80,80,80,80,80,80,80,80,80,80,80,80],"card_choices":[{"not_picked":["Perfected Strike","Clothesline"],"picked":"Inflame","floor":1},{"not_picked":["Pommel Strike","Flex"],"picked":"Whirlwind","floor":7},{"not_picked":["Headbutt","Thunderclap","Wild Strike"],"picked":"SKIP","floor":8},{"not_picked":["Metallicize","Cleave"],"picked":"Iron Wave","floor":10},{"not_picked":["Warcry","Twin Strike","Evolve"],"picked":"SKIP","floor":11},{"not_picked":["Dual Wield","Iron Wave"],"picked":"Barricade","floor":14}],"player_experience":294311,"relics_obtained":[{"floor":7,"key":"Happy Flower"},{"floor":9,"key":"Bottled Tornado"},{"floor":12,"key":"Odd Mushroom"}],"event_choices":[{"damage_healed":0,"gold_gain":175,"player_choice":"AGREE","damage_taken":0,"max_hp_gain":0,"max_hp_loss":0,"event_name":"Liars Game","floor":3,"gold_loss":0,"cards_obtained":["Doubt"]},{"damage_healed":0,"gold_gain":0,"player_choice":"Ignored","damage_taken":0,"max_hp_gain":0,"max_hp_loss":0,"event_name":"Golden Idol","floor":5,"gold_loss":0},{"damage_healed":0,"gold_gain":0,"player_choice":"Fought Mushrooms","damage_taken":0,"max_hp_gain":0,"max_hp_loss":0,"event_name":"Mushrooms","floor":12,"gold_loss":0}],"is_beta":false,"boss_relics":[],"items_purged_floors":[2,4],"is_endless":false,"potions_floor_spawned":[7,11,14],"killed_by":"Hexaghost","ascension_level":13}