{"gold_per_floor":[99,99,99,99,99,99,99,24,24,24,24,24,24,24,24,24,24,24,24,24,24,24],"floor_reached":22,"playtime":565,"items_purged":["Defend_R"],"score":188,"play_id":"4a5b3c01-0e85-4798-8caa-191d064c3aee","local_time":"20190111223313","is_ascension_mode":false,"campfire_choices":[{"data":"Bash","floor":6,"key":"SMITH"},{"floor":15,"key":"REST"}],"neow_cost":"NONE","seed_source_timestamp":178746611274373,"circlet_count":0,"master_deck":["Strike_R","Strike_R","Strike_R","Strike_R","Strike_R","Defend_R","Defend_R","Bash+1"],"relics":["Ectoplasm","Vajra","Paper Frog","Darkstone Periapt","Odd Mushroom","Runic Cube"],"potions_floor_usage":[21,22],"damage_taken":[{"damage":6,"enemies":"Cultist","floor":1,"turns":3},{"damage":6,"enemies":"Jaw Worm","floor":4,"turns":3},{"damage":14,"enemies":"Gremlin Nob","floor":7,"turns":3},{"damage":0,"enemies":"Small Slimes","floor":10,"turns":2},{"damage":16,"enemies":"The Mushroom Lair","floor":11,"turns":4},{"damage":7,"enemies":"Blue Slaver","floor":13,"turns":2},{"damage":12,"enemies":"Gremlin Gang","floor":14,"turns":5},{"damage":36,"enemies":"Hexaghost","floor":16,"turns":8},{"damage":23,"enemies":"3 Byrds","floor":18,"turns":6},{"damage":5,"enemies":"Chosen","floor":19,"turns":3},{"damage":32,"enemies":"3 Cultists","floor":20,"turns":5},{"damage":10,"enemies":"Chosen and Byrds","floor":21,"turns":5},{"damage":13,"enemies":"Centurion and Healer","floor":22,"turns":1}],"seed_played":"-1767783706499039748","potions_obtained":[{"floor":4,"key":"Ancient Potion"},{"floor":11,"key":"Dexterity Potion"},{"floor":18,"key":"EssenceOfSteel"}],"is_trial":false,"path_per_floor":["M","T","?","M","?","R","E","$","T","M","?","$","M","M","R","B",null,"M","M","M","M","M"],"character_chosen":"IRONCLAD","items_purchased":[],"campfire_rested":1,"item_purchase_floors":[],"current_hp_per_floor":[74,74,74,68,68,68,54,54,54,54,38,38,31,19,43,7,80,57,52,20,10,0],"gold":24,"neow_bonus":"BOSS_RELIC","is_prod":false,"is_daily":false,"chose_seed":false,"campfire_upgraded":1,"win_rate":0,"timestamp":1547242393,"path_taken":["M","?","?","?","?","R","E","$","T","M","?","?","?","M","R","BOSS","M","M","?","?","M"],"build_version":"2019-01-10","purchased_purges":1,"victory":false,"max_hp_per_floor":[80,80,80,80,80,80,80,80,80,80,80,80,80,80,80,80,80,80,80,80,80,80],"card_choices":[{"not_picked":["Headbutt","Shrug It Off","Cleave"],"picked":"SKIP","floor":1},{"not_picked":["Sword Boomerang","Rage","Twin Strike"],"picked":"SKIP","floor":4},{"not_picked":["Blood for Blood","Ghostly Armor","Wild Strike"],"picked":"SKIP","floor":7},{"not_picked":["Spot Weakness","Blood for Blood","Thunderclap"],"picked":"SKIP","floor":10},{"not_picked":["Headbutt","Armaments","Burning Pact"],"picked":"SKIP","floor":13},{"not_picked":["Searing Blow","Perfected Strike","Shrug It Off"],"picked":"SKIP","floor":14},{"not_picked":["Cleave","Havoc","Reckless Charge"],"picked":"SKIP","floor":18},{"not_picked":["True Grit","Iron Wave","Pummel"],"picked":"SKIP","floor":19},{"not_picked":["Shrug It Off","Double Tap","Sword Boomerang"],"picked":"SKIP","floor":20},{"not_picked":["Fire Breathing","Carnage+1","Intimidate+1"],"picked":"SKIP","floor":21}],"player_experience":443833,"relics_obtained":[{"floor":2,"key":"Vajra"},{"floor":7,"key":"Paper Frog"},{"floor":9,"key":"Darkstone Periapt"},{"floor":11,"key":"Odd Mushroom"}],"event_choices":[{"cards_removed":["Defend_R"],"damage_healed":0,"gold_gain":0,"player_choice":"Purged","damage_taken":0,"max_hp_gain":0,"max_hp_loss":0,"event_name":"Purifier","floor":3,"gold_loss":0},{"damage_healed":0,"gold_gain":0,"player_choice":"Ignored","damage_taken":0,"max_hp_gain":0,"max_hp_loss":0,"event_name":"Liars Game","floor":5,"gold_loss":0},{"damage_healed":0,"gold_gain":0,"player_choice":"Fought Mushrooms","damage_taken":0,"max_hp_gain":0,"max_hp_loss":0,"event_name":"Mushrooms","floor":11,"gold_loss":0}],"is_beta":false,"boss_relics":[{"not_picked":["Eternal Feather","Mark of Pain"],"picked":"Runic Cube"}],"items_purged_floors":[8],"is_endless":false,"potions_floor_spawned":[4,11,18],"killed_by":"Centurion and Healer","ascension_level":0}