{"gold_per_floor":[109,124,49,62,137,137,170,170,170,170,180,194,208,236,236,313,313,313,313,313,14,14],"floor_reached":22,"playtime":868,"items_purged":["Strike_B"],"score":446,"play_id":"9df780bd-4fb1-44c8-87d8-1084d96eca28","local_time":"20190313224555","is_ascension_mode":true,"campfire_choices":[{"data":"Tempest","floor":6,"key":"SMITH"},{"data":"Sweeping Beam","floor":8,"key":"SMITH"},{"data":"Rip and Tear","floor":10,"key":"SMITH"},{"data":"Reinforced Body","floor":15,"key":"SMITH"}],"neow_cost":"NONE","seed_source_timestamp":54127434022403,"circlet_count":0,"master_deck":["AscendersBane","Strike_B","Strike_B","Defend_B","Defend_B","Defend_B","Defend_B","Zap","Dualcast","Ball Lightning","Rip and Tear+1","Go for the Eyes","Tempest+1","Hologram","Hologram","Sweeping Beam+1","Ball Lightning","Core Surge","Leap","Static Discharge","Rainbow","Reinforced Body+1","Biased Cognition","Stack+1"],"relics":["Orrery","Ginger","Kunai","Shuriken","Ectoplasm","Chemical X"],"potions_floor_usage":[7,14,16,22,22],"damage_taken":[{"damage":0,"enemies":"Cultist","floor":1,"turns":3},{"damage":0,"enemies":"Small Slimes","floor":2,"turns":3},{"damage":4,"enemies":"Jaw Worm","floor":4,"turns":3},{"damage":15,"enemies":"Lagavulin","floor":7,"turns":5},{"damage":0,"enemies":"Blue Slaver","floor":11,"turns":3},{"damage":0,"enemies":"Large Slime","floor":12,"turns":4},{"damage":12,"enemies":"Red Slaver","floor":13,"turns":3},{"damage":6,"enemies":"3 Sentries","floor":14,"turns":5},{"damage":0,"enemies":"Slime Boss","floor":16,"turns":8},{"damage":0,"enemies":"Spheric Guardian","floor":18,"turns":4},{"damage":4,"enemies":"Shell Parasite","floor":19,"turns":5},{"damage":50,"enemies":"3 Cultists","floor":20,"turns":5},{"damage":6,"enemies":"Cultist and Chosen","floor":22,"turns":1}],"seed_played":"-6961698151735667723","potions_obtained":[{"floor":2,"key":"Weak Potion"},{"floor":11,"key":"Fire Potion"},{"floor":13,"key":"Energy Potion"},{"floor":14,"key":"SteroidPotion"},{"floor":18,"key":"Poison Potion"}],"is_trial":false,"path_per_floor":["M","M","?","M","?","R","E","R","T","R","M","M","M","E","R","B",null,"M","M","M","$","M"],"character_chosen":"DEFECT","items_purchased":["Chemical X"],"campfire_rested":0,"item_purchase_floors":[21],"current_hp_per_floor":[64,64,64,60,49,49,34,34,34,34,34,34,22,16,16,16,57,57,53,3,3,0],"gold":14,"neow_bonus":"BOSS_RELIC","is_prod":false,"is_daily":false,"chose_seed":false,"campfire_upgraded":4,"win_rate":0,"timestamp":1552513555,"path_taken":["M","?","?","M","?","R","E","R","T","R","M","M","M","E","R","BOSS","M","M","M","$","M"],"build_version":"2019-01-23","purchased_purges":1,"victory":false,"max_hp_per_floor":[71,71,71,71,71,71,71,71,71,71,71,71,71,71,71,71,71,71,71,71,71,71],"card_choices":[{"not_picked":["Sweeping Beam","Go for the Eyes"],"picked":"Ball Lightning","floor":0},{"not_picked":["Melter","Beam Cell"],"picked":"Rip and Tear","floor":0},{"not_picked":["Steam","Capacitor"],"picked":"Go for the Eyes","floor":0},{"not_picked":["Rebound","Meteor Strike"],"picked":"Tempest","floor":0},{"not_picked":["Compile Driver","Coolheaded"],"picked":"Hologram","floor":0},{"not_picked":["Beam Cell","Genetic Algorithm"],"picked":"Hologram","floor":1},{"not_picked":["FTL","Turbo"],"picked":"Sweeping Beam","floor":2},{"not_picked":["Stack","Conserve Battery"],"picked":"Ball Lightning","floor":4},{"not_picked":["Amplify","Scrape"],"picked":"Core Surge","floor":7},{"not_picked":["Ball Lightning","Go for the Eyes"],"picked":"Leap","floor":11},{"not_picked":["Barrage","Sweeping Beam"],"picked":"Static Discharge","floor":12},{"not_picked":["Streamline","Coolheaded"],"picked":"Rainbow","floor":13},{"not_picked":["Consume","Turbo"],"picked":"Reinforced Body","floor":14},{"not_picked":["Reboot","Core Surge"],"picked":"Biased Cognition","floor":16},{"not_picked":["Hologram","Barrage","Genetic Algorithm"],"picked":"SKIP","floor":18},{"not_picked":["BootSequence","Force Field+1"],"picked":"Stack+1","floor":19},{"not_picked":["Gash","Hologram","Aggregate"],"picked":"SKIP","floor":20}],"player_experience":529859,"relics_obtained":[{"floor":7,"key":"Ginger"},{"floor":9,"key":"Kunai"},{"floor":14,"key":"Shuriken"}],"event_choices":[{"cards_removed":["Strike_B"],"damage_healed":0,"gold_gain":0,"player_choice":"Card Removal","damage_taken":0,"max_hp_gain":0,"max_hp_loss":0,"event_name":"The Cleric","floor":3,"gold_loss":75},{"damage_healed":0,"gold_gain":75,"player_choice":"Gather Gold","damage_taken":11,"max_hp_gain":0,"max_hp_loss":0,"event_name":"World of Goop","floor":5,"gold_loss":0}],"is_beta":false,"boss_relics":[{"not_picked":["Cursed Key","Runic Dome"],"picked":"Ectoplasm"}],"items_purged_floors":[21],"is_endless":false,"potions_floor_spawned":[2,11,13,14,18],"killed_by":"Cultist and Chosen","ascension_level":16}