{"gold_per_floor":[119,119,132,132,282,282,6,40,40,40,40,75,90,125,125,125],"floor_reached":16,"playtime":551,"items_purged":["Doubt"],"score":203,"play_id":"62dcc67f-67c3-4eb4-8308-d117ad5b515d","local_time":"20181021162115","is_ascension_mode":true,"campfire_choices":[{"data":"True Grit","floor":6,"key":"SMITH"},{"data":"Body Slam","floor":15,"key":"SMITH"}],"neow_cost":"TEN_PERCENT_HP_LOSS","seed_source_timestamp":32156051583174,"circlet_count":0,"master_deck":["Strike_R","Strike_R","Strike_R","Strike_R","Strike_R","Defend_R","Defend_R","Defend_R","Defend_R","Bash","AscendersBane","Good Instincts","Blind","Body Slam+1","True Grit+1","Shockwave","Anger","Feel No Pain+1","Power Through"],"relics":["Burning Blood","PreservedInsect","Ornamental Fan","Frozen Egg 2","Mercury Hourglass","Regal Pillow","Paper Frog"],"potions_floor_usage":[8,8,14],"damage_taken":[{"damage":16,"enemies":"Jaw Worm","floor":1,"turns":4},{"damage":1,"enemies":"2 Louse","floor":3,"turns":4},{"damage":17,"enemies":"Gremlin Nob","floor":8,"turns":5},{"damage":20,"enemies":"Lagavulin","floor":12,"turns":9},{"damage":2,"enemies":"Small Slimes","floor":13,"turns":3},{"damage":20,"enemies":"Gremlin Nob","floor":14,"turns":4},{"damage":30,"enemies":"Hexaghost","floor":16,"turns":11}],"seed_played":"-8270136122765731976","potions_obtained":[{"floor":1,"key":"SkillPotion"},{"floor":13,"key":"Strength Potion"},{"floor":14,"key":"SteroidPotion"}],"is_trial":false,"path_per_floor":["M","?","M","?","?","R","$","E","T","T","$","E","M","E","R"],"character_chosen":"IRONCLAD","items_purchased":["PreservedInsect","Block Potion"],"campfire_rested":0,"item_purchase_floors":[7,7],"current_hp_per_floor":[58,58,63,63,63,63,63,52,52,52,52,38,42,28,28,0],"gold":125,"neow_bonus":"RANDOM_COLORLESS_2","is_prod":false,"is_daily":false,"chose_seed":false,"campfire_upgraded":2,"win_rate":0,"timestamp":1540164075,"path_taken":["M","?","M","?","?","R","$","E","T","?","$","E","?","E","R","BOSS"],"build_version":"2018-10-18","purchased_purges":1,"victory":false,"max_hp_per_floor":[68,68,68,68,68,68,68,68,68,68,68,68,68,68,68,68],"card_choices":[{"not_picked":["Havoc","Rupture"],"picked":"Body Slam","floor":1},{"not_picked":["Clash","Warcry"],"picked":"True Grit","floor":3},{"not_picked":["Bludgeon","Havoc"],"picked":"Shockwave","floor":8},{"not_picked":["Combust+1","Dual Wield"],"picked":"Anger","floor":12},{"not_picked":["Heavy Blade","Clash"],"picked":"Feel No Pain+1","floor":13},{"not_picked":["Iron Wave","Anger"],"picked":"Power Through","floor":14}],"player_experience":1409120,"relics_obtained":[{"floor":8,"key":"Ornamental Fan"},{"floor":9,"key":"Frozen Egg 2"},{"floor":10,"key":"Mercury Hourglass"},{"floor":12,"key":"Regal Pillow"},{"floor":14,"key":"Paper Frog"}],"event_choices":[{"damage_healed":0,"gold_gain":0,"player_choice":"Leave","damage_taken":0,"max_hp_gain":0,"max_hp_loss":0,"event_name":"The Cleric","floor":2,"gold_loss":0},{"damage_healed":0,"gold_gain":0,"player_choice":"Ignored","damage_taken":0,"max_hp_gain":0,"max_hp_loss":0,"event_name":"Golden Idol","floor":4,"gold_loss":0},{"damage_healed":0,"gold_gain":150,"player_choice":"AGREE","damage_taken":0,"max_hp_gain":0,"max_hp_loss":0,"event_name":"Liars Game","floor":5,"gold_loss":0,"cards_obtained":["Doubt"]}],"is_beta":false,"boss_relics":[],"items_purged_floors":[7],"is_endless":false,"potions_floor_spawned":[1,13,14],"killed_by":"Hexaghost","ascension_level":15}