{"gold_per_floor":[109,284,13,13,30,40,40,40,91,91,119,119,129,147,147,251,251,264,314,52,69,82,82,82,82,106,43,68,80,112,141,153,269,281,305,330,352,364,393,315,327,366,378,410,522,549,17,34,34,34,34,34,34,63,63],"floor_reached":55,"playtime":4529,"items_purged":["Doubt","Parasite"],"score":731,"play_id":"45f80e8f-07c8-42ba-9ec6-e66cb7b107e7","local_time":"20181101021848","is_ascension_mode":false,"campfire_choices":[{"floor":8,"key":"RECALL"},{"data":"Dualcast","floor":10,"key":"SMITH"},{"data":"Redo","floor":12,"key":"SMITH"},{"data":"Redo","floor":15,"key":"SMITH"},{"data":"Coolheaded","floor":23,"key":"SMITH"},{"data":"Coolheaded","floor":25,"key":"SMITH"},{"data":"Skim","floor":29,"key":"SMITH"},{"data":"Streamline","floor":32,"key":"SMITH"},{"data":"Hologram","floor":41,"key":"SMITH"},{"data":"Double Energy","floor":49,"key":"SMITH"},{"data":"Seek","floor":52,"key":"SMITH"}],"neow_cost":"NONE","seed_source_timestamp":914856778700938,"circlet_count":0,"master_deck":["Strike_B","Defend_B","Defend_B","Defend_B","Defend_B","Zap+1","Dualcast+1","Double Energy+1","Self Repair","Coolheaded+1","Redo+1","Coolheaded+1","Redo+1","Electrodynamics","BootSequence","Skim+1","Glacier+1","Streamline+1","Rainbow","Turbo+1","Hologram+1","Conserve Battery+1","Compile Driver","Redo+1","Seek+1","White Noise+1"],"relics":["Cracked Core","Toolbox","Strawberry","Eternal Feather","Letter Opener","MawBank","Inserter","Vajra","Pear","Ginger","Bottled Lightning","Singing Bowl"],"potions_floor_usage":[11,18,28,37,42,44,45,45,48,54],"damage_taken":[{"damage":7,"enemies":"Small Slimes","floor":1,"turns":3},{"damage":6,"enemies":"Jaw Worm","floor":5,"turns":3},{"damage":1,"enemies":"Cultist","floor":6,"turns":3},{"damage":23,"enemies":"3 Sentries","floor":11,"turns":9},{"damage":4,"enemies":"Large Slime","floor":13,"turns":6},{"damage":0,"enemies":"Looter","floor":14,"turns":4},{"damage":49,"enemies":"The Guardian","floor":16,"turns":21},{"damage":13,"enemies":"3 Byrds","floor":18,"turns":3},{"damage":18,"enemies":"Shell Parasite","floor":21,"turns":5},{"damage":21,"enemies":"Snake Plant","floor":22,"turns":4},{"damage":4,"enemies":"Snecko","floor":28,"turns":5},{"damage":4,"enemies":"Shelled Parasite and Fungi","floor":30,"turns":6},{"damage":17,"enemies":"Sentry and Sphere","floor":31,"turns":4},{"damage":66,"enemies":"Automaton","floor":33,"turns":13},{"damage":22,"enemies":"3 Darklings","floor":35,"turns":3},{"damage":5,"enemies":"3 Shapes","floor":36,"turns":4},{"damage":3,"enemies":"Sphere and 2 Shapes","floor":37,"turns":3},{"damage":10,"enemies":"3 Darklings","floor":39,"turns":4},{"damage":27,"enemies":"Reptomancer","floor":42,"turns":9},{"damage":0,"enemies":"Writhing Mass","floor":44,"turns":5},{"damage":1,"enemies":"Mind Bloom Boss Battle","floor":45,"turns":8},{"damage":3,"enemies":"4 Shapes","floor":46,"turns":2},{"damage":5,"enemies":"Maw","floor":48,"turns":7},{"damage":8,"enemies":"Awakened One","floor":50,"turns":13},{"damage":73,"enemies":"Shield and Spear","floor":54,"turns":7},{"damage":46,"enemies":"The Heart","floor":55,"turns":2}],"seed_played":"8818087586985643114","potions_obtained":[{"floor":1,"key":"Ancient Potion"},{"floor":5,"key":"Energy Potion"},{"floor":14,"key":"Ancient Potion"},{"floor":16,"key":"Regen Potion"},{"floor":31,"key":"LiquidBronze"},{"floor":33,"key":"Poison Potion"},{"floor":35,"key":"Energy Potion"},{"floor":42,"key":"Swift Potion"},{"floor":44,"key":"Weak Potion"},{"floor":45,"key":"AttackPotion"},{"floor":54,"key":"SteroidPotion"}],"is_trial":false,"path_per_floor":["M","?","$","?","M","M","$","R","T","R","E","R","M","M","R","B",null,"M","?","$","M","M","R","$","R","T","?","M","R","M","M","R","B",null,"M","M","M","?","M","?","R","E","T","M","?","M","$","M","R","B",null,"R","$","E","B"],"character_chosen":"DEFECT","items_purchased":["Toolbox","Letter Opener","Seek","Bottled Lightning","Weak Potion"],"campfire_rested":0,"item_purchase_floors":[3,20,47,47,47],"current_hp_per_floor":[68,68,68,68,62,68,68,68,68,68,59,59,62,62,62,20,82,81,81,81,70,56,65,65,74,74,74,77,82,78,68,80,21,82,67,69,73,73,63,63,75,55,65,72,78,82,82,84,89,88,89,89,89,25,0],"gold":63,"neow_bonus":"UPGRADE_CARD","is_prod":false,"is_daily":false,"chose_seed":false,"campfire_upgraded":10,"win_rate":0,"timestamp":1541035128,"path_taken":["M","?","$","?","M","M","$","R","T","R","E","R","M","M","R","BOSS","M","?","$","M","M","R","?","R","T","?","M","R","M","M","R","BOSS","M","M","M","?","M","?","R","E","T","?","?","M","$","M","R","BOSS","R","$","E","BOSS"],"build_version":"2018-10-30","purchased_purges":2,"victory":false,"max_hp_per_floor":[75,75,75,75,75,75,75,75,75,75,82,82,82,82,82,82,82,82,82,82,82,82,82,82,82,82,82,82,82,82,82,82,82,82,82,82,82,82,82,82,82,82,92,92,92,92,89,89,89,89,89,89,89,91,91],"card_choices":[{"not_picked":["Sweeping Beam","Doom and Gloom"],"picked":"Double Energy","floor":1},{"not_picked":["Ball Lightning","Rip and Tear"],"picked":"Self Repair","floor":5},{"not_picked":["Hologram","Steam"],"picked":"Coolheaded","floor":6},{"not_picked":["Gash","Skim"],"picked":"Redo","floor":11},{"not_picked":["Static Discharge","Sweeping Beam"],"picked":"Coolheaded","floor":13},{"not_picked":["Self Repair","Streamline"],"picked":"Redo","floor":14},{"not_picked":["Meteor Strike","Reboot"],"picked":"Electrodynamics","floor":16},{"not_picked":["Coolheaded+1","Aggregate"],"picked":"BootSequence","floor":18},{"not_picked":["Leap","Coolheaded","Force Field"],"picked":"SKIP","floor":21},{"not_picked":["Redo","Stack+1","Consume+1"],"picked":"SKIP","floor":22},{"not_picked":["Stack","Steam Power+1"],"picked":"Skim","floor":28},{"not_picked":["Leap","Redo"],"picked":"Glacier","floor":30},{"not_picked":["Force Field","Stack"],"picked":"Streamline","floor":31},{"not_picked":["Fission","Hyperbeam"],"picked":"Rainbow","floor":33},{"not_picked":["Beam Cell","Sweeping Beam"],"picked":"Turbo+1","floor":35},{"not_picked":["Force Field","Compile Driver+1"],"picked":"Hologram","floor":36},{"not_picked":["Compile Driver+1","Static Discharge"],"picked":"Conserve Battery+1","floor":37},{"not_picked":["Go for the Eyes","Steam Power","Chaos"],"picked":"SKIP","floor":39},{"not_picked":["Biased Cognition","Conserve Battery+1","Cold Snap"],"picked":"SKIP","floor":42},{"not_picked":["Stack+1","Ball Lightning"],"picked":"Compile Driver","floor":44},{"not_picked":["Coolheaded","Barrage"],"picked":"Redo+1","floor":46},{"not_picked":["Cold Snap","Compile Driver+1"],"picked":"White Noise+1","floor":48},{"not_picked":["Redo","Heatsinks","Sweeping Beam"],"picked":"Singing Bowl","floor":54}],"player_experience":231359,"relics_obtained":[{"floor":11,"key":"Strawberry"},{"floor":26,"key":"MawBank"},{"floor":42,"key":"Vajra"},{"floor":43,"key":"Pear"},{"floor":45,"key":"Ginger"},{"floor":54,"key":"Singing Bowl"}],"event_choices":[{"damage_healed":0,"gold_gain":175,"player_choice":"AGREE","damage_taken":0,"max_hp_gain":0,"max_hp_loss":0,"event_name":"Liars Game","floor":2,"gold_loss":0,"cards_obtained":["Doubt"]},{"damage_healed":0,"gold_gain":0,"player_choice":"Leave","damage_taken":0,"max_hp_gain":0,"max_hp_loss":0,"event_name":"The Cleric","floor":4,"gold_loss":0},{"damage_healed":0,"gold_gain":100,"player_choice":"Bet on Murderer","damage_taken":0,"max_hp_gain":0,"max_hp_loss":0,"event_name":"The Joust","floor":19,"gold_loss":50},{"cards_removed":["Strike_B"],"damage_healed":0,"gold_gain":0,"player_choice":"Gave Gold","damage_taken":0,"max_hp_gain":0,"max_hp_loss":0,"event_name":"Beggar","floor":27,"gold_loss":75},{"cards_removed":["Strike_B"],"damage_healed":0,"gold_gain":0,"player_choice":"Removed Attack","damage_taken":0,"max_hp_gain":0,"max_hp_loss":0,"event_name":"Falling","floor":38,"gold_loss":0},{"cards_removed":["Strike_B"],"damage_healed":0,"gold_gain":0,"player_choice":"Upgrade and Remove","damage_taken":0,"max_hp_gain":0,"max_hp_loss":0,"event_name":"Designer","floor":40,"gold_loss":90,"cards_upgraded":["Glacier"]},{"damage_healed":0,"gold_gain":0,"player_choice":"Fight","damage_taken":0,"max_hp_gain":0,"max_hp_loss":0,"event_name":"MindBloom","floor":45,"gold_loss":0}],"is_beta":true,"boss_relics":[{"not_picked":["Lizard Tail","Fusion Hammer"],"picked":"Eternal Feather"},{"not_picked":["Snecko Eye","Astrolabe"],"picked":"Inserter"}],"items_purged_floors":[3,47],"is_endless":false,"potions_floor_spawned":[1,5,14,16,31,33,35,42,44,45,54],"killed_by":"The Heart","ascension_level":0}