{"gold_per_floor":[213,232,182,16,16,16,32,67,67,67,87,97,97,122,122,196,196,207,307,324,324,131,131,141,141,189,97,113,126,126,144,144,144],"floor_reached":33,"playtime":1218,"items_purged":["Strike_B"],"score":424,"play_id":"656c0ad9-a7ba-47e5-bdc7-8d430b29d602","local_time":"20190128213513","is_ascension_mode":true,"campfire_choices":[{"data":"Doom and Gloom","floor":6,"key":"SMITH"},{"data":"Sunder","floor":10,"key":"SMITH"},{"data":"Darkness","floor":13,"key":"SMITH"},{"data":"Zap","floor":15,"key":"SMITH"},{"data":"Machine Learning","floor":23,"key":"SMITH"},{"data":"Reinforced Body","floor":32,"key":"SMITH"}],"neow_cost":"NONE","seed_source_timestamp":700237687621654,"circlet_count":0,"master_deck":["AscendersBane","Strike_B","Strike_B","Defend_B","Defend_B","Defend_B","Zap+1","Dualcast+1","Doom and Gloom+1","Go for the Eyes","Sunder+1","Undo","Hologram","Tempest","Darkness+1","Rebound","Machine Learning+1","Tempest","Doom and Gloom","Enlightenment","Seek","Darkness+1","Reinforced Body+1"],"relics":["Cracked Core","Pear","Cables","Ornamental Fan","Orichalcum","Coffee Dripper","Gambling Chip","Sundial","Toy Ornithopter","PreservedInsect"],"potions_floor_usage":[14,19,24,24,29],"damage_taken":[{"damage":0,"enemies":"2 Louse","floor":1,"turns":2},{"damage":6,"enemies":"Small Slimes","floor":2,"turns":3},{"damage":0,"enemies":"Cultist","floor":7,"turns":2},{"damage":25,"enemies":"3 Sentries","floor":8,"turns":4},{"damage":3,"enemies":"3 Louse","floor":11,"turns":2},{"damage":3,"enemies":"Blue Slaver","floor":12,"turns":2},{"damage":15,"enemies":"Gremlin Nob","floor":14,"turns":4},{"damage":8,"enemies":"Hexaghost","floor":16,"turns":8},{"damage":0,"enemies":"Spheric Guardian","floor":18,"turns":3},{"damage":6,"enemies":"Colosseum Slavers","floor":19,"turns":3},{"damage":17,"enemies":"Colosseum Nobs","floor":19,"turns":4},{"damage":8,"enemies":"Shell Parasite","floor":20,"turns":4},{"damage":18,"enemies":"Snake Plant","floor":24,"turns":3},{"damage":0,"enemies":"Sentry and Sphere","floor":28,"turns":3},{"damage":8,"enemies":"Shelled Parasite and Fungi","floor":29,"turns":3},{"damage":17,"enemies":"Centurion and Healer","floor":31,"turns":2},{"damage":19,"enemies":"Collector","floor":33,"turns":3}],"seed_played":"-461910345232396816","potions_obtained":[{"floor":7,"key":"Poison Potion"},{"floor":8,"key":"FearPotion"},{"floor":16,"key":"SteroidPotion"},{"floor":19,"key":"SmokeBomb"},{"floor":20,"key":"FocusPotion"},{"floor":24,"key":"Energy Potion"}],"is_trial":false,"path_per_floor":["M","M","?","$","?","R","M","E","T","R","M","M","R","E","R","B",null,"M","?","M","?","$","R","M","?","T","$","M","M","?","M","R","B"],"character_chosen":"DEFECT","items_purchased":["Sunder","Hologram","Toy Ornithopter","Enlightenment"],"campfire_rested":0,"item_purchase_floors":[4,4,22,27],"current_hp_per_floor":[68,62,62,62,72,72,72,47,47,47,44,41,41,26,26,18,68,68,45,37,29,29,29,21,21,21,21,21,18,18,1,1,0],"gold":144,"neow_bonus":"HUNDRED_GOLD","is_prod":false,"is_daily":false,"chose_seed":false,"campfire_upgraded":6,"win_rate":0,"timestamp":1548707713,"path_taken":["M","M","?","$","?","R","M","E","T","R","?","M","R","E","R","BOSS","M","?","M","?","$","R","?","?","T","$","?","M","?","M","R","BOSS"],"build_version":"2019-01-23","purchased_purges":1,"victory":false,"max_hp_per_floor":[75,75,75,75,85,85,85,85,85,85,85,85,85,85,85,85,85,85,85,85,85,85,85,85,85,85,85,85,85,85,85,85,85],"card_choices":[{"not_picked":["Stack","Conserve Battery"],"picked":"Doom and Gloom","floor":1},{"not_picked":["Conserve Battery","Genetic Algorithm"],"picked":"Go for the Eyes","floor":2},{"not_picked":["Force Field","Capacitor"],"picked":"Undo","floor":7},{"not_picked":["Rebound","Go for the Eyes"],"picked":"Hologram","floor":8},{"not_picked":["Glacier","Barrage"],"picked":"Tempest","floor":11},{"not_picked":["Leap","Meteor Strike"],"picked":"Darkness","floor":12},{"not_picked":["Beam Cell","Stack"],"picked":"Rebound","floor":14},{"not_picked":["Meteor Strike","Thunder Strike"],"picked":"Machine Learning","floor":16},{"not_picked":["Stack","Hello World+1"],"picked":"Tempest","floor":18},{"not_picked":["Ball Lightning","Rebound"],"picked":"Doom and Gloom","floor":20},{"not_picked":["Static Discharge","Streamline","Gash"],"picked":"SKIP","floor":24},{"not_picked":["Lockon","Beam Cell"],"picked":"Seek","floor":28},{"not_picked":["Beam Cell","Consume+1"],"picked":"Darkness+1","floor":29},{"not_picked":["Redo","Sweeping Beam"],"picked":"Reinforced Body","floor":31}],"player_experience":486014,"relics_obtained":[{"floor":8,"key":"Cables"},{"floor":9,"key":"Ornamental Fan"},{"floor":14,"key":"Orichalcum"},{"floor":19,"key":"Gambling Chip"},{"floor":19,"key":"Sundial"},{"floor":26,"key":"PreservedInsect"}],"event_choices":[{"cards_removed":["Defend_B"],"damage_healed":0,"gold_gain":0,"player_choice":"Card Removal","damage_taken":0,"max_hp_gain":0,"max_hp_loss":0,"event_name":"The Cleric","floor":3,"gold_loss":50},{"cards_removed":["Hologram"],"damage_healed":0,"gold_gain":0,"player_choice":"Gave Card","damage_taken":0,"relics_obtained":["Pear"],"max_hp_gain":0,"max_hp_loss":0,"event_name":"WeMeetAgain","floor":5,"gold_loss":0},{"damage_healed":0,"gold_gain":0,"player_choice":"Fight","damage_taken":0,"max_hp_gain":0,"max_hp_loss":0,"event_name":"Colosseum","floor":19,"gold_loss":0},{"damage_healed":0,"gold_gain":0,"player_choice":"Fought Nobs","damage_taken":0,"max_hp_gain":0,"max_hp_loss":0,"event_name":"Colosseum","floor":19,"gold_loss":0},{"damage_healed":0,"gold_gain":0,"player_choice":"Damaged","damage_taken":8,"max_hp_gain":0,"max_hp_loss":0,"event_name":"Wheel of Change","floor":21,"gold_loss":0},{"damage_healed":0,"gold_gain":0,"player_choice":"Upgraded","damage_taken":0,"max_hp_gain":0,"max_hp_loss":0,"event_name":"Upgrade Shrine","floor":25,"gold_loss":0,"cards_upgraded":["Dualcast"]},{"cards_removed":["Strike_B"],"damage_healed":0,"gold_gain":0,"player_choice":"Purged","damage_taken":0,"max_hp_gain":0,"max_hp_loss":0,"event_name":"Purifier","floor":30,"gold_loss":0}],"is_beta":false,"boss_relics":[{"not_picked":["Astrolabe","Black Star"],"picked":"Coffee Dripper"}],"items_purged_floors":[4],"is_endless":false,"potions_floor_spawned":[7,8,16,19,19,20,24],"killed_by":"Collector","ascension_level":13}