{"gold_per_floor":[13,33,53,66,66,66,97,97,143,143,156,52,82,82,82,159,159,172,187,187,187,457,457],"floor_reached":23,"playtime":836,"items_purged":["Strike_G"],"score":402,"play_id":"d9e4ac50-d585-4045-afb1-6f1064d58d3b","local_time":"20181226173356","is_ascension_mode":true,"campfire_choices":[{"data":"Dagger Spray","floor":6.0,"key":"SMITH"},{"data":"Neutralize","floor":10.0,"key":"SMITH"},{"floor":15.0,"key":"REST"}],"neow_cost":"NO_GOLD","seed_source_timestamp":3490956467594,"circlet_count":0,"master_deck":["AscendersBane","Defend_G","Defend_G","Defend_G","Defend_G","Strike_G+1","Strike_G","Strike_G","Survivor+1","Neutralize+1","Footwork","Dagger Spray+1","Deflect","Burst","Slice","Blade Dance+1","After Image","Calculated Gamble","Finisher"],"special_seed":0,"relics":["Ring of the Snake","Shuriken","Bag of Preparation","Potion Belt","WristBlade"],"potions_floor_usage":[23],"damage_taken":[{"damage":0.0,"enemies":"Jaw Worm","floor":1.0,"turns":7.0},{"damage":4.0,"enemies":"Small Slimes","floor":2.0,"turns":5.0},{"damage":0.0,"enemies":"Cultist","floor":3.0,"turns":4.0},{"damage":3.0,"enemies":"Looter","floor":4.0,"turns":5.0},{"damage":29.0,"enemies":"Lagavulin","floor":7.0,"turns":10.0},{"damage":0.0,"enemies":"Gremlin Gang","floor":11.0,"turns":2.0},{"damage":19.0,"enemies":"3 Sentries","floor":13.0,"turns":8.0},{"damage":21.0,"enemies":"Slime Boss","floor":16.0,"turns":9.0},{"damage":11.0,"enemies":"Shell Parasite","floor":18.0,"turns":4.0},{"damage":0.0,"enemies":"Chosen","floor":19.0,"turns":3.0},{"damage":0.0,"enemies":"Snake Plant","floor":20.0,"turns":1.0},{"damage":23,"enemies":"Gremlin Leader","floor":23,"turns":3}],"seed_played":"-2328345208627667122","potions_obtained":[{"floor":1.0,"key":"EntropicBrew"},{"floor":3.0,"key":"Dexterity Potion"},{"floor":7.0,"key":"AttackPotion"},{"floor":13.0,"key":"AttackPotion"},{"floor":19.0,"key":"Fire Potion"}],"is_trial":false,"path_per_floor":["M","M","M","M","?","R","E","?","T","R","M","$","E","?","R","B",null,"M","M","M","?","?","E"],"character_chosen":"THE_SILENT","items_purchased":["Slice"],"campfire_rested":1,"item_purchase_floors":[12],"current_hp_per_floor":[59,55,55,52,32,32,3,25,25,25,25,25,6,6,25,4,51,40,40,40,40,16,0],"gold":457,"neow_bonus":"REMOVE_TWO","is_prod":false,"is_daily":false,"chose_seed":false,"campfire_upgraded":2,"win_rate":0,"timestamp":1545816836,"path_taken":["M","M","M","M","?","R","E","?","T","R","M","$","E","?","R","BOSS","M","M","M","?","?","E"],"build_version":"2018-12-20","purchased_purges":1,"victory":false,"max_hp_per_floor":[66,66,66,66,66,66,66,66,66,66,66,66,66,66,66,66,66,66,66,66,66,66,66],"card_choices":[{"not_picked":["Predator","Flying Knee"],"picked":"Footwork","floor":1.0},{"not_picked":["Concentrate","Blade Dance","PiercingWail"],"picked":"SKIP","floor":2.0},{"not_picked":["Sucker Punch","Deflect"],"picked":"Dagger Spray","floor":3.0},{"not_picked":["Deflect","Backflip","Quick Slash"],"picked":"SKIP","floor":4.0},{"not_picked":["Backflip","Quick Slash"],"picked":"Deflect","floor":4.0},{"not_picked":["Bane","Distraction","Noxious Fumes"],"picked":"SKIP","floor":7.0},{"not_picked":["Leg Sweep","Burst","Flying Knee"],"picked":"SKIP","floor":11.0},{"not_picked":["Leg Sweep","Flying Knee"],"picked":"Burst","floor":11.0},{"not_picked":["Deflect","Quick Slash"],"picked":"Blade Dance","floor":13.0},{"not_picked":["Glass Knife","Venomology"],"picked":"After Image","floor":16.0},{"not_picked":["Predator","Flying Knee"],"picked":"Calculated Gamble","floor":18.0},{"not_picked":["Backflip","PiercingWail"],"picked":"Finisher","floor":19.0}],"player_experience":2451556,"relics_obtained":[{"floor":7.0,"key":"Shuriken"},{"floor":9.0,"key":"Bag of Preparation"},{"floor":13.0,"key":"Potion Belt"}],"event_choices":[{"damage_healed":0.0,"max_hp_gain":0.0,"max_hp_loss":0.0,"gold_gain":0.0,"event_name":"Shining Light","player_choice":"Entered Light","floor":5.0,"gold_loss":0.0,"damage_taken":20.0,"cards_upgraded":["Strike_G","Survivor"]},{"damage_healed":22.0,"max_hp_gain":0.0,"max_hp_loss":0.0,"gold_gain":0.0,"event_name":"Big Fish","player_choice":"Banana","floor":8.0,"gold_loss":0.0,"damage_taken":0.0},{"damage_healed":0.0,"max_hp_gain":0.0,"max_hp_loss":0.0,"gold_gain":0.0,"event_name":"Accursed Blacksmith","player_choice":"Forge","floor":14.0,"gold_loss":0.0,"damage_taken":0.0,"cards_upgraded":["Blade Dance"]},{"damage_healed":0.0,"max_hp_gain":0.0,"max_hp_loss":0.0,"gold_gain":0.0,"event_name":"The Mausoleum","player_choice":"Ignored","floor":21.0,"gold_loss":0.0,"damage_taken":0.0},{"damage_healed":0.0,"max_hp_gain":0.0,"max_hp_loss":0.0,"gold_gain":270.0,"event_name":"Knowing Skull","player_choice":"GOLD GOLD GOLD ","floor":22.0,"potions_obtained":[],"gold_loss":0.0,"damage_taken":24.0,"cards_obtained":[]}],"is_beta":false,"boss_relics":[{"not_picked":["Tiny House","Eternal Feather"],"picked":"WristBlade"}],"items_purged_floors":[12],"is_endless":false,"potions_floor_spawned":[1,3,7,13,19],"killed_by":"Gremlin Leader","ascension_level":20}