{"gold_per_floor":[116,128,80,80,80,80,109,126,152,15,15,40,40,50,50,121,121,134,134,154,0,14,49,59,89,162,193,83,133,163,183,183,259,259,269,194,208,162,174,201,214,244,274,298,310,322,369,397,409,421],"floor_reached":51,"playtime":2600,"items_purged":["Strike_R"],"score":1494,"play_id":"716b8213-1dd6-4b8f-8f76-d66145974bb3","local_time":"20181022171311","is_ascension_mode":true,"campfire_choices":[{"data":"Bash","floor":6.0,"key":"SMITH"},{"data":"Discovery","floor":11.0,"key":"SMITH"},{"data":"Corruption","floor":15.0,"key":"SMITH"},{"floor":32,"key":"REST"},{"data":"True Grit","floor":46,"key":"SMITH"},{"data":"Feel No Pain","floor":49,"key":"SMITH"}],"neow_cost":"NONE","seed_source_timestamp":31804067943551,"circlet_count":0,"master_deck":["Strike_R","Strike_R","Defend_R","Defend_R","Defend_R","Defend_R","Bash+1","AscendersBane","True Grit+1","Twin Strike","Power Through+1","Corruption+1","Shrug It Off","Anger","Discovery+1","Exhume","Offering","Clothesline","True Grit+1","Fiend Fire","Twin Strike+1","Demon Form","Sentinel+1","Reaper+1","Heavy Blade+1","Shockwave","Headbutt+1","Feel No Pain+1","Sword Boomerang+1","Entrench+1","Uppercut+1","Body Slam+1"],"special_seed":0,"relics":["Burning Blood","Centennial Puzzle","PreservedInsect","Red Skull","Unceasing Top","Snecko Eye","Strawberry","Regal Pillow","Du-Vu Doll","Molten Egg 2","Ornamental Fan","Matryoshka","Sozu","Mummified Hand","Vajra","MawBank","Tiny Chest","Dead Branch","Meat on the Bone"],"potions_floor_usage":[25,30,50],"damage_taken":[{"damage":1.0,"enemies":"Cultist","floor":1.0,"turns":3.0},{"damage":5.0,"enemies":"2 Louse","floor":2.0,"turns":3.0},{"damage":31.0,"enemies":"Lagavulin","floor":7.0,"turns":7.0},{"damage":1.0,"enemies":"Jaw Worm","floor":8.0,"turns":6.0},{"damage":5.0,"enemies":"3 Sentries","floor":12.0,"turns":6.0},{"damage":2.0,"enemies":"2 Fungi Beasts","floor":14.0,"turns":4.0},{"damage":28.0,"enemies":"Slime Boss","floor":16.0,"turns":6.0},{"damage":10.0,"enemies":"3 Byrds","floor":18.0,"turns":7.0},{"damage":6.0,"enemies":"Shell Parasite","floor":20.0,"turns":2.0},{"damage":6.0,"enemies":"Centurion and Healer","floor":22.0,"turns":5.0},{"damage":6.0,"enemies":"Slavers","floor":23.0,"turns":5.0},{"damage":6.0,"enemies":"Shelled Parasite and Fungi","floor":24.0,"turns":5.0},{"damage":20,"enemies":"Book of Stabbing","floor":25,"turns":4},{"damage":22,"enemies":"Slavers","floor":27,"turns":3},{"damage":6,"enemies":"Book of Stabbing","floor":30,"turns":3},{"damage":0,"enemies":"Snake Plant","floor":31,"turns":2},{"damage":62,"enemies":"Collector","floor":33,"turns":8},{"damage":6,"enemies":"3 Darklings","floor":35,"turns":8},{"damage":2,"enemies":"3 Shapes","floor":37,"turns":6},{"damage":25,"enemies":"Transient","floor":39,"turns":5},{"damage":10,"enemies":"Reptomancer","floor":40,"turns":3},{"damage":1,"enemies":"Writhing Mass","floor":41,"turns":4},{"damage":1,"enemies":"Nemesis","floor":42,"turns":5},{"damage":14,"enemies":"Jaw Worm Horde","floor":44,"turns":3},{"damage":31,"enemies":"Mind Bloom Boss Battle","floor":45,"turns":6},{"damage":5,"enemies":"Giant Head","floor":47,"turns":4},{"damage":1,"enemies":"4 Shapes","floor":48,"turns":5},{"damage":13,"enemies":"Awakened One","floor":50,"turns":5}],"seed_played":"-8533063280529303632","potions_obtained":[{"floor":7.0,"key":"AttackPotion"},{"floor":8.0,"key":"Strength Potion"},{"floor":16.0,"key":"PowerPotion"},{"floor":24.0,"key":"Dexterity Potion"},{"floor":27,"key":"PowerPotion"}],"is_trial":false,"path_per_floor":["M","M","$","?","?","R","E","M","T","$","R","E","?","M","R","B",null,"M","?","M","$","M","E","M","E","T","E","?","?","E","M","R","B",null,"M","$","M","$","M","E","M","E","T","M","?","R","E","M","R","B"],"character_chosen":"IRONCLAD","items_purchased":["Strength Potion","Anger","Discovery","Strawberry","Headbutt+1"],"campfire_rested":1,"item_purchase_floors":[3,10,10,21,38],"current_hp_per_floor":[73,74,74,74,74,74,49,54,54,54,54,55,55,59,59,37,66,62,41,41,48,48,48,48,34,34,18,18,18,18,24,65,9,68,82,82,87,87,86,87,87,87,87,87,87,87,87,87,87,87],"gold":433,"neow_bonus":"RANDOM_COMMON_RELIC","is_prod":false,"is_daily":false,"chose_seed":false,"campfire_upgraded":5,"win_rate":0,"timestamp":1540253591,"path_taken":["M","M","?","?","?","R","E","M","T","$","R","E","?","M","R","BOSS","M","?","M","$","M","E","M","E","T","E","?","?","E","M","R","BOSS","M","$","M","$","M","E","M","E","T","M","?","R","E","M","R","BOSS"],"build_version":"2018-10-18","purchased_purges":1,"victory":true,"max_hp_per_floor":[75,75,75,75,75,75,75,75,75,75,75,75,75,75,75,75,75,75,80,80,87,87,87,87,87,87,87,87,87,87,87,87,87,87,87,87,87,87,87,87,87,87,87,87,87,87,87,87,87,87],"card_choices":[{"not_picked":["Body Slam","Rage"],"picked":"True Grit","floor":1.0},{"not_picked":["Flex","Sentinel"],"picked":"Twin Strike","floor":2.0},{"not_picked":["Berserk","Clash"],"picked":"Corruption","floor":7.0},{"not_picked":["Ghostly Armor","Heavy Blade"],"picked":"Shrug It Off","floor":8.0},{"not_picked":["Cleave","Rupture"],"picked":"Exhume","floor":12.0},{"not_picked":["Heavy Blade","Havoc","Perfected Strike"],"picked":"SKIP","floor":14.0},{"not_picked":["Barricade","Reaper"],"picked":"Offering","floor":16.0},{"not_picked":["Hemokinesis+1","Cleave"],"picked":"Clothesline","floor":18.0},{"not_picked":["Inflame","Flex"],"picked":"True Grit","floor":20.0},{"not_picked":["Body Slam","Sever Soul+1","Second Wind"],"picked":"SKIP","floor":22.0},{"not_picked":["Twin Strike","Iron Wave","Flex"],"picked":"SKIP","floor":23.0},{"not_picked":["Clash","Evolve"],"picked":"Fiend Fire","floor":24.0},{"not_picked":["Dual Wield","Wild Strike"],"picked":"Twin Strike+1","floor":25},{"not_picked":["Rage","Dropkick+1","Flex"],"picked":"SKIP","floor":27},{"not_picked":["Intimidate","Shrug It Off"],"picked":"Demon Form","floor":30},{"not_picked":["Cleave+1","Warcry"],"picked":"Sentinel+1","floor":31},{"not_picked":["Juggernaut","Fiend Fire+1"],"picked":"Reaper+1","floor":33},{"not_picked":["Pummel+1","Clothesline+1"],"picked":"Heavy Blade+1","floor":35},{"not_picked":["Anger+1","Flex"],"picked":"Shockwave","floor":37},{"not_picked":["Flex","Thunderclap+1","Twin Strike+1"],"picked":"SKIP","floor":39},{"not_picked":["Exhume","Hemokinesis+1"],"picked":"Feel No Pain","floor":40},{"not_picked":["Iron Wave+1","Whirlwind+1"],"picked":"Sword Boomerang+1","floor":41},{"not_picked":["Clothesline+1","True Grit"],"picked":"Entrench+1","floor":42},{"not_picked":["Sever Soul+1","Twin Strike+1"],"picked":"Uppercut+1","floor":44},{"not_picked":["Immolate+1","Cleave+1"],"picked":"Body Slam+1","floor":47},{"not_picked":["Clash+1","Perfected Strike+1","Body Slam+1"],"picked":"SKIP","floor":48}],"player_experience":1428001,"relics_obtained":[{"floor":7.0,"key":"PreservedInsect"},{"floor":9.0,"key":"Red Skull"},{"floor":12.0,"key":"Unceasing Top"},{"floor":23.0,"key":"Regal Pillow"},{"floor":25,"key":"Du-Vu Doll"},{"floor":26,"key":"Molten Egg 2"},{"floor":27,"key":"Ornamental Fan"},{"floor":30,"key":"Matryoshka"},{"floor":40,"key":"Mummified Hand"},{"floor":42,"key":"Vajra"},{"floor":43,"key":"MawBank"},{"floor":43,"key":"Tiny Chest"},{"floor":45,"key":"Dead Branch"},{"floor":47,"key":"Meat on the Bone"}],"event_choices":[{"damage_healed":0.0,"max_hp_gain":0.0,"max_hp_loss":0.0,"gold_gain":0.0,"event_name":"The Cleric","player_choice":"Leave","floor":4.0,"gold_loss":0.0,"damage_taken":0.0},{"damage_healed":0.0,"max_hp_gain":0.0,"max_hp_loss":0.0,"gold_gain":0.0,"cards_transformed":["Strike_R"],"event_name":"Transmorgrifier","player_choice":"Transformed","floor":5.0,"gold_loss":0.0,"damage_taken":0.0,"cards_obtained":["Power Through"]},{"damage_healed":0.0,"max_hp_gain":0.0,"max_hp_loss":0.0,"gold_gain":0.0,"event_name":"Upgrade Shrine","player_choice":"Upgraded","floor":13.0,"gold_loss":0.0,"damage_taken":0.0,"cards_upgraded":["True Grit"]},{"damage_healed":0.0,"max_hp_gain":5.0,"max_hp_loss":0.0,"gold_gain":0.0,"event_name":"Forgotten Altar","player_choice":"Shed Blood","floor":19.0,"gold_loss":0.0,"damage_taken":26.0},{"cards_removed":["Strike_R"],"damage_healed":0,"gold_gain":0,"player_choice":"Upgrade and Remove","damage_taken":0,"max_hp_gain":0,"max_hp_loss":0,"event_name":"Designer","floor":28,"gold_loss":110,"cards_upgraded":["Power Through"]},{"damage_healed":0,"gold_gain":50,"player_choice":"Stole From Cult","damage_taken":0,"max_hp_gain":0,"max_hp_loss":0,"event_name":"Nest","floor":29,"gold_loss":0},{"damage_healed":0,"gold_gain":0,"player_choice":"Fight","damage_taken":0,"max_hp_gain":0,"max_hp_loss":0,"event_name":"MindBloom","floor":45,"gold_loss":0}],"is_beta":false,"boss_relics":[{"not_picked":["Velvet Choker","Fusion Hammer"],"picked":"Snecko Eye"},{"not_picked":["Coffee Dripper","Runic Pyramid"],"picked":"Sozu"}],"items_purged_floors":[36],"is_endless":false,"potions_floor_spawned":[7,8,12,14,16,18,20,22,24,27,35,37,42,44,45],"ascension_level":15}