{"gold_per_floor":[115,16,16,16,28,28,55,55,55,55,65,76,91,111,111,111],"floor_reached":16,"playtime":471,"items_purged":["Strike_G"],"score":254,"play_id":"addedecb-f465-4981-bb36-307cc68dfde1","local_time":"20190407182126","is_ascension_mode":true,"campfire_choices":[{"data":"Cloak And Dagger","floor":6.0,"key":"SMITH"},{"data":"Blade Dance","floor":8.0,"key":"SMITH"},{"data":"All Out Attack","floor":15,"key":"SMITH"}],"neow_cost":"NONE","seed_source_timestamp":24263489373100,"circlet_count":0,"master_deck":["AscendersBane","Defend_G","Defend_G","Defend_G","Defend_G","Defend_G","Strike_G","Strike_G","Strike_G","Strike_G","Survivor","Neutralize+1","Cloak And Dagger+1","Blade Dance+1","Infinite Blades","All Out Attack+1"],"special_seed":0,"relics":["Ring of the Snake","NeowsBlessing","Juzu Bracelet","Pen Nib"],"potions_floor_usage":[16,16],"damage_taken":[{"damage":0.0,"enemies":"2 Louse","floor":1.0,"turns":1.0},{"damage":0.0,"enemies":"Cultist","floor":5.0,"turns":1.0},{"damage":0.0,"enemies":"Lagavulin","floor":7.0,"turns":2.0},{"damage":0,"enemies":"Small Slimes","floor":11,"turns":3},{"damage":4,"enemies":"Gremlin Gang","floor":12,"turns":4},{"damage":0,"enemies":"Red Slaver","floor":13,"turns":3},{"damage":11,"enemies":"Large Slime","floor":14,"turns":5},{"damage":52,"enemies":"Slime Boss","floor":16,"turns":8}],"seed_played":"-9043490515382206830","potions_obtained":[{"floor":7.0,"key":"LiquidBronze"},{"floor":13,"key":"Weak Potion"}],"is_trial":false,"path_per_floor":["M","$","?","?","M","R","E","R","T","?","M","M","M","M","R","B"],"character_chosen":"THE_SILENT","items_purchased":["Blade Dance"],"campfire_rested":0,"item_purchase_floors":[2],"current_hp_per_floor":[59,59,59,66,66,66,66,66,66,66,66,62,62,51,51,0],"gold":111,"neow_bonus":"THREE_ENEMY_KILL","is_prod":false,"is_daily":false,"chose_seed":false,"campfire_upgraded":3,"win_rate":0,"timestamp":1554632486,"path_taken":["M","$","?","?","M","R","E","R","T","?","M","M","M","M","R","BOSS"],"build_version":"2019-04-04","purchased_purges":1,"victory":false,"max_hp_per_floor":[66,66,66,66,66,66,66,66,66,66,66,66,66,66,66,66],"card_choices":[{"not_picked":["Underhanded Strike","Acrobatics"],"picked":"Cloak And Dagger","floor":1.0},{"not_picked":["Bane","Flying Knee","All Out Attack"],"picked":"SKIP","floor":5.0},{"not_picked":["Caltrops","Tactician","Setup"],"picked":"SKIP","floor":7.0},{"not_picked":["Noxious Fumes","Sucker Punch","Slice"],"picked":"SKIP","floor":11},{"not_picked":["Noxious Fumes","Sucker Punch","Slice"],"picked":"SKIP","floor":11},{"not_picked":["Noxious Fumes","Sucker Punch","Slice"],"picked":"SKIP","floor":11},{"not_picked":["Sucker Punch","Slice"],"picked":"Infinite Blades","floor":12},{"not_picked":["Backflip","Eviscerate"],"picked":"All Out Attack","floor":13},{"not_picked":["Dagger Spray","Wraith Form v2","Prepared"],"picked":"SKIP","floor":14}],"player_experience":1341993,"relics_obtained":[{"floor":7.0,"key":"Juzu Bracelet"},{"floor":9.0,"key":"Pen Nib"}],"event_choices":[{"damage_healed":0.0,"max_hp_gain":0.0,"max_hp_loss":0.0,"gold_gain":0.0,"event_name":"Liars Game","player_choice":"Ignored","floor":3.0,"gold_loss":0.0,"damage_taken":0.0},{"damage_healed":7.0,"max_hp_gain":0.0,"max_hp_loss":0.0,"gold_gain":0.0,"event_name":"Wheel of Change","player_choice":"Full Heal","floor":4.0,"gold_loss":0.0,"damage_taken":0.0},{"damage_healed":0,"gold_gain":0,"player_choice":"Forge","damage_taken":0,"max_hp_gain":0,"max_hp_loss":0,"event_name":"Accursed Blacksmith","floor":10,"gold_loss":0,"cards_upgraded":["Neutralize"]}],"is_beta":true,"boss_relics":[],"items_purged_floors":[2],"is_endless":false,"potions_floor_spawned":[7,13,14],"killed_by":"Slime Boss","ascension_level":20}