{"gold_per_floor":[116,133,149,160,5,5,5,5,5,34,109,144,294,307,307,382,382,394,394,410,111,125,125,155,155,155,181,193,26,26,53,53,129,129,143,155,168,180,49,78,78,78,105,105,138,150,150,170,170,170,170],"floor_reached":52,"playtime":2721,"items_purged":["Strike_R","Strike_R","Doubt"],"score":2531,"play_id":"8db99186-40db-4fb7-b12f-72d595c15787","local_time":"20181019220116","is_ascension_mode":true,"campfire_choices":[{"data":"Corruption","floor":6.0,"key":"SMITH"},{"data":"Bash","floor":8.0,"key":"SMITH"},{"data":"Feel No Pain","floor":15.0,"key":"SMITH"},{"floor":23.0,"key":"REST"},{"floor":25.0,"key":"REST"},{"data":"Strike_R","floor":28.0,"key":"PURGE"},{"floor":32,"key":"REST"},{"data":"Strike_R","floor":41,"key":"PURGE"},{"data":"Twin Strike","floor":49,"key":"PURGE"}],"neow_cost":"","seed_source_timestamp":45593532705911,"circlet_count":0,"master_deck":["Defend_R","Defend_R","Defend_R","Defend_R","Bash+1","AscendersBane","Iron Wave","Corruption+1","Second Wind+1","Feel No Pain+1","Havoc","Rage","Limit Break","True Grit","Shrug It Off","Armaments","Armaments","Shockwave","Shrug It Off","Impervious","Limit Break","Armaments+1","Sever Soul+1","Shockwave","Intimidate","Feel No Pain+1","Sentinel","Shrug It Off"],"special_seed":0,"relics":["Burning Blood","Dead Branch","Peace Pipe","Turnip","Black Star","Nilry\u0027s Codex","Potion Belt","Bottled Tornado","Frozen Egg 2","Kunai","Vajra","MawBank","Letter Opener","The Courier","Molten Egg 2","Runic Dome","Unceasing Top","FossilizedHelix","Orichalcum","Shuriken","Mercury Hourglass"],"potions_floor_usage":[51],"damage_taken":[{"damage":6.0,"enemies":"Cultist","floor":1.0,"turns":3.0},{"damage":19.0,"enemies":"Jaw Worm","floor":2.0,"turns":4.0},{"damage":6.0,"enemies":"Small Slimes","floor":3.0,"turns":4.0},{"damage":15.0,"enemies":"Looter","floor":4.0,"turns":4.0},{"damage":2.0,"enemies":"Lagavulin","floor":10.0,"turns":5.0},{"damage":27.0,"enemies":"Gremlin Nob","floor":12.0,"turns":4.0},{"damage":5.0,"enemies":"3 Louse","floor":14.0,"turns":2.0},{"damage":16.0,"enemies":"Hexaghost","floor":16.0,"turns":11.0},{"damage":13.0,"enemies":"Chosen","floor":18.0,"turns":8.0},{"damage":16.0,"enemies":"Shell Parasite","floor":20.0,"turns":6.0},{"damage":0.0,"enemies":"3 Cultists","floor":22.0,"turns":3.0},{"damage":38.0,"enemies":"Slavers","floor":24.0,"turns":6.0},{"damage":14.0,"enemies":"Book of Stabbing","floor":27.0,"turns":3.0},{"damage":9,"enemies":"Slavers","floor":31,"turns":2},{"damage":0,"enemies":"Automaton","floor":33,"turns":5},{"damage":0,"enemies":"Orb Walker","floor":35,"turns":2},{"damage":6,"enemies":"3 Darklings","floor":36,"turns":2},{"damage":3,"enemies":"Spire Growth","floor":37,"turns":2},{"damage":0,"enemies":"Maw","floor":38,"turns":3},{"damage":0,"enemies":"Giant Head","floor":40,"turns":1},{"damage":0,"enemies":"Nemesis","floor":45,"turns":5},{"damage":0,"enemies":"Sphere and 2 Shapes","floor":46,"turns":3},{"damage":0,"enemies":"Transient","floor":48,"turns":4},{"damage":0,"enemies":"Awakened One","floor":50,"turns":6},{"damage":0,"enemies":"Time Eater","floor":51,"turns":4}],"seed_played":"1121788936378083656","potions_obtained":[{"floor":2.0,"key":"SteroidPotion"},{"floor":12.0,"key":"FairyPotion"},{"floor":22.0,"key":"Strength Potion"},{"floor":31,"key":"Regen Potion"},{"floor":33,"key":"Explosive Potion"}],"is_trial":true,"path_per_floor":["M","M","M","M","$","R","?","R","T","E","?","E","?","M","R","B",null,"M","?","M","$","M","R","E","R","T","E","R","$","T","E","R","B",null,"M","M","M","M","$","E","R","$","T","?","E","M","$","M","R","B","B"],"character_chosen":"IRONCLAD","items_purchased":["Second Wind","Armaments","Potion Belt","Shrug It Off","Feel No Pain+1","Sentinel"],"campfire_rested":3,"item_purchase_floors":[5,21,21,29,39,39],"current_hp_per_floor":[68,55,55,46,46,46,46,46,46,50,39,18,18,19,19,9,59,52,31,21,21,27,49,17,39,39,31,31,31,31,28,50,56,70,75,75,75,75,75,75,75,75,75,75,75,75,75,75,75,75,75],"gold":170,"neow_bonus":"","is_prod":false,"is_daily":false,"chose_seed":true,"campfire_upgraded":3,"win_rate":0,"timestamp":1540011676,"path_taken":["M","M","M","M","$","R","?","R","T","E","?","E","?","?","R","BOSS","M","?","M","?","M","R","E","R","T","E","R","$","?","E","R","BOSS","M","M","M","?","$","E","R","?","T","?","E","M","?","M","R","BOSS","BOSS"],"build_version":"2018-10-18","purchased_purges":3,"victory":true,"max_hp_per_floor":[75,75,75,75,75,75,75,75,75,75,75,75,75,75,75,75,75,75,75,75,75,75,75,75,75,75,75,75,75,75,75,75,75,75,75,75,75,75,75,75,75,75,75,75,75,75,75,75,75,75,75],"card_choices":[{"not_picked":["Heavy Blade","Rupture","Clash"],"picked":"SKIP","floor":1.0},{"not_picked":["Thunderclap","Wild Strike"],"picked":"Iron Wave","floor":2.0},{"not_picked":["Warcry","Headbutt"],"picked":"Twin Strike","floor":3.0},{"not_picked":["Entrench","Flame Barrier"],"picked":"Corruption","floor":4.0},{"not_picked":["Disarm","Searing Blow"],"picked":"Feel No Pain","floor":10.0},{"not_picked":["Sword Boomerang","Pommel Strike"],"picked":"Havoc","floor":12.0},{"not_picked":["Metallicize","Immolate"],"picked":"Rage","floor":14.0},{"not_picked":["Barricade","Reaper"],"picked":"Limit Break","floor":16.0},{"not_picked":["Inflame","Clash"],"picked":"True Grit","floor":18.0},{"not_picked":["Twin Strike","Ghostly Armor"],"picked":"Shrug It Off","floor":20.0},{"not_picked":["Combust","Heavy Blade+1"],"picked":"Armaments","floor":22.0},{"not_picked":["Thunderclap","Body Slam","Double Tap"],"picked":"SKIP","floor":24.0},{"not_picked":["Pommel Strike+1","Bloodletting"],"picked":"Shockwave","floor":27.0},{"not_picked":["Seeing Red","Bloodletting"],"picked":"Impervious","floor":31},{"not_picked":["Berserk+1","Offering"],"picked":"Limit Break","floor":33},{"not_picked":["True Grit","Intimidate+1"],"picked":"Armaments+1","floor":35},{"not_picked":["Sword Boomerang+1","Iron Wave+1"],"picked":"Sever Soul+1","floor":36},{"not_picked":["Carnage+1","Reckless Charge+1"],"picked":"Shockwave","floor":37},{"not_picked":["Headbutt+1","Perfected Strike+1"],"picked":"Intimidate","floor":38},{"not_picked":["Clothesline+1","Rage"],"picked":"Shrug It Off","floor":40},{"not_picked":["Corruption+1","Anger+1","Clash+1"],"picked":"SKIP","floor":45},{"not_picked":["Anger+1","Heavy Blade+1","Clothesline+1"],"picked":"SKIP","floor":46},{"not_picked":["Perfected Strike+1","Pommel Strike+1","Rage"],"picked":"SKIP","floor":48}],"player_experience":1400250,"relics_obtained":[{"floor":9.0,"key":"Dead Branch"},{"floor":10.0,"key":"Peace Pipe"},{"floor":12.0,"key":"Turnip"},{"floor":19.0,"key":"Nilry\u0027s Codex"},{"floor":24.0,"key":"Bottled Tornado"},{"floor":24.0,"key":"Frozen Egg 2"},{"floor":26.0,"key":"Kunai"},{"floor":27.0,"key":"Vajra"},{"floor":27.0,"key":"MawBank"},{"floor":30,"key":"Letter Opener"},{"floor":31,"key":"The Courier"},{"floor":31,"key":"Molten Egg 2"},{"floor":40,"key":"Unceasing Top"},{"floor":40,"key":"FossilizedHelix"},{"floor":43,"key":"Orichalcum"},{"floor":45,"key":"Shuriken"},{"floor":45,"key":"Mercury Hourglass"}],"event_choices":[{"damage_healed":0.0,"max_hp_gain":0.0,"max_hp_loss":0.0,"gold_gain":0.0,"event_name":"Accursed Blacksmith","player_choice":"Forge","floor":7.0,"gold_loss":0.0,"damage_taken":0.0,"cards_upgraded":["Second Wind"]},{"damage_healed":0.0,"max_hp_gain":0.0,"max_hp_loss":0.0,"gold_gain":75.0,"event_name":"World of Goop","player_choice":"Gather Gold","floor":11.0,"gold_loss":0.0,"damage_taken":11.0},{"damage_healed":0.0,"max_hp_gain":0.0,"max_hp_loss":0.0,"gold_gain":150.0,"event_name":"Liars Game","player_choice":"AGREE","floor":13.0,"gold_loss":0.0,"damage_taken":0.0,"cards_obtained":["Doubt"]},{"damage_healed":0.0,"max_hp_gain":0.0,"max_hp_loss":0.0,"gold_gain":0.0,"event_name":"Cursed Tome","player_choice":"Obtained Book","floor":19.0,"gold_loss":0.0,"damage_taken":21.0},{"cards_removed":["Strike_R"],"damage_healed":0,"gold_gain":0,"player_choice":"Purged","damage_taken":0,"max_hp_gain":0,"max_hp_loss":0,"event_name":"Purifier","floor":44,"gold_loss":0}],"is_beta":false,"boss_relics":[{"not_picked":["Runic Cube","Black Blood"],"picked":"Black Star"},{"not_picked":["Orrery","Empty Cage"],"picked":"Runic Dome"}],"items_purged_floors":[5,21,29],"is_endless":false,"potions_floor_spawned":[2,12,22,31,33,35,36,48],"ascension_level":20}