{"gold_per_floor":[114,114,114,131,141,168,168,82,82,82,99,65,80,80,80,177,177,197,85,98,98,133,179,191],"floor_reached":24,"playtime":1682,"items_purged":["Pain"],"score":235,"play_id":"785940c1-df31-4b00-a3c7-46f4bc348370","local_time":"20190106230124","is_ascension_mode":true,"campfire_choices":[{"floor":7,"key":"REST"},{"floor":10,"key":"REST"},{"floor":15,"key":"REST"}],"neow_cost":"NONE","seed_source_timestamp":38597647474126,"circlet_count":0,"master_deck":["Strike_B","Strike_B","Strike_B","Strike_B","Defend_B","Defend_B","Defend_B","Defend_B","Zap","Dualcast","Tempest","Defragment","Hello World","Conserve Battery","Panacea","Auto Shields","Doom and Gloom","Core Surge","Ball Lightning","Sunder","Conserve Battery+1","Writhe","Beam Cell+1"],"relics":["Cracked Core","Potion Belt","Turnip","Bottled Tornado","Meat on the Bone","WarpedTongs","Nuclear Battery","MawBank","Orichalcum","Blue Candle"],"potions_floor_usage":[23,23],"damage_taken":[{"damage":0,"enemies":"2 Louse","floor":1,"turns":2},{"damage":2,"enemies":"Jaw Worm","floor":4,"turns":3},{"damage":4,"enemies":"Small Slimes","floor":5,"turns":3},{"damage":23,"enemies":"Lagavulin","floor":6,"turns":6},{"damage":15,"enemies":"Exordium Thugs","floor":11,"turns":6},{"damage":5,"enemies":"Exordium Wildlife","floor":13,"turns":5},{"damage":45,"enemies":"Hexaghost","floor":16,"turns":10},{"damage":14,"enemies":"3 Byrds","floor":18,"turns":5},{"damage":16,"enemies":"Shell Parasite","floor":20,"turns":4},{"damage":26,"enemies":"Book of Stabbing","floor":23,"turns":5},{"damage":34,"enemies":"Centurion and Healer","floor":24,"turns":4}],"seed_played":"286528497265915568","potions_obtained":[{"floor":6,"key":"Poison Potion"},{"floor":13,"key":"Explosive Potion"},{"floor":23,"key":"Dexterity Potion"}],"is_trial":false,"path_per_floor":["M","?","?","M","M","E","R","$","T","R","M","$","M","?","R","B",null,"M","$","M","?","T","E","M"],"character_chosen":"DEFECT","items_purchased":["Panacea","Doom and Gloom","Sunder"],"campfire_rested":3,"item_purchase_floors":[8,12,19],"current_hp_per_floor":[75,75,42,40,36,13,35,35,35,57,42,42,49,49,71,38,75,61,61,45,45,45,31,0],"gold":191,"neow_bonus":"RANDOM_COMMON_RELIC","is_prod":false,"is_daily":false,"chose_seed":false,"campfire_upgraded":0,"win_rate":0,"timestamp":1546815684,"path_taken":["M","?","?","M","?","E","R","$","T","R","M","$","M","?","R","BOSS","M","$","M","?","?","E","M"],"build_version":"2019-01-03v4","purchased_purges":1,"victory":false,"max_hp_per_floor":[75,75,75,75,75,75,75,75,75,75,75,75,75,75,75,75,75,75,75,75,75,75,75,75],"card_choices":[{"not_picked":["Stack","Cold Snap"],"picked":"Tempest","floor":1},{"not_picked":["Rebound","Blizzard"],"picked":"Defragment","floor":4},{"not_picked":["Go for the Eyes","Coolheaded"],"picked":"Hello World","floor":5},{"not_picked":["Gash","Coolheaded"],"picked":"Conserve Battery","floor":6},{"not_picked":["Recycle","Go for the Eyes"],"picked":"Auto Shields","floor":11},{"not_picked":["Scrape","Gash","Recycle"],"picked":"SKIP","floor":13},{"not_picked":["Thunder Strike","Creative AI"],"picked":"Core Surge","floor":16},{"not_picked":["Turbo","Barrage"],"picked":"Ball Lightning","floor":18},{"not_picked":["Gash","Go for the Eyes+1"],"picked":"Conserve Battery+1","floor":20},{"not_picked":["Sweeping Beam","Compile Driver"],"picked":"Beam Cell+1","floor":23}],"player_experience":367998,"relics_obtained":[{"floor":6,"key":"Bottled Tornado"},{"floor":9,"key":"Meat on the Bone"},{"floor":22,"key":"Orichalcum"},{"floor":23,"key":"Blue Candle"}],"event_choices":[{"damage_healed":0,"gold_gain":0,"player_choice":"Ignored","damage_taken":0,"max_hp_gain":0,"max_hp_loss":0,"event_name":"Golden Wing","floor":2,"gold_loss":0},{"damage_healed":0,"gold_gain":0,"player_choice":"Success","damage_taken":33,"relics_obtained":["Turnip"],"max_hp_gain":0,"max_hp_loss":0,"event_name":"Scrap Ooze","floor":3,"gold_loss":0},{"damage_healed":0,"gold_gain":0,"player_choice":"Rummage","damage_taken":0,"relics_obtained":["WarpedTongs"],"max_hp_gain":0,"max_hp_loss":0,"event_name":"Accursed Blacksmith","floor":14,"gold_loss":0,"cards_obtained":["Pain"]},{"damage_healed":0,"gold_gain":0,"player_choice":"Opened","damage_taken":0,"relics_obtained":["MawBank"],"max_hp_gain":0,"max_hp_loss":0,"event_name":"The Mausoleum","floor":21,"gold_loss":0,"cards_obtained":["Writhe"]}],"is_beta":false,"boss_relics":[{"not_picked":["Ectoplasm","Runic Pyramid"],"picked":"Nuclear Battery"}],"items_purged_floors":[19],"is_endless":false,"potions_floor_spawned":[6,13,23],"killed_by":"Centurion and Healer","ascension_level":2}