{"gold_per_floor":[110,122,141,141,161,161,186,186,186,204,218,55,68,68],"floor_reached":14,"playtime":529,"items_purged":["Strike_G"],"score":165,"play_id":"0b6e7ff9-564c-49b7-87d8-c20967804677","local_time":"20190201093819","is_ascension_mode":true,"campfire_choices":[{"data":"Neutralize","floor":6,"key":"SMITH"},{"data":"Poisoned Stab","floor":8,"key":"SMITH"}],"neow_cost":"NONE","seed_source_timestamp":9546791452924,"circlet_count":0,"master_deck":["AscendersBane","Defend_G","Defend_G","Defend_G","Defend_G","Defend_G","Strike_G","Strike_G","Strike_G","Strike_G","Survivor","Neutralize+1","Quick Slash","Quick Slash","Well Laid Plans","Poisoned Stab+1","Adrenaline","Infinite Blades","Deadly Poison","Footwork","Backflip"],"relics":["Ring of the Snake","Pear","Peace Pipe"],"potions_floor_usage":[7],"damage_taken":[{"damage":0,"enemies":"2 Louse","floor":1,"turns":4},{"damage":0,"enemies":"Cultist","floor":2,"turns":4},{"damage":2,"enemies":"Small Slimes","floor":3,"turns":4},{"damage":4,"enemies":"Exordium Wildlife","floor":5,"turns":3},{"damage":25,"enemies":"Lagavulin","floor":7,"turns":11},{"damage":1,"enemies":"Blue Slaver","floor":10,"turns":3},{"damage":18,"enemies":"3 Louse","floor":11,"turns":4},{"damage":6,"enemies":"Exordium Wildlife","floor":13,"turns":5},{"damage":10,"enemies":"3 Sentries","floor":14,"turns":1}],"seed_played":"-4918843906733997323","potions_obtained":[{"floor":5,"key":"SpeedPotion"},{"floor":10,"key":"Poison Potion"}],"is_trial":false,"path_per_floor":["M","M","M","?","M","R","E","R","T","M","M","$","M","E"],"character_chosen":"THE_SILENT","items_purchased":["Footwork","Fire Potion"],"campfire_rested":0,"item_purchase_floors":[12,12],"current_hp_per_floor":[65,65,63,53,49,49,34,34,34,33,15,15,9,0],"gold":68,"neow_bonus":"TEN_PERCENT_HP_BONUS","is_prod":false,"is_daily":false,"chose_seed":false,"campfire_upgraded":2,"win_rate":0,"timestamp":1549042699,"path_taken":["M","M","M","?","?","R","E","R","T","M","M","$","M","E"],"build_version":"2019-01-23","purchased_purges":1,"victory":false,"max_hp_per_floor":[72,72,72,72,72,72,82,82,82,82,82,82,82,82],"card_choices":[{"not_picked":["Sucker Punch","Underhanded Strike"],"picked":"Quick Slash","floor":1},{"not_picked":["Prepared","Eviscerate"],"picked":"Quick Slash","floor":2},{"not_picked":["Setup","Outmaneuver"],"picked":"Well Laid Plans","floor":3},{"not_picked":["Slice","Backflip"],"picked":"Poisoned Stab","floor":5},{"not_picked":["Distraction","Dagger Throw"],"picked":"Adrenaline","floor":7},{"not_picked":["Flechettes","Skewer"],"picked":"Infinite Blades","floor":10},{"not_picked":["Distraction","Concentrate"],"picked":"Deadly Poison","floor":11},{"not_picked":["Bane","Cloak And Dagger"],"picked":"Backflip","floor":13}],"player_experience":2118775,"relics_obtained":[{"floor":7,"key":"Pear"},{"floor":9,"key":"Peace Pipe"}],"event_choices":[{"damage_healed":0,"gold_gain":0,"player_choice":"Damaged","damage_taken":10,"max_hp_gain":0,"max_hp_loss":0,"event_name":"Wheel of Change","floor":4,"gold_loss":0}],"is_beta":false,"boss_relics":[],"items_purged_floors":[12],"is_endless":false,"potions_floor_spawned":[5,10,13],"killed_by":"3 Sentries","ascension_level":15}