{"gold_per_floor":[361,361,377,397,88,88,123,123,174,174,209,134,159,179,179,256,256,269,71,86,104,4,17,49,49,49,63,82,82,114,127,127,199,199,218,25,25,39,39,39,54,0,23,23,43,43,56,3,3,3],"floor_reached":51,"playtime":2840,"items_purged":["Normality","Defend_B"],"score":1219,"play_id":"d40a3bc8-b86a-4931-b98e-e72e4f06414c","local_time":"20180915211811","is_ascension_mode":true,"campfire_choices":[{"data":"Streamline","floor":6.0,"key":"SMITH"},{"floor":8.0,"key":"REST"},{"data":"Hologram","floor":15.0,"key":"SMITH"},{"data":"Defragment","floor":25.0,"key":"SMITH"},{"floor":32,"key":"REST"},{"data":"Buffer","floor":40,"key":"SMITH"},{"floor":44,"key":"REST"},{"data":"Reinforced Body","floor":46,"key":"SMITH"},{"floor":49,"key":"REST"}],"neow_cost":"CURSE","seed_source_timestamp":50357055491253,"circlet_count":0,"master_deck":["Strike_B+1","Strike_B","Strike_B+1","Defend_B","Defend_B+1","Defend_B","Zap","Dualcast","AscendersBane","Cold Snap+1","BootSequence","Conserve Battery","Streamline+1","Hologram+1","Reinforced Body+1","Compile Driver","Echo Form","Defragment+1","Buffer+1","Secret Technique+1","Madness+1","Conserve Battery+1","Conserve Battery+1"],"special_seed":0,"relics":["Cracked Core","Bag of Preparation","Whetstone","PreservedInsect","Ornamental Fan","Blue Candle","Busted Crown","Centennial Puzzle","Gambling Chip","Strawberry","Toxic Egg 2","Inserter","Lantern","Incense Burner","Red Mask","Omamori"],"potions_floor_usage":[33,50,50],"damage_taken":[{"damage":2.0,"enemies":"Jaw Worm","floor":1.0,"turns":3.0},{"damage":7.0,"enemies":"Small Slimes","floor":3.0,"turns":3.0},{"damage":0.0,"enemies":"2 Louse","floor":4.0,"turns":2.0},{"damage":20.0,"enemies":"Lagavulin","floor":7.0,"turns":8.0},{"damage":7.0,"enemies":"3 Sentries","floor":11.0,"turns":6.0},{"damage":4.0,"enemies":"Gremlin Nob","floor":13.0,"turns":4.0},{"damage":0.0,"enemies":"2 Fungi Beasts","floor":14.0,"turns":2.0},{"damage":25.0,"enemies":"Hexaghost","floor":16.0,"turns":11.0},{"damage":18.0,"enemies":"3 Byrds","floor":18.0,"turns":8.0},{"damage":1.0,"enemies":"Spheric Guardian","floor":20.0,"turns":3.0},{"damage":5.0,"enemies":"Cultist and Chosen","floor":21.0,"turns":7.0},{"damage":5.0,"enemies":"Snecko","floor":23.0,"turns":5.0},{"damage":0.0,"enemies":"Book of Stabbing","floor":24.0,"turns":4.0},{"damage":8.0,"enemies":"3 Cultists","floor":27.0,"turns":5.0},{"damage":16.0,"enemies":"Cultist and Chosen","floor":28.0,"turns":5.0},{"damage":10,"enemies":"Slavers","floor":30,"turns":5},{"damage":3,"enemies":"Chosen and Byrds","floor":31,"turns":4},{"damage":4,"enemies":"Collector","floor":33,"turns":16},{"damage":5,"enemies":"Orb Walker","floor":35,"turns":3},{"damage":14,"enemies":"3 Shapes","floor":38,"turns":9},{"damage":0,"enemies":"Mind Bloom Boss Battle","floor":39,"turns":8},{"damage":3,"enemies":"Sphere and 2 Shapes","floor":41,"turns":7},{"damage":13,"enemies":"Transient","floor":45,"turns":5},{"damage":0,"enemies":"4 Shapes","floor":47,"turns":7},{"damage":9,"enemies":"Donu and Deca","floor":50,"turns":18}],"seed_played":"-1957051189990085408","potions_obtained":[{"floor":1.0,"key":"Ancient Potion"},{"floor":3.0,"key":"GamblersBrew"},{"floor":7.0,"key":"FairyPotion"},{"floor":13.0,"key":"Regen Potion"},{"floor":24.0,"key":"Regen Potion"},{"floor":31,"key":"AttackPotion"},{"floor":38,"key":"EssenceOfSteel"},{"floor":41,"key":"Energy Potion"}],"is_trial":false,"path_per_floor":["M","?","M","M","$","R","E","R","T","?","E","?","E","M","R","B",null,"M","$","M","M","$","M","E","R","T","M","M","?","E","M","R","B",null,"M","$","?","M","?","R","M","?","T","R","M","R","M","$","R","B"],"character_chosen":"DEFECT","items_purchased":["Streamline","Hologram","Bag of Preparation","Centennial Puzzle","SkillPotion","Lantern","Dexterity Potion","Conserve Battery+1"],"campfire_rested":4,"item_purchase_floors":[5,5,5,19,19,36,36,48],"current_hp_per_floor":[62,41,34,34,34,34,14,35,35,58,51,51,47,47,47,22,59,41,41,40,35,35,30,42,42,49,55,39,39,29,26,49,45,70,65,65,60,46,46,46,43,43,43,66,53,53,53,53,76,67],"gold":3,"neow_bonus":"TWO_FIFTY_GOLD","is_prod":false,"is_daily":false,"chose_seed":false,"campfire_upgraded":5,"win_rate":0,"timestamp":1537071491,"path_taken":["M","?","M","M","$","R","E","R","T","?","E","?","E","M","R","BOSS","M","$","?","M","$","M","E","R","T","M","M","?","E","?","R","BOSS","M","$","?","M","?","R","M","?","T","R","M","R","M","?","R","BOSS"],"build_version":"2018-09-06","purchased_purges":2,"victory":true,"max_hp_per_floor":[71,71,71,71,71,71,71,71,71,71,71,71,71,71,71,71,71,71,71,71,71,71,71,71,71,78,78,78,78,78,78,78,78,78,78,78,78,78,78,78,78,78,78,78,78,78,78,78,78,78],"card_choices":[{"not_picked":["Beam Cell","Steam"],"picked":"Cold Snap","floor":1.0},{"not_picked":["Turbo","Stack"],"picked":"BootSequence","floor":3.0},{"not_picked":["Rainbow","BootSequence"],"picked":"Conserve Battery","floor":4.0},{"not_picked":["Streamline","Tempest","Sweeping Beam"],"picked":"SKIP","floor":7.0},{"not_picked":["Thunder Strike","Melter"],"picked":"Reinforced Body","floor":11.0},{"not_picked":["Turbo","Gash"],"picked":"Compile Driver","floor":13.0},{"not_picked":["Conserve Battery","Sweeping Beam","Compile Driver"],"picked":"SKIP","floor":14.0},{"not_picked":["Core Surge","Meteor Strike"],"picked":"Echo Form","floor":16.0},{"not_picked":["Rebound"],"picked":"SKIP","floor":18.0},{"not_picked":["Gash"],"picked":"SKIP","floor":20.0},{"not_picked":["Barrage+1"],"picked":"SKIP","floor":21.0},{"not_picked":["Steam Power"],"picked":"SKIP","floor":23.0},{"not_picked":[],"picked":"Defragment","floor":24.0},{"not_picked":["Redo+1"],"picked":"SKIP","floor":27.0},{"not_picked":["Sunder"],"picked":"SKIP","floor":28.0},{"not_picked":["BootSequence"],"picked":"SKIP","floor":30},{"not_picked":["BootSequence+1"],"picked":"SKIP","floor":31},{"not_picked":[],"picked":"Buffer","floor":33},{"not_picked":["Aggregate+1"],"picked":"SKIP","floor":35},{"not_picked":[],"picked":"Secret Technique+1","floor":37},{"not_picked":[],"picked":"Madness+1","floor":37},{"not_picked":["Steam Power+1"],"picked":"SKIP","floor":38},{"not_picked":[],"picked":"Conserve Battery+1","floor":41},{"not_picked":["Melter"],"picked":"SKIP","floor":45},{"not_picked":["Steam Power+1"],"picked":"SKIP","floor":47}],"player_experience":1145885,"relics_obtained":[{"floor":7.0,"key":"Whetstone"},{"floor":9.0,"key":"PreservedInsect"},{"floor":11.0,"key":"Ornamental Fan"},{"floor":13.0,"key":"Blue Candle"},{"floor":24.0,"key":"Gambling Chip"},{"floor":26.0,"key":"Strawberry"},{"floor":30,"key":"Toxic Egg 2"},{"floor":39,"key":"Incense Burner"},{"floor":43,"key":"Omamori"}],"event_choices":[{"event_name":"Shining Light","player_choice":"Entered Light","floor":2.0,"damage_taken":0.0},{"event_name":"Big Fish","player_choice":"Banana","floor":10.0,"damage_taken":0.0},{"event_name":"The Cleric","player_choice":"Card Removal","floor":12.0,"damage_taken":0.0},{"event_name":"Vampires","player_choice":"Ignored","floor":29.0,"damage_taken":0.0},{"event_name":"SensoryStone","player_choice":"Memory 2","floor":37,"damage_taken":0},{"event_name":"MindBloom","player_choice":"Fight","floor":39,"damage_taken":0},{"event_name":"Tomb of Lord Red Mask","player_choice":"Paid","floor":42,"damage_taken":0}],"is_beta":false,"boss_relics":[{"not_picked":["Empty Cage","Black Star"],"picked":"Busted Crown"},{"not_picked":["Orrery","Fusion Hammer"],"picked":"Inserter"}],"items_purged_floors":[5,22],"is_endless":false,"potions_floor_spawned":[1,3,7,13,18,21,24,31,38,41],"ascension_level":15}