{"gold_per_floor":[115,134,152,152,168,168,202,202,228,249,284,296,324,396,408,513,525,562,587,371,371,371,371,387,48,48,81,106,121,121,134,134,225,225,240,240,240,261,161,161,177,201,246,246,281,281],"floor_reached":46,"playtime":1846,"items_purged":["Strike_R","Bite"],"score":1000,"play_id":"0fdeb1d1-3252-4054-9de3-42c07b973eb2","local_time":"20190418204851","is_ascension_mode":true,"campfire_choices":[{"data":"Bash","floor":6.0,"key":"SMITH"},{"data":"Inflame","floor":8.0,"key":"SMITH"},{"floor":15.0,"key":"REST"},{"data":"Armaments","floor":23.0,"key":"SMITH"},{"data":"True Grit","floor":30.0,"key":"SMITH"},{"data":"Demon Form","floor":32.0,"key":"SMITH"},{"data":"Discovery","floor":44,"key":"SMITH"}],"neow_cost":"NONE","seed_source_timestamp":44716271182952,"circlet_count":0,"master_deck":["AscendersBane","Defend_R","Defend_R","Defend_R","Defend_R","Bash+1","Twin Strike","Sword Boomerang","Carnage","Inflame+1","Armaments+1","Iron Wave","Shrug It Off","Offering","Bite","Bite","Bite","Bite","Ghostly Armor","True Grit+1","Demon Form+1","Reaper","Battle Trance","Discovery+1","Clothesline","Warcry+1","Headbutt"],"special_seed":0,"relics":["Burning Blood","Anchor","Golden Idol","Omamori","Boot","MawBank","Blue Candle","Eternal Feather","Pen Nib","Nilry\u0027s Codex","Charon\u0027s Ashes","Mercury Hourglass","Centennial Puzzle","Lizard Tail","Blood Vial","Art of War"],"potions_floor_usage":[41,42,42],"damage_taken":[{"damage":3.0,"enemies":"2 Louse","floor":1.0,"turns":3.0},{"damage":9.0,"enemies":"Jaw Worm","floor":2.0,"turns":4.0},{"damage":0.0,"enemies":"Small Slimes","floor":3.0,"turns":3.0},{"damage":2.0,"enemies":"Looter","floor":5.0,"turns":3.0},{"damage":8.0,"enemies":"Gremlin Nob","floor":7.0,"turns":3.0},{"damage":0.0,"enemies":"Large Slime","floor":10.0,"turns":4.0},{"damage":30.0,"enemies":"Lagavulin","floor":11.0,"turns":5.0},{"damage":8.0,"enemies":"Blue Slaver","floor":13.0,"turns":3.0},{"damage":0.0,"enemies":"Slime Boss","floor":16.0,"turns":8.0},{"damage":12.0,"enemies":"Spheric Guardian","floor":18.0,"turns":3.0},{"damage":8.0,"enemies":"2 Thieves","floor":19.0,"turns":4.0},{"damage":21.0,"enemies":"Centurion and Healer","floor":24.0,"turns":7.0},{"damage":31.0,"enemies":"Gremlin Leader","floor":27.0,"turns":5.0},{"damage":15.0,"enemies":"Snake Plant","floor":28.0,"turns":3.0},{"damage":19.0,"enemies":"Shelled Parasite and Fungi","floor":29.0,"turns":6.0},{"damage":14.0,"enemies":"3 Cultists","floor":31.0,"turns":4.0},{"damage":46.0,"enemies":"Collector","floor":33.0,"turns":8.0},{"damage":20.0,"enemies":"3 Shapes","floor":35.0,"turns":8.0},{"damage":8.0,"enemies":"Orb Walker","floor":38.0,"turns":3.0},{"damage":48,"enemies":"Writhing Mass","floor":41,"turns":6},{"damage":24,"enemies":"3 Darklings","floor":42,"turns":6},{"damage":66,"enemies":"Giant Head","floor":45,"turns":7},{"damage":59,"enemies":"Maw","floor":46,"turns":9}],"seed_played":"-1263714345191516613","potions_obtained":[{"floor":1.0,"key":"Poison Potion"},{"floor":3.0,"key":"Dexterity Potion"},{"floor":7.0,"key":"EssenceOfSteel"},{"floor":10.0,"key":"Energy Potion"},{"floor":11.0,"key":"SkillPotion"},{"floor":16.0,"key":"Explosive Potion"},{"floor":27.0,"key":"SteroidPotion"},{"floor":31.0,"key":"Fire Potion"},{"floor":33.0,"key":"Explosive Potion"},{"floor":35.0,"key":"PowerPotion"},{"floor":41,"key":"Regen Potion"}],"is_trial":false,"path_per_floor":["M","M","M","?","M","R","E","R","T","M","E","?","M","?","R","B",null,"M","M","$","?","?","R","M","$","T","E","M","M","R","M","R","B",null,"M","?","?","M","$","?","M","M","T","R","E","M"],"character_chosen":"IRONCLAD","items_purchased":["Pen Nib","Charon\u0027s Ashes","PowerPotion"],"campfire_rested":1,"item_purchase_floors":[20,25,25],"current_hp_per_floor":[71,68,74,68,68,68,66,66,66,68,44,18,16,16,36,42,62,56,54,54,33,33,42,39,39,39,27,22,22,34,35,47,23,41,36,36,36,40,40,40,14,46,46,47,33,0],"gold":281,"neow_bonus":"RANDOM_COMMON_RELIC","is_prod":false,"is_daily":false,"chose_seed":false,"campfire_upgraded":6,"win_rate":0,"timestamp":1555645731,"path_taken":["M","M","M","?","M","R","E","R","T","M","E","?","M","?","R","BOSS","M","M","$","?","?","R","M","$","T","E","M","M","R","M","R","BOSS","M","?","?","M","$","?","M","?","T","R","E","M"],"build_version":"2019-01-23","purchased_purges":2,"victory":false,"max_hp_per_floor":[75,75,75,68,68,68,68,68,68,68,68,68,68,68,68,68,68,68,68,68,68,47,47,47,47,47,47,47,47,47,47,47,47,47,47,47,47,47,47,47,47,47,47,47,47,47],"card_choices":[{"not_picked":["Intimidate","Searing Blow","Burning Pact"],"picked":"SKIP","floor":1.0},{"not_picked":["Thunderclap","Combust"],"picked":"Twin Strike","floor":2.0},{"not_picked":["Infernal Blade","Burning Pact"],"picked":"Sword Boomerang","floor":3.0},{"not_picked":["Heavy Blade","Shockwave"],"picked":"Carnage","floor":5.0},{"not_picked":["Pommel Strike","Headbutt"],"picked":"Inflame","floor":7.0},{"not_picked":["Bloodletting","Dual Wield"],"picked":"Armaments","floor":10.0},{"not_picked":["Clash","Intimidate"],"picked":"Iron Wave","floor":11.0},{"not_picked":["Iron Wave","Wild Strike"],"picked":"Shrug It Off","floor":13.0},{"not_picked":["Barricade","Fiend Fire"],"picked":"Offering","floor":16.0},{"not_picked":["Twin Strike","Thunderclap","Searing Blow"],"picked":"SKIP","floor":18.0},{"not_picked":["Reckless Charge","Perfected Strike","Sword Boomerang"],"picked":"SKIP","floor":19.0},{"not_picked":["Dropkick","Body Slam","Havoc"],"picked":"SKIP","floor":24.0},{"not_picked":["Hemokinesis+1","True Grit"],"picked":"Ghostly Armor","floor":27.0},{"not_picked":["Headbutt","Dual Wield","Flex"],"picked":"SKIP","floor":28.0},{"not_picked":["Iron Wave","Armaments"],"picked":"True Grit","floor":29.0},{"not_picked":["Thunderclap","Perfected Strike"],"picked":"Demon Form","floor":31.0},{"not_picked":["Berserk","Limit Break"],"picked":"Reaper","floor":33.0},{"not_picked":["Cleave","Uppercut"],"picked":"Battle Trance","floor":35.0},{"not_picked":["Flash of Steel","Thinking Ahead"],"picked":"Discovery","floor":36.0},{"not_picked":["Heavy Blade+1","Headbutt","True Grit"],"picked":"SKIP","floor":38.0},{"not_picked":["Iron Wave","Body Slam"],"picked":"Clothesline","floor":41},{"not_picked":["Thunderclap","Carnage+1"],"picked":"Warcry+1","floor":42},{"not_picked":["Warcry","Clothesline"],"picked":"Headbutt","floor":45}],"player_experience":2465985,"relics_obtained":[{"floor":7.0,"key":"Omamori"},{"floor":9.0,"key":"Boot"},{"floor":11.0,"key":"MawBank"},{"floor":21.0,"key":"Nilry\u0027s Codex"},{"floor":26.0,"key":"Mercury Hourglass"},{"floor":27.0,"key":"Centennial Puzzle"},{"floor":43,"key":"Blood Vial"},{"floor":45,"key":"Art of War"}],"event_choices":[{"damage_healed":0.0,"max_hp_gain":0.0,"max_hp_loss":7.0,"gold_gain":0.0,"event_name":"Golden Idol","player_choice":"Lose Max HP","floor":4.0,"gold_loss":0.0,"damage_taken":0.0,"relics_obtained":["Golden Idol"]},{"damage_healed":0.0,"max_hp_gain":0.0,"max_hp_loss":0.0,"gold_gain":0.0,"event_name":"Scrap Ooze","player_choice":"Success","floor":12.0,"gold_loss":0.0,"damage_taken":26.0,"relics_obtained":["Blue Candle"]},{"damage_healed":0.0,"max_hp_gain":0.0,"max_hp_loss":0.0,"gold_gain":60.0,"event_name":"Golden Wing","player_choice":"Gained Gold","floor":14.0,"gold_loss":0.0,"damage_taken":0.0},{"damage_healed":0.0,"max_hp_gain":0.0,"max_hp_loss":0.0,"gold_gain":0.0,"event_name":"Cursed Tome","player_choice":"Obtained Book","floor":21.0,"gold_loss":0.0,"damage_taken":21.0},{"damage_healed":0.0,"max_hp_gain":0.0,"max_hp_loss":21.0,"gold_gain":0.0,"event_name":"Vampires","player_choice":"Became a vampire","floor":22.0,"gold_loss":0.0,"damage_taken":0.0,"cards_obtained":["Bite","Bite","Bite","Bite","Bite"]},{"damage_healed":0.0,"max_hp_gain":0.0,"max_hp_loss":0.0,"gold_gain":0.0,"event_name":"SensoryStone","player_choice":"Memory 1","floor":36.0,"gold_loss":0.0,"damage_taken":0.0},{"damage_healed":0.0,"max_hp_gain":0.0,"max_hp_loss":0.0,"gold_gain":0.0,"event_name":"Tomb of Lord Red Mask","player_choice":"Ignored","floor":37.0,"gold_loss":0.0,"damage_taken":0.0},{"damage_healed":0.0,"max_hp_gain":0.0,"max_hp_loss":0.0,"gold_gain":0.0,"event_name":"Mysterious Sphere","player_choice":"Ignored","floor":40.0,"gold_loss":0.0,"damage_taken":0.0}],"is_beta":false,"boss_relics":[{"not_picked":["Black Blood","Runic Cube"],"picked":"Eternal Feather"},{"not_picked":["Orrery","Pandora\u0027s Box"],"picked":"Lizard Tail"}],"items_purged_floors":[20,39],"is_endless":false,"potions_floor_spawned":[1,3,7,10,11,16,19,27,31,33,35,41],"killed_by":"Maw","ascension_level":15}