{"gold_per_floor":[113,113,113,123,176,176,22,34,34,34,109,128,154,165,165,165],"floor_reached":16,"playtime":181,"items_purged":["Strike_B"],"score":170,"play_id":"b78d464b-7765-455c-9433-117af50ac721","local_time":"25620317172551","is_ascension_mode":true,"campfire_choices":[{"data":"Gash","floor":6,"key":"SMITH"},{"data":"Gash","floor":15,"key":"SMITH"}],"neow_cost":"NONE","seed_source_timestamp":20593200154840,"circlet_count":0,"master_deck":["AscendersBane","Strike_B","Strike_B+1","Strike_B","Defend_B","Defend_B","Defend_B","Defend_B","Zap+1","Dualcast","Gash+1","Gash+1","Scrape","Scrape","FTL","Coolheaded"],"relics":["Cracked Core","NeowsBlessing","Strawberry","Cables","Bottled Lightning"],"potions_floor_usage":[13,16,16],"damage_taken":[{"damage":0,"enemies":"Cultist","floor":1,"turns":1},{"damage":0,"enemies":"Small Slimes","floor":4,"turns":1},{"damage":0,"enemies":"Jaw Worm","floor":8,"turns":1},{"damage":8,"enemies":"Blue Slaver","floor":12,"turns":2},{"damage":12,"enemies":"Gremlin Nob","floor":13,"turns":3},{"damage":11,"enemies":"3 Louse","floor":14,"turns":3},{"damage":17,"enemies":"The Guardian","floor":16,"turns":6}],"seed_played":"2670611680449596118","potions_obtained":[{"floor":1,"key":"GamblersBrew"},{"floor":13,"key":"PowerPotion"},{"floor":14,"key":"SkillPotion"}],"is_trial":false,"path_per_floor":["M","$","?","M","T","R","$","M","T","$","?","M","E","M","R","B"],"character_chosen":"DEFECT","items_purchased":["Scrape"],"campfire_rested":0,"item_purchase_floors":[7],"current_hp_per_floor":[64,64,50,50,57,57,57,57,57,57,46,38,26,15,15,0],"gold":165,"neow_bonus":"THREE_ENEMY_KILL","is_prod":false,"is_daily":false,"chose_seed":false,"campfire_upgraded":2,"win_rate":0,"timestamp":1552818351,"path_taken":["M","?","?","M","?","R","$","M","T","?","?","M","E","M","R","BOSS"],"build_version":"2019-01-23","purchased_purges":1,"victory":false,"max_hp_per_floor":[71,71,71,71,78,78,78,78,78,78,78,78,78,78,78,78],"card_choices":[{"not_picked":["Glacier","Hologram"],"picked":"Gash","floor":1},{"not_picked":["Conserve Battery","Beam Cell"],"picked":"Gash","floor":4},{"not_picked":["Turbo","Reprogram"],"picked":"Scrape","floor":8},{"not_picked":["Leap","Double Energy"],"picked":"FTL","floor":12},{"not_picked":["Thunder Strike","Darkness"],"picked":"Coolheaded","floor":13},{"not_picked":["Beam Cell","Reprogram","Compile Driver"],"picked":"SKIP","floor":14}],"player_experience":312328,"relics_obtained":[{"floor":5,"key":"Strawberry"},{"floor":9,"key":"Cables"},{"floor":13,"key":"Bottled Lightning"}],"event_choices":[{"damage_healed":0,"gold_gain":0,"player_choice":"Entered Light","damage_taken":14,"max_hp_gain":0,"max_hp_loss":0,"event_name":"Shining Light","floor":3,"gold_loss":0,"cards_upgraded":["Zap","Strike_B"]},{"damage_healed":0,"gold_gain":75,"player_choice":"Gather Gold","damage_taken":11,"max_hp_gain":0,"max_hp_loss":0,"event_name":"World of Goop","floor":11,"gold_loss":0}],"is_beta":false,"boss_relics":[],"items_purged_floors":[7],"is_endless":false,"potions_floor_spawned":[1,13,14],"killed_by":"The Guardian","ascension_level":14}