{"gold_per_floor":[15,15,30,46,46,46,73,73,73,73,87,99,130,140,140,217,217,232,147,163,9,9,9,9,34,109,109,109,109],"floor_reached":29,"playtime":629,"items_purged":[],"score":483,"play_id":"857fea87-0d8c-4724-ab3a-cdd65c24fe55","local_time":"25620318014256","is_ascension_mode":true,"campfire_choices":[{"data":"Darkness","floor":6.0,"key":"SMITH"},{"data":"Hologram","floor":10.0,"key":"SMITH"},{"data":"Streamline","floor":15.0,"key":"SMITH"},{"floor":24.0,"key":"REST"},{"floor":28.0,"key":"REST"}],"neow_cost":"NO_GOLD","seed_source_timestamp":49900863412534,"circlet_count":0,"master_deck":["AscendersBane","Strike_B","Defend_B","Defend_B","Defend_B","Zap+1","Dualcast","Beam Cell","Blizzard","Static Discharge","Leap","Darkness+1","Hologram+1","Streamline+1","Ball Lightning","Doom and Gloom","BootSequence","Echo Form","Cold Snap","Steam+1","All For One","Consume","Streamline+1","Writhe"],"special_seed":0,"relics":["Cracked Core","Question Card","Du-Vu Doll","Sundial","Art of War","Lizard Tail","Bronze Scales","DataDisk","Juzu Bracelet","Letter Opener","Symbiotic Virus"],"potions_floor_usage":[29],"damage_taken":[{"damage":7.0,"enemies":"Jaw Worm","floor":1.0,"turns":3.0},{"damage":2.0,"enemies":"2 Louse","floor":3.0,"turns":3.0},{"damage":0.0,"enemies":"Small Slimes","floor":4.0,"turns":3.0},{"damage":11.0,"enemies":"3 Sentries","floor":7.0,"turns":5.0},{"damage":0.0,"enemies":"2 Fungi Beasts","floor":11.0,"turns":4.0},{"damage":0.0,"enemies":"3 Louse","floor":12.0,"turns":2.0},{"damage":0.0,"enemies":"Gremlin Nob","floor":13.0,"turns":2.0},{"damage":11.0,"enemies":"Blue Slaver","floor":14.0,"turns":3.0},{"damage":18.0,"enemies":"Hexaghost","floor":16.0,"turns":7.0},{"damage":34.0,"enemies":"Spheric Guardian","floor":18.0,"turns":5.0},{"damage":12.0,"enemies":"Shell Parasite","floor":20.0,"turns":3.0},{"damage":40.0,"enemies":"Colosseum Slavers","floor":23.0,"turns":5.0},{"damage":25.0,"enemies":"Book of Stabbing","floor":25.0,"turns":3.0},{"damage":43,"enemies":"Slavers","floor":29,"turns":3}],"seed_played":"7646733280680881070","potions_obtained":[{"floor":3.0,"key":"SteroidPotion"},{"floor":4.0,"key":"Regen Potion"},{"floor":11.0,"key":"FearPotion"},{"floor":13.0,"key":"Weak Potion"},{"floor":14.0,"key":"Ancient Potion"},{"floor":25.0,"key":"Block Potion"}],"is_trial":false,"path_per_floor":["M","?","M","M","?","R","E","?","T","R","M","M","E","M","R","B",null,"M","?","M","$","?","?","R","E","T","?","R","E"],"character_chosen":"DEFECT","items_purchased":["DataDisk"],"campfire_rested":2,"item_purchase_floors":[21],"current_hp_per_floor":[57,46,44,44,49,49,52,52,52,52,52,52,52,41,41,23,63,29,29,17,17,17,22,44,19,19,19,41,0],"gold":109,"neow_bonus":"TRANSFORM_TWO_CARDS","is_prod":false,"is_daily":false,"chose_seed":false,"campfire_upgraded":3,"win_rate":0,"timestamp":1552848176,"path_taken":["M","?","M","M","?","R","E","?","T","R","M","M","E","M","R","BOSS","M","?","M","$","?","?","R","E","T","?","R","E"],"build_version":"2019-01-23","purchased_purges":0,"victory":false,"max_hp_per_floor":[71,71,71,71,76,76,76,76,76,76,76,76,76,76,76,76,76,76,76,76,76,76,76,76,76,76,76,76,76],"card_choices":[{"not_picked":["Steam","Tempest"],"picked":"Static Discharge","floor":1.0},{"not_picked":["Recycle","Steam Power","Redo"],"picked":"Leap","floor":3.0},{"not_picked":["Tempest","Leap","Skim"],"picked":"Darkness","floor":4.0},{"not_picked":["Reinforced Body","Static Discharge","Barrage"],"picked":"Hologram","floor":7.0},{"not_picked":["Reinforced Body","Leap","Melter"],"picked":"Streamline","floor":11.0},{"not_picked":["Barrage","Heatsinks","Rebound"],"picked":"Ball Lightning","floor":12.0},{"not_picked":["Cold Snap","Static Discharge","Conserve Battery"],"picked":"Doom and Gloom","floor":13.0},{"not_picked":["Melter","Loop","Sweeping Beam"],"picked":"BootSequence","floor":14.0},{"not_picked":["All For One","Thunder Strike","Creative AI"],"picked":"Echo Form","floor":16.0},{"not_picked":["Steam","Hello World","Beam Cell"],"picked":"Cold Snap","floor":18.0},{"not_picked":["Rebound","Barrage","Cold Snap"],"picked":"Steam+1","floor":20.0},{"not_picked":["Undo","Reprogram+1","Thunder Strike"],"picked":"Streamline+1","floor":25.0}],"player_experience":317040,"relics_obtained":[{"floor":7.0,"key":"Du-Vu Doll"},{"floor":9.0,"key":"Sundial"},{"floor":13.0,"key":"Art of War"},{"floor":25.0,"key":"Juzu Bracelet"},{"floor":26.0,"key":"Letter Opener"}],"event_choices":[{"damage_healed":0.0,"max_hp_gain":0.0,"max_hp_loss":0.0,"gold_gain":0.0,"event_name":"Scrap Ooze","player_choice":"Success","floor":2.0,"gold_loss":0.0,"damage_taken":11.0,"relics_obtained":["Question Card"]},{"damage_healed":0.0,"max_hp_gain":5.0,"max_hp_loss":0.0,"gold_gain":0.0,"event_name":"Big Fish","player_choice":"Donut","floor":5.0,"gold_loss":0.0,"damage_taken":0.0},{"damage_healed":0.0,"max_hp_gain":0.0,"max_hp_loss":0.0,"gold_gain":0.0,"event_name":"Living Wall","player_choice":"Grow","floor":8.0,"gold_loss":0.0,"damage_taken":0.0,"cards_upgraded":["Zap"]},{"damage_healed":0.0,"max_hp_gain":0.0,"max_hp_loss":0.0,"gold_gain":0.0,"event_name":"Addict","player_choice":"Obtained Relic","floor":19.0,"gold_loss":85.0,"damage_taken":0.0,"relics_obtained":["Bronze Scales"]},{"damage_healed":0.0,"max_hp_gain":0.0,"max_hp_loss":0.0,"gold_gain":0.0,"cards_transformed":["Strike_B","Strike_B"],"event_name":"Drug Dealer","player_choice":"Became Test Subject","floor":22.0,"gold_loss":0.0,"damage_taken":0.0,"cards_obtained":["All For One","Consume"]},{"damage_healed":0.0,"max_hp_gain":0.0,"max_hp_loss":0.0,"gold_gain":0.0,"event_name":"Colosseum","player_choice":"Fight","floor":23.0,"gold_loss":0.0,"damage_taken":0.0},{"damage_healed":0.0,"max_hp_gain":0.0,"max_hp_loss":0.0,"gold_gain":0.0,"event_name":"Colosseum","player_choice":"Fled From Nobs","floor":23.0,"gold_loss":0.0,"damage_taken":0.0},{"damage_healed":0.0,"max_hp_gain":0.0,"max_hp_loss":0.0,"gold_gain":0.0,"event_name":"The Mausoleum","player_choice":"Opened","floor":27.0,"gold_loss":0.0,"damage_taken":0.0,"relics_obtained":["Symbiotic Virus"],"cards_obtained":["Writhe"]}],"is_beta":false,"boss_relics":[{"not_picked":["White Beast Statue","Inserter"],"picked":"Lizard Tail"}],"items_purged_floors":[],"is_endless":false,"potions_floor_spawned":[3,4,11,13,14,25],"killed_by":"Slavers","ascension_level":15}