{"gold_per_floor":[119,119,119,119,134,134,134,177,177,177,177,177,215,215,215,340,340,361,361,59,59,59,59,59,59,59,59,59,59,59,184,184,304,304,317,650,650,363,343,343,343,343,370,370,470,470,230,230,230,230],"floor_reached":51,"playtime":1023,"items_purged":[],"score":845,"play_id":"bdd3a5e6-214f-4d7d-88f1-8fbefcf29e82","local_time":"20190428214314","daily_mods":["SealedDeck","Flight"],"is_ascension_mode":true,"campfire_choices":[{"data":"Darkness","floor":6,"key":"SMITH"},{"data":"Redo","floor":7,"key":"SMITH"},{"data":"Coolheaded","floor":10,"key":"SMITH"},{"data":"Defragment","floor":15,"key":"SMITH"},{"data":"Turbo","floor":23,"key":"SMITH"},{"data":"Self Repair","floor":24,"key":"SMITH"},{"data":"Recycle","floor":25,"key":"SMITH"},{"data":"Core Surge","floor":28,"key":"SMITH"},{"data":"Compile Driver","floor":32,"key":"SMITH"},{"floor":40,"key":"REST"},{"floor":41,"key":"REST"},{"floor":42,"key":"REST"},{"data":"Loop","floor":49,"key":"SMITH"}],"neow_cost":"","seed_source_timestamp":0,"circlet_count":0,"master_deck":["Recycle+1","Coolheaded+1","Turbo+1","Defragment+1","Redo+1","Darkness+1","Core Surge+1","Coolheaded+1","Necronomicurse","Compile Driver+1","Darkness+1","Loop+1"],"relics":["Cracked Core","Juzu Bracelet","Vajra","Mercury Hourglass","Busted Crown","Lantern","Orichalcum","Cables","Incense Burner","Necronomicon","Mango","Dodecahedron","Black Star","Emotion Chip","Anchor","Turnip","Art of War","Frozen Eye"],"potions_floor_usage":[33,50,50],"damage_taken":[{"damage":5,"enemies":"Small Slimes","floor":1,"turns":3},{"damage":0,"enemies":"2 Louse","floor":5,"turns":1},{"damage":0,"enemies":"Lagavulin","floor":8,"turns":4},{"damage":15,"enemies":"3 Sentries","floor":13,"turns":7},{"damage":0,"enemies":"Slime Boss","floor":16,"turns":4},{"damage":10,"enemies":"Shell Parasite","floor":18,"turns":2},{"damage":14,"enemies":"Colosseum Slavers","floor":31,"turns":2},{"damage":1,"enemies":"Colosseum Nobs","floor":31,"turns":4},{"damage":1,"enemies":"Champ","floor":33,"turns":4},{"damage":0,"enemies":"3 Shapes","floor":35,"turns":3},{"damage":0,"enemies":"Mind Bloom Boss Battle","floor":45,"turns":3},{"damage":0,"enemies":"Time Eater","floor":50,"turns":4}],"seed_played":"448686846286432074","potions_obtained":[{"floor":8,"key":"FocusPotion"},{"floor":12,"key":"Swift Potion"},{"floor":12,"key":"FairyPotion"},{"floor":13,"key":"Explosive Potion"},{"floor":39,"key":"Weak Potion"}],"is_trial":true,"path_per_floor":["M","?","?","$","M","R","R","E","T","R","?","?","E","$","R","B",null,"M","?","$","?","$","R","R","R","T","?","R","?","?","?","R","B",null,"M","?","?","$","?","R","R","R","T","?","?","T","$","?","R","B",null],"character_chosen":"DEFECT","items_purchased":["Lantern","Orichalcum","Emotion Chip","Loop","Frozen Eye"],"campfire_rested":3,"item_purchase_floors":[20,20,38,47,47],"current_hp_per_floor":[75,57,75,75,75,75,75,75,75,75,75,75,67,67,67,74,75,72,72,72,72,72,72,72,72,72,56,56,56,56,75,75,74,89,89,89,89,89,89,89,89,89,89,89,89,89,89,79,79,79],"gold":230,"neow_bonus":"","is_prod":false,"is_daily":false,"chose_seed":false,"campfire_upgraded":10,"win_rate":0,"timestamp":1556458994,"path_taken":["M","?","?","$","?","R","R","E","T","R","?","?","E","?","R","BOSS","M","?","$","?","?","R","R","R","T","?","R","?","?","?","R","BOSS","M","?","?","$","?","R","R","R","T","?","?","?","$","?","R","BOSS"],"build_version":"2019-01-23","purchased_purges":0,"victory":true,"max_hp_per_floor":[75,75,75,75,75,75,75,75,75,75,75,75,75,75,75,75,75,75,75,75,75,75,75,75,75,75,75,75,75,75,89,89,89,89,89,89,89,89,89,89,89,89,89,89,89,89,89,89,89,89],"card_choices":[{"not_picked":["Sweeping Beam","Redo","Double Energy"],"picked":"SKIP","floor":1},{"not_picked":["Hologram","Chill","Go for the Eyes"],"picked":"SKIP","floor":5},{"not_picked":["Ball Lightning","Sweeping Beam","Streamline"],"picked":"SKIP","floor":8},{"not_picked":["Streamline","Machine Learning","Chaos"],"picked":"SKIP","floor":13},{"not_picked":["Amplify","Rainbow"],"picked":"Core Surge","floor":16},{"not_picked":[],"picked":"Coolheaded+1","floor":18},{"not_picked":[],"picked":"Darkness+1","floor":31},{"not_picked":["Doom and Gloom"],"picked":"SKIP","floor":35}],"player_experience":3058244,"relics_obtained":[{"floor":8,"key":"Juzu Bracelet"},{"floor":9,"key":"Vajra"},{"floor":13,"key":"Mercury Hourglass"},{"floor":26,"key":"Incense Burner"},{"floor":27,"key":"Necronomicon"},{"floor":31,"key":"Mango"},{"floor":31,"key":"Dodecahedron"},{"floor":43,"key":"Anchor"},{"floor":45,"key":"Turnip"},{"floor":46,"key":"Art of War"}],"event_choices":[{"damage_healed":0,"gold_gain":0,"player_choice":"Take Damage","damage_taken":18,"relics_obtained":["Golden Idol"],"max_hp_gain":0,"max_hp_loss":0,"event_name":"Golden Idol","floor":2,"gold_loss":0},{"cards_removed":["Auto Shields"],"damage_healed":18,"gold_gain":0,"player_choice":"Offered Uncommon","damage_taken":0,"max_hp_gain":0,"max_hp_loss":0,"event_name":"Bonfire Elementals","floor":3,"gold_loss":0},{"cards_removed":["Sunder"],"damage_healed":0,"gold_gain":0,"player_choice":"Purged","damage_taken":0,"max_hp_gain":0,"max_hp_loss":0,"event_name":"Purifier","floor":11,"gold_loss":0},{"damage_healed":0,"gold_gain":0,"player_choice":"Got Potions","damage_taken":0,"max_hp_gain":0,"max_hp_loss":0,"event_name":"Lab","floor":12,"gold_loss":0},{"cards_removed":["Hologram"],"damage_healed":0,"gold_gain":0,"player_choice":"Elegance","damage_taken":0,"max_hp_gain":0,"max_hp_loss":0,"event_name":"Back to Basics","floor":19,"gold_loss":0},{"damage_healed":0,"gold_gain":0,"player_choice":"Opened","damage_taken":0,"relics_obtained":["Cables"],"max_hp_gain":0,"max_hp_loss":0,"event_name":"The Mausoleum","floor":21,"gold_loss":0},{"damage_healed":0,"gold_gain":0,"player_choice":"Obtained Book","damage_taken":16,"max_hp_gain":0,"max_hp_loss":0,"event_name":"Cursed Tome","floor":27,"gold_loss":0},{"damage_healed":0,"gold_gain":0,"player_choice":"Read","damage_taken":0,"max_hp_gain":0,"max_hp_loss":0,"event_name":"The Library","floor":29,"gold_loss":0,"cards_obtained":["Compile Driver"]},{"damage_healed":0,"gold_gain":0,"player_choice":"Ignored","damage_taken":0,"max_hp_gain":0,"max_hp_loss":0,"event_name":"Ghosts","floor":30,"gold_loss":0},{"damage_healed":0,"gold_gain":0,"player_choice":"Fight","damage_taken":0,"max_hp_gain":0,"max_hp_loss":0,"event_name":"Colosseum","floor":31,"gold_loss":0},{"damage_healed":0,"gold_gain":0,"player_choice":"Fought Nobs","damage_taken":0,"max_hp_gain":0,"max_hp_loss":0,"event_name":"Colosseum","floor":31,"gold_loss":0},{"damage_healed":0,"gold_gain":333,"player_choice":"Gave Idol","damage_taken":0,"max_hp_gain":0,"max_hp_loss":0,"event_name":"The Moai Head","floor":36,"relics_lost":["Golden Idol"],"gold_loss":0},{"cards_removed":["Self Repair"],"damage_healed":0,"gold_gain":0,"player_choice":"Removed Power","damage_taken":0,"max_hp_gain":0,"max_hp_loss":0,"event_name":"Falling","floor":37,"gold_loss":0},{"damage_healed":0,"gold_gain":0,"player_choice":"Bought 1 Potion","damage_taken":0,"max_hp_gain":0,"max_hp_loss":0,"event_name":"The Woman in Blue","floor":39,"gold_loss":0},{"damage_healed":0,"gold_gain":0,"player_choice":"Ignored","damage_taken":0,"max_hp_gain":0,"max_hp_loss":0,"event_name":"Tomb of Lord Red Mask","floor":44,"gold_loss":0},{"damage_healed":0,"gold_gain":0,"player_choice":"Fight","damage_taken":0,"max_hp_gain":0,"max_hp_loss":0,"event_name":"MindBloom","floor":45,"gold_loss":0},{"damage_healed":0,"gold_gain":0,"player_choice":"Memory 3","damage_taken":10,"max_hp_gain":0,"max_hp_loss":0,"event_name":"SensoryStone","floor":48,"gold_loss":0}],"is_beta":false,"boss_relics":[{"not_picked":["Nuclear Battery","Lizard Tail"],"picked":"Busted Crown"},{"not_picked":["Tiny House","FrozenCore"],"picked":"Black Star"}],"items_purged_floors":[],"is_endless":false,"potions_floor_spawned":[8,13,18,31,45],"ascension_level":1}