{"gold_per_floor":[112,123,123,142,13,13,27,71,94,125,125,125],"floor_reached":12,"playtime":439,"items_purged":["Strike_G"],"score":176,"play_id":"a6a61fb1-6d4e-4464-87cc-82c193a65191","local_time":"20190407132110","is_ascension_mode":true,"campfire_choices":[{"data":"Accuracy","floor":6.0,"key":"SMITH"}],"neow_cost":"NONE","seed_source_timestamp":6225193847600,"circlet_count":0,"master_deck":["AscendersBane","Defend_G","Defend_G","Defend_G","Defend_G","Defend_G","Strike_G","Strike_G","Strike_G","Strike_G","Survivor","Neutralize","Blade Dance","Accuracy+1","Blade Dance","Blade Dance","Infinite Blades","Accuracy"],"special_seed":0,"relics":["Black Star","Golden Idol","Dream Catcher","Omamori","Juzu Bracelet","Regal Pillow"],"potions_floor_usage":[12],"damage_taken":[{"damage":20.0,"enemies":"Cultist","floor":1.0,"turns":6.0},{"damage":7.0,"enemies":"Small Slimes","floor":2.0,"turns":4.0},{"damage":9.0,"enemies":"Jaw Worm","floor":4.0,"turns":5.0},{"damage":8.0,"enemies":"Red Slaver","floor":7.0,"turns":3.0},{"damage":6.0,"enemies":"Lagavulin","floor":8.0,"turns":5.0},{"damage":6.0,"enemies":"3 Sentries","floor":10.0,"turns":7.0},{"damage":13,"enemies":"Blue Slaver","floor":12,"turns":2}],"seed_played":"-8545192922336999225","potions_obtained":[{"floor":1.0,"key":"Dexterity Potion"},{"floor":8.0,"key":"EssenceOfSteel"},{"floor":10.0,"key":"Explosive Potion"}],"is_trial":false,"path_per_floor":["M","M","?","M","$","R","M","E","T","E","?","M"],"character_chosen":"THE_SILENT","items_purchased":["Blade Dance"],"campfire_rested":0,"item_purchase_floors":[5],"current_hp_per_floor":[39,32,32,23,23,23,15,9,9,3,3,0],"gold":125,"neow_bonus":"BOSS_RELIC","is_prod":false,"is_daily":false,"chose_seed":false,"campfire_upgraded":1,"win_rate":0,"timestamp":1554614470,"path_taken":["M","?","?","M","$","R","M","E","T","E","?","M"],"build_version":"2019-04-04","purchased_purges":1,"victory":false,"max_hp_per_floor":[66,66,60,60,60,60,60,60,60,60,60,60],"card_choices":[{"not_picked":["Leg Sweep","Flying Knee"],"picked":"Blade Dance","floor":1.0},{"not_picked":["Heel Hook","Deadly Poison"],"picked":"Accuracy","floor":2.0},{"not_picked":["Acrobatics","Underhanded Strike"],"picked":"Blade Dance","floor":4.0},{"not_picked":["Quick Slash","Slice"],"picked":"Infinite Blades","floor":7.0},{"not_picked":["Quick Slash","Acrobatics"],"picked":"Accuracy","floor":8.0},{"not_picked":["All Out Attack","Prepared","Flying Knee"],"picked":"SKIP","floor":10.0}],"player_experience":1328105,"relics_obtained":[{"floor":8.0,"key":"Dream Catcher"},{"floor":8.0,"key":"Omamori"},{"floor":9.0,"key":"Juzu Bracelet"},{"floor":10.0,"key":"Regal Pillow"}],"event_choices":[{"damage_healed":0.0,"max_hp_gain":0.0,"max_hp_loss":6.0,"gold_gain":0.0,"event_name":"Golden Idol","player_choice":"Lose Max HP","floor":3.0,"gold_loss":0.0,"damage_taken":0.0,"relics_obtained":["Golden Idol"]},{"damage_healed":0,"gold_gain":0,"player_choice":"0 cards matched","damage_taken":0,"max_hp_gain":0,"max_hp_loss":0,"event_name":"Match and Keep!","floor":11,"gold_loss":0,"cards_obtained":[]}],"is_beta":true,"boss_relics":[],"items_purged_floors":[5],"is_endless":false,"potions_floor_spawned":[1,8,10],"killed_by":"Blue Slaver","ascension_level":20}