{"gold_per_floor":[116,129,129,146,161,161,190,205,205,218,218,247,247,281,281,379,379,398,410,510,92,108,108,108],"floor_reached":24,"playtime":1405,"items_purged":["Strike_R"],"score":265,"play_id":"b4b72a57-5756-4549-95af-3f1576cae009","local_time":"20190327204742","is_ascension_mode":true,"campfire_choices":[{"data":"Bash","floor":6,"key":"SMITH"},{"data":"Flex","floor":11,"key":"SMITH"},{"data":"Bloodletting","floor":15,"key":"SMITH"},{"floor":23,"key":"REST"}],"neow_cost":"NONE","seed_source_timestamp":1080389103328900,"circlet_count":0,"master_deck":["Strike_R","Strike_R","Strike_R","Defend_R","Defend_R","Defend_R","Defend_R","Bash+1","Twin Strike","Cleave","Rampage","Headbutt","Bloodletting+1","Flex+1","Reaper","Demon Form","Battle Trance","Apotheosis"],"relics":["Burning Blood","Blood Vial","Pear","Shuriken","Ornamental Fan","Philosopher\u0027s Stone","StoneCalendar","Matryoshka","Bronze Scales"],"potions_floor_usage":[7,12,14,14,18,20,24],"damage_taken":[{"damage":9,"enemies":"Jaw Worm","floor":1,"turns":3},{"damage":1,"enemies":"Cultist","floor":2,"turns":3},{"damage":0,"enemies":"Small Slimes","floor":4,"turns":2},{"damage":3,"enemies":"3 Louse","floor":5,"turns":3},{"damage":28,"enemies":"Gremlin Nob","floor":7,"turns":4},{"damage":0,"enemies":"Exordium Wildlife","floor":8,"turns":2},{"damage":3,"enemies":"Large Slime","floor":10,"turns":3},{"damage":31,"enemies":"3 Sentries","floor":12,"turns":8},{"damage":2,"enemies":"Gremlin Nob","floor":14,"turns":3},{"damage":25,"enemies":"Slime Boss","floor":16,"turns":8},{"damage":23,"enemies":"2 Thieves","floor":18,"turns":4},{"damage":9,"enemies":"Chosen","floor":19,"turns":4},{"damage":43,"enemies":"Colosseum Slavers","floor":20,"turns":5},{"damage":33,"enemies":"Colosseum Nobs","floor":20,"turns":6},{"damage":42,"enemies":"Shelled Parasite and Fungi","floor":22,"turns":5},{"damage":68,"enemies":"Book of Stabbing","floor":24,"turns":4}],"seed_played":"-4814281058118200382","potions_obtained":[{"floor":2,"key":"FearPotion"},{"floor":5,"key":"GamblersBrew"},{"floor":7,"key":"Poison Potion"},{"floor":8,"key":"Block Potion"},{"floor":16,"key":"Poison Potion"},{"floor":19,"key":"Explosive Potion"},{"floor":22,"key":"Block Potion"}],"is_trial":false,"path_per_floor":["M","M","?","M","M","R","E","M","T","M","R","E","?","E","R","B",null,"M","M","?","$","M","R","E"],"character_chosen":"IRONCLAD","items_purchased":["Apotheosis","Bronze Scales"],"campfire_rested":1,"item_purchase_floors":[21,21],"current_hp_per_floor":[85,88,88,88,88,88,66,74,84,89,89,66,59,65,65,56,98,86,91,52,52,18,47,0],"gold":108,"neow_bonus":"TEN_PERCENT_HP_BONUS","is_prod":false,"is_daily":false,"chose_seed":false,"campfire_upgraded":3,"win_rate":0,"timestamp":1553712462,"path_taken":["M","M","?","?","M","R","E","M","T","M","R","E","?","E","R","BOSS","M","M","?","$","M","R","E"],"build_version":"2019-01-23","purchased_purges":1,"victory":false,"max_hp_per_floor":[88,88,88,88,88,88,88,88,98,98,98,98,98,98,98,98,98,98,98,98,98,98,98,98],"card_choices":[{"not_picked":["Clash","Thunderclap","Burning Pact"],"picked":"SKIP","floor":1},{"not_picked":["Infernal Blade","Sentinel"],"picked":"Twin Strike","floor":2},{"not_picked":["Entrench","Thunderclap","Pommel Strike"],"picked":"SKIP","floor":4},{"not_picked":["Body Slam","Hemokinesis","Shrug It Off"],"picked":"SKIP","floor":5},{"not_picked":["Anger","Carnage"],"picked":"Headbutt","floor":7},{"not_picked":["Infernal Blade","Rage"],"picked":"Bloodletting","floor":8},{"not_picked":["Clothesline","Wild Strike"],"picked":"Flex","floor":10},{"not_picked":["Wild Strike","Clothesline","Brutality"],"picked":"SKIP","floor":12},{"not_picked":["Infernal Blade","Sever Soul"],"picked":"Reaper","floor":14},{"not_picked":["Limit Break","Immolate"],"picked":"Demon Form","floor":16},{"not_picked":["Shrug It Off","Flex","Body Slam"],"picked":"SKIP","floor":18},{"not_picked":["Clash","Sword Boomerang","Flex+1"],"picked":"SKIP","floor":19},{"not_picked":["Barricade","Twin Strike"],"picked":"Battle Trance","floor":20},{"not_picked":["Warcry","Twin Strike","True Grit"],"picked":"SKIP","floor":22}],"player_experience":112559,"relics_obtained":[{"floor":7,"key":"Blood Vial"},{"floor":9,"key":"Pear"},{"floor":12,"key":"Shuriken"},{"floor":14,"key":"Ornamental Fan"},{"floor":20,"key":"StoneCalendar"},{"floor":20,"key":"Matryoshka"}],"event_choices":[{"damage_healed":0,"gold_gain":0,"player_choice":"2 cards matched","damage_taken":0,"max_hp_gain":0,"max_hp_loss":0,"event_name":"Match and Keep!","floor":3,"gold_loss":0,"cards_obtained":["Cleave","Rampage"]},{"cards_removed":["Strike_R"],"damage_healed":0,"gold_gain":0,"player_choice":"Card Removal","damage_taken":7,"max_hp_gain":0,"max_hp_loss":0,"event_name":"Golden Wing","floor":13,"gold_loss":0},{"damage_healed":0,"gold_gain":0,"player_choice":"Fight","damage_taken":0,"max_hp_gain":0,"max_hp_loss":0,"event_name":"Colosseum","floor":20,"gold_loss":0},{"damage_healed":0,"gold_gain":0,"player_choice":"Fought Nobs","damage_taken":0,"max_hp_gain":0,"max_hp_loss":0,"event_name":"Colosseum","floor":20,"gold_loss":0}],"is_beta":false,"boss_relics":[{"not_picked":["Empty Cage","Busted Crown"],"picked":"Philosopher\u0027s Stone"}],"items_purged_floors":[21],"is_endless":false,"potions_floor_spawned":[2,5,7,8,16,19,22],"killed_by":"Book of Stabbing","ascension_level":2}