{"gold_per_floor":[113,38,38,38,56,56,56,84,114,114,145,155,169,201,201,278,278,289,22,37,37,37,37,37,37],"floor_reached":25,"playtime":682,"items_purged":["Strike_B","Strike_B"],"score":534,"play_id":"28556b14-449c-4455-b165-dd2df6396b3a","local_time":"20190314000457","is_ascension_mode":true,"campfire_choices":[{"data":"Biased Cognition","floor":6.0,"key":"SMITH"},{"floor":10.0,"key":"REST"},{"floor":15.0,"key":"REST"},{"data":"Recycle","floor":23.0,"key":"SMITH"}],"neow_cost":"TEN_PERCENT_HP_LOSS","seed_source_timestamp":22825876507300,"circlet_count":0,"master_deck":["AscendersBane","Defend_B","Defend_B","Defend_B","Defend_B","Zap+1","Dualcast","Core Surge","Beam Cell","Biased Cognition+1","Turbo","Recycle+1","Cold Snap","All For One","Echo Form","Coolheaded","Ghostly","Ghostly","Ghostly"],"special_seed":0,"relics":["Cracked Core","Calipers","Tiny Chest","Shuriken","Turnip","Runic Pyramid","Membership Card"],"potions_floor_usage":[],"damage_taken":[{"damage":0.0,"enemies":"2 Louse","floor":1.0,"turns":3.0},{"damage":2.0,"enemies":"Jaw Worm","floor":5.0,"turns":3.0},{"damage":15.0,"enemies":"Lagavulin","floor":8.0,"turns":6.0},{"damage":29.0,"enemies":"Gremlin Nob","floor":11.0,"turns":4.0},{"damage":0.0,"enemies":"Cultist","floor":12.0,"turns":3.0},{"damage":7.0,"enemies":"2 Fungi Beasts","floor":13.0,"turns":3.0},{"damage":11.0,"enemies":"Lagavulin","floor":14.0,"turns":7.0},{"damage":0.0,"enemies":"Slime Boss","floor":16.0,"turns":9.0},{"damage":15.0,"enemies":"2 Thieves","floor":18.0,"turns":5.0},{"damage":0.0,"enemies":"Chosen","floor":20.0,"turns":4.0},{"damage":0,"enemies":"Slavers","floor":25,"turns":1}],"seed_played":"5251366318498884433","potions_obtained":[{"floor":11.0,"key":"Dexterity Potion"},{"floor":12.0,"key":"GamblersBrew"},{"floor":13.0,"key":"EntropicBrew"}],"is_trial":false,"path_per_floor":["M","$","?","?","M","R","?","E","T","R","E","M","M","E","R","B",null,"M","$","M","?","$","R","?","E"],"character_chosen":"DEFECT","items_purchased":["Membership Card"],"campfire_rested":2,"item_purchase_floors":[19],"current_hp_per_floor":[64,64,57,57,55,55,55,40,40,59,30,30,23,12,31,31,56,41,41,41,32,32,32,32,32],"gold":37,"neow_bonus":"THREE_RARE_CARDS","is_prod":false,"is_daily":false,"chose_seed":true,"campfire_upgraded":2,"win_rate":0,"timestamp":1552493097,"path_taken":["M","$","?","?","?","R","?","E","T","R","E","?","M","E","R","BOSS","M","$","M","?","$","R","?","E"],"build_version":"2019-01-23","purchased_purges":2,"victory":false,"max_hp_per_floor":[64,64,64,64,64,64,64,64,64,64,64,64,64,64,64,64,64,64,64,64,32,32,32,32,32],"card_choices":[{"not_picked":["Reboot","Fission"],"picked":"Core Surge","floor":0.0},{"not_picked":["Go for the Eyes","Gash"],"picked":"Beam Cell","floor":1.0},{"not_picked":["Stack","Go for the Eyes"],"picked":"Biased Cognition","floor":5.0},{"not_picked":["Fusion","Steam"],"picked":"Turbo","floor":8.0},{"not_picked":["Hello World","Skim"],"picked":"Recycle","floor":11.0},{"not_picked":["Leap","Gash"],"picked":"Cold Snap","floor":12.0},{"not_picked":["Beam Cell","Barrage","Go for the Eyes"],"picked":"SKIP","floor":13.0},{"not_picked":["Scrape","Sweeping Beam"],"picked":"All For One","floor":14.0},{"not_picked":["Biased Cognition","All For One"],"picked":"Echo Form","floor":16.0},{"not_picked":["Stack","Steam+1","Streamline"],"picked":"SKIP","floor":18.0},{"not_picked":["Stack","Steam"],"picked":"Coolheaded","floor":20.0}],"player_experience":2818139,"relics_obtained":[{"floor":8.0,"key":"Calipers"},{"floor":9.0,"key":"Tiny Chest"},{"floor":11.0,"key":"Shuriken"},{"floor":14.0,"key":"Turnip"}],"event_choices":[{"cards_removed":["Strike_B"],"damage_healed":0.0,"max_hp_gain":0.0,"max_hp_loss":0.0,"gold_gain":0.0,"event_name":"Golden Wing","player_choice":"Card Removal","floor":3.0,"gold_loss":0.0,"damage_taken":7.0},{"damage_healed":0.0,"max_hp_gain":0.0,"max_hp_loss":0.0,"gold_gain":0.0,"event_name":"Upgrade Shrine","player_choice":"Upgraded","floor":4.0,"gold_loss":0.0,"damage_taken":0.0,"cards_upgraded":["Zap"]},{"cards_removed":["Strike_B"],"damage_healed":0.0,"max_hp_gain":0.0,"max_hp_loss":0.0,"gold_gain":0.0,"event_name":"Bonfire Elementals","player_choice":"Offered Basic","floor":7.0,"gold_loss":0.0,"damage_taken":0.0},{"damage_healed":0.0,"max_hp_gain":0.0,"max_hp_loss":32.0,"gold_gain":0.0,"event_name":"Ghosts","player_choice":"Became a Ghost","floor":21.0,"gold_loss":0.0,"damage_taken":0.0,"cards_obtained":["Ghostly","Ghostly","Ghostly"]}],"is_beta":false,"boss_relics":[{"not_picked":["Inserter","Pandora\u0027s Box"],"picked":"Runic Pyramid"}],"items_purged_floors":[2,19],"is_endless":false,"potions_floor_spawned":[11,12,13],"killed_by":"Slavers","ascension_level":20}