{"gold_per_floor":[114,126,144,219,219,219,250,250,250,260,291,291,291,308,308,380,380,393,404,404,404,36,68,68,68],"floor_reached":25,"playtime":726,"items_purged":["Strike_B"],"score":401,"play_id":"73cc7b26-5035-40e6-a5e2-1fb5bbebd7fe","local_time":"20181220185057","is_ascension_mode":true,"campfire_choices":[{"data":"Zap","floor":6.0,"key":"SMITH"},{"data":"Go for the Eyes","floor":8.0,"key":"SMITH"},{"data":"Dualcast","floor":12.0,"key":"SMITH"},{"floor":15.0,"key":"REST"},{"floor":24,"key":"REST"}],"neow_cost":"NONE","seed_source_timestamp":36453397333529,"circlet_count":0,"master_deck":["AscendersBane","Strike_B","Strike_B","Defend_B","Defend_B","Defend_B","Defend_B","Zap+1","Dualcast+1","Steam","Rip and Tear","Static Discharge","Go for the Eyes+1","Ball Lightning","Core Surge","Leap+1","Ball Lightning","Ghostly","Ghostly","Ghostly","Biased Cognition","Defragment","Capacitor"],"special_seed":0,"relics":["Cracked Core","Shuriken","Singing Bowl","Vajra","Fusion Hammer","DataDisk","Strawberry"],"potions_floor_usage":[23,23],"damage_taken":[{"damage":7.0,"enemies":"Jaw Worm","floor":1.0,"turns":3.0},{"damage":0.0,"enemies":"Small Slimes","floor":2.0,"turns":3.0},{"damage":0.0,"enemies":"2 Louse","floor":3.0,"turns":2.0},{"damage":14.0,"enemies":"Lagavulin","floor":7.0,"turns":7.0},{"damage":11.0,"enemies":"Large Slime","floor":10.0,"turns":6.0},{"damage":10.0,"enemies":"Gremlin Nob","floor":11.0,"turns":4.0},{"damage":0.0,"enemies":"3 Louse","floor":14.0,"turns":2.0},{"damage":33.0,"enemies":"The Guardian","floor":16.0,"turns":9.0},{"damage":42,"enemies":"3 Byrds","floor":18,"turns":3},{"damage":1,"enemies":"Spheric Guardian","floor":19,"turns":3},{"damage":22,"enemies":"Book of Stabbing","floor":23,"turns":3},{"damage":35,"enemies":"Slavers","floor":25,"turns":2}],"seed_played":"370464465326885944","potions_obtained":[{"floor":7.0,"key":"SpeedPotion"},{"floor":10.0,"key":"LiquidBronze"},{"floor":11.0,"key":"LiquidBronze"}],"is_trial":false,"path_per_floor":["M","M","M","?","?","R","E","R","T","M","E","R","?","M","R","B",null,"M","M","?","?","$","E","R","E"],"character_chosen":"DEFECT","items_purchased":["DataDisk","Regen Potion","Defragment"],"campfire_rested":2,"item_purchase_floors":[22,22,22],"current_hp_per_floor":[64,64,64,53,53,53,39,39,39,28,20,20,13,15,39,6,63,21,20,20,20,20,17,31,0],"gold":68,"neow_bonus":"TEN_PERCENT_HP_BONUS","is_prod":false,"is_daily":false,"chose_seed":false,"campfire_upgraded":3,"win_rate":0,"timestamp":1545360657,"path_taken":["M","M","M","?","?","R","E","R","T","M","E","R","?","M","R","BOSS","M","M","?","?","$","E","R","E"],"build_version":"2018-12-20","purchased_purges":1,"victory":false,"max_hp_per_floor":[78,78,78,78,78,78,78,78,78,78,80,80,80,82,82,82,82,82,82,41,41,41,48,48,48],"card_choices":[{"not_picked":["Beam Cell","Turbo"],"picked":"Steam","floor":1.0},{"not_picked":["Steam","Stack"],"picked":"Rip and Tear","floor":2.0},{"not_picked":["Conserve Battery","Steam"],"picked":"Static Discharge","floor":3.0},{"not_picked":["Multi-Cast","Lockon"],"picked":"Go for the Eyes","floor":7.0},{"not_picked":["Consume","Compile Driver"],"picked":"Ball Lightning","floor":10.0},{"not_picked":["Redo","Turbo","Rebound"],"picked":"Singing Bowl","floor":11.0},{"not_picked":["Turbo","Beam Cell","Steam"],"picked":"Singing Bowl","floor":14.0},{"not_picked":["Hyperbeam","Buffer"],"picked":"Core Surge","floor":16.0},{"not_picked":["Rebound","Lockon"],"picked":"Leap+1","floor":18},{"not_picked":["Redo","Gash"],"picked":"Ball Lightning","floor":19},{"not_picked":["Undo+1","Fission"],"picked":"Capacitor","floor":23}],"player_experience":1845057,"relics_obtained":[{"floor":7.0,"key":"Shuriken"},{"floor":9.0,"key":"Singing Bowl"},{"floor":11.0,"key":"Vajra"},{"floor":23,"key":"Strawberry"}],"event_choices":[{"damage_healed":0.0,"max_hp_gain":0.0,"max_hp_loss":0.0,"gold_gain":75.0,"event_name":"World of Goop","player_choice":"Gather Gold","floor":4.0,"gold_loss":0.0,"damage_taken":11.0},{"damage_healed":0.0,"max_hp_gain":0.0,"max_hp_loss":0.0,"gold_gain":0.0,"event_name":"Liars Game","player_choice":"Ignored","floor":5.0,"gold_loss":0.0,"damage_taken":0.0},{"cards_removed":["Strike_B"],"damage_healed":0.0,"max_hp_gain":0.0,"max_hp_loss":0.0,"gold_gain":0.0,"event_name":"Golden Wing","player_choice":"Card Removal","floor":13.0,"gold_loss":0.0,"damage_taken":7.0},{"damage_healed":0,"gold_gain":0,"player_choice":"Became a Ghost","damage_taken":0,"max_hp_gain":0,"max_hp_loss":41,"event_name":"Ghosts","floor":20,"gold_loss":0,"cards_obtained":["Ghostly","Ghostly","Ghostly"]},{"damage_healed":0,"gold_gain":0,"player_choice":"Read","damage_taken":0,"max_hp_gain":0,"max_hp_loss":0,"event_name":"The Library","floor":21,"gold_loss":0,"cards_obtained":["Biased Cognition"]}],"is_beta":false,"boss_relics":[{"not_picked":["Inserter","FrozenCore"],"picked":"Fusion Hammer"}],"items_purged_floors":[22],"is_endless":false,"potions_floor_spawned":[7,10,11],"killed_by":"Slavers","ascension_level":15}