{"gold_per_floor":[111,186,186,197,197,224,235,254,254,254,273,9,9,21,21,126,126,144,144,156,182,182,182,182,182,232,263,188,188,163,176,176,176],"floor_reached":33,"playtime":4076,"items_purged":["Strike_B"],"score":302,"play_id":"f124d3f1-e96a-4474-a329-20d56780245b","local_time":"20190406145209","is_ascension_mode":true,"campfire_choices":[{"floor":10.0,"key":"REST"},{"floor":13.0,"key":"REST"},{"floor":15.0,"key":"REST"},{"data":"Chaos","floor":23.0,"key":"SMITH"},{"data":"Creative AI","floor":25.0,"key":"SMITH"},{"floor":32,"key":"REST"}],"neow_cost":"NONE","seed_source_timestamp":11776912024046,"circlet_count":0,"master_deck":["Strike_B","Strike_B+1","Defend_B","Defend_B","Defend_B","Zap","Dualcast","Reinforced Body+1","Reprogram","Tempest","Genetic Algorithm","Hello World","Melter+1","Rip and Tear","Chaos+1","Creative AI+1","Coolheaded+1","Steam+1","J.A.X.","Go for the Eyes","Self Repair"],"special_seed":0,"relics":["Cracked Core","Ancient Tea Set","GremlinMask","Mercury Hourglass","Incense Burner","Juzu Bracelet","Sozu","StoneCalendar","Red Mask","Whetstone","Lantern"],"potions_floor_usage":[],"damage_taken":[{"damage":2.0,"enemies":"Jaw Worm","floor":1.0,"turns":3.0},{"damage":0.0,"enemies":"Small Slimes","floor":4.0,"turns":4.0},{"damage":33.0,"enemies":"Lagavulin","floor":6.0,"turns":9.0},{"damage":0.0,"enemies":"Cultist","floor":7.0,"turns":3.0},{"damage":13.0,"enemies":"Lots of Slimes","floor":8.0,"turns":3.0},{"damage":31.0,"enemies":"Exordium Thugs","floor":11.0,"turns":5.0},{"damage":0.0,"enemies":"Blue Slaver","floor":14.0,"turns":3.0},{"damage":26.0,"enemies":"Slime Boss","floor":16.0,"turns":10.0},{"damage":2.0,"enemies":"3 Byrds","floor":18.0,"turns":4.0},{"damage":0.0,"enemies":"Spheric Guardian","floor":20.0,"turns":2.0},{"damage":22.0,"enemies":"Masked Bandits","floor":21.0,"turns":5.0},{"damage":55,"enemies":"Slavers","floor":27,"turns":5},{"damage":9,"enemies":"Snecko","floor":31,"turns":4},{"damage":36,"enemies":"Automaton","floor":33,"turns":6}],"seed_played":"2157745946059774915","potions_obtained":[{"floor":4.0,"key":"SpeedPotion"},{"floor":11.0,"key":"Swift Potion"},{"floor":14.0,"key":"SpeedPotion"}],"is_trial":false,"path_per_floor":["M","?","?","M","?","E","M","M","T","R","M","$","R","M","R","B",null,"M","?","M","?","?","R","?","R","T","E","?","?","$","M","R","B"],"character_chosen":"DEFECT","items_purchased":["Juzu Bracelet","Rip and Tear","Go for the Eyes"],"campfire_rested":4,"item_purchase_floors":[12,12,30],"current_hp_per_floor":[73,62,62,62,62,29,29,16,16,38,7,7,29,29,51,25,75,73,73,73,51,75,75,75,75,75,20,20,20,20,11,33,0],"gold":176,"neow_bonus":"RANDOM_COMMON_RELIC","is_prod":false,"is_daily":false,"chose_seed":false,"campfire_upgraded":2,"win_rate":0,"timestamp":1554558729,"path_taken":["M","?","?","M","?","E","M","M","T","R","?","$","R","M","R","BOSS","M","?","M","?","?","R","?","R","T","E","?","?","$","M","R","BOSS"],"build_version":"2019-01-23","purchased_purges":1,"victory":false,"max_hp_per_floor":[75,75,75,75,75,75,75,75,75,75,75,75,75,75,75,75,75,75,75,75,75,75,75,75,75,75,75,75,75,75,75,75,75],"card_choices":[{"not_picked":["Go for the Eyes","Turbo"],"picked":"Reinforced Body","floor":1.0},{"not_picked":["Coolheaded","Steam Power"],"picked":"Reprogram","floor":4.0},{"not_picked":["Leap","Cold Snap"],"picked":"Tempest","floor":6.0},{"not_picked":["Sweeping Beam","Beam Cell"],"picked":"Genetic Algorithm","floor":7.0},{"not_picked":["Steam Power","Force Field"],"picked":"Hello World","floor":8.0},{"not_picked":["Coolheaded","Rebound"],"picked":"Melter","floor":11.0},{"not_picked":["Streamline","Fusion"],"picked":"Chaos","floor":14.0},{"not_picked":["Seek","Amplify"],"picked":"Creative AI","floor":16.0},{"not_picked":["Hologram","Sweeping Beam"],"picked":"Coolheaded+1","floor":18.0},{"not_picked":["Gash+1","Rip and Tear","Turbo"],"picked":"SKIP","floor":20.0},{"not_picked":["Ball Lightning","Leap"],"picked":"Steam+1","floor":21.0},{"not_picked":["Rebound","Compile Driver","Recycle"],"picked":"SKIP","floor":27},{"not_picked":["Recycle+1","Tempest"],"picked":"Self Repair","floor":31}],"player_experience":506197,"relics_obtained":[{"floor":6.0,"key":"Mercury Hourglass"},{"floor":9.0,"key":"Incense Burner"},{"floor":21.0,"key":"Red Mask"},{"floor":26.0,"key":"Whetstone"},{"floor":27,"key":"Lantern"}],"event_choices":[{"damage_healed":0.0,"max_hp_gain":0.0,"max_hp_loss":0.0,"gold_gain":75.0,"event_name":"World of Goop","player_choice":"Gather Gold","floor":2.0,"gold_loss":0.0,"damage_taken":11.0},{"damage_healed":0.0,"max_hp_gain":0.0,"max_hp_loss":0.0,"gold_gain":0.0,"event_name":"Living Wall","player_choice":"Grow","floor":3.0,"gold_loss":0.0,"damage_taken":0.0,"cards_upgraded":["Reinforced Body"]},{"damage_healed":0.0,"max_hp_gain":0.0,"max_hp_loss":0.0,"gold_gain":0.0,"event_name":"FaceTrader","player_choice":"Trade","floor":5.0,"gold_loss":0.0,"damage_taken":0.0,"relics_obtained":["GremlinMask"]},{"damage_healed":0.0,"max_hp_gain":0.0,"max_hp_loss":0.0,"gold_gain":0.0,"event_name":"WeMeetAgain","player_choice":"Gave Potion","floor":19.0,"gold_loss":0.0,"damage_taken":0.0,"relics_obtained":["StoneCalendar"]},{"damage_healed":0.0,"max_hp_gain":0.0,"max_hp_loss":0.0,"gold_gain":0.0,"event_name":"Masked Bandits","player_choice":"Fought Bandits","floor":21.0,"gold_loss":0.0,"damage_taken":0.0},{"damage_healed":25.0,"max_hp_gain":0.0,"max_hp_loss":0.0,"gold_gain":0.0,"event_name":"The Library","player_choice":"Heal","floor":22.0,"gold_loss":0.0,"damage_taken":0.0},{"cards_removed":["Defend_B"],"damage_healed":0.0,"max_hp_gain":0.0,"max_hp_loss":0.0,"gold_gain":0.0,"event_name":"Purifier","player_choice":"Purged","floor":24.0,"gold_loss":0.0,"damage_taken":0.0},{"cards_removed":["Strike_B"],"damage_healed":0,"gold_gain":0,"player_choice":"Gave Gold","damage_taken":0,"max_hp_gain":0,"max_hp_loss":0,"event_name":"Beggar","floor":28,"gold_loss":75},{"damage_healed":0,"gold_gain":0,"player_choice":"Obtain J.A.X.","damage_taken":0,"max_hp_gain":0,"max_hp_loss":0,"event_name":"Drug Dealer","floor":29,"gold_loss":0,"cards_obtained":["J.A.X."]}],"is_beta":false,"boss_relics":[{"not_picked":["Orrery","Snecko Eye"],"picked":"Sozu"}],"items_purged_floors":[12],"is_endless":false,"potions_floor_spawned":[4,11,14,16,21,27,31],"killed_by":"Automaton","ascension_level":3}