{"gold_per_floor":[118,138,155,155,172,172,172,199,247,277,277,303,321,321,321,392,392,392,392,392,392,392,392,392,392,392,392,392,392,392,392,392,392,392,392,392,392,392,392,392,392,392,392,392,392,392,392,392,392,392],"floor_reached":50,"playtime":4071,"items_purged":[],"score":1170,"play_id":"adb3617e-535b-4504-8868-47a1fd4702ba","local_time":"20190405211605","is_ascension_mode":true,"campfire_choices":[{"data":"Bash","floor":6.0,"key":"SMITH"},{"data":"True Grit","floor":7.0,"key":"SMITH"},{"floor":11.0,"key":"REST"},{"data":"Clothesline","floor":15.0,"key":"SMITH"},{"data":"Strike_R","floor":23.0,"key":"PURGE"},{"data":"Shrug It Off","floor":25.0,"key":"SMITH"},{"data":"Immolate","floor":27.0,"key":"SMITH"},{"data":"Sword Boomerang","floor":32.0,"key":"SMITH"},{"floor":45.0,"key":"RECALL"},{"data":"Double Tap","floor":49,"key":"SMITH"}],"neow_cost":"TEN_PERCENT_HP_LOSS","seed_source_timestamp":1432006706620300,"circlet_count":0,"master_deck":["AscendersBane","Strike_R","Strike_R","Strike_R","Defend_R","Defend_R","Defend_R","Defend_R","Bash+1","Shrug It Off","Whirlwind+1","True Grit+1","Clothesline+1","Fiend Fire","Feel No Pain","Metallicize","Immolate+1","Battle Trance","Feel No Pain","Shrug It Off+1","Offering","Sword Boomerang+1","Body Slam+1","Demon Form","Heavy Blade+1","Warcry+1","Double Tap+1","Sword Boomerang+1","Flame Barrier"],"special_seed":0,"relics":["Burning Blood","WingedGreaves","Kunai","Happy Flower","Red Skull","Meat on the Bone","Ectoplasm","Peace Pipe","The Courier","Shuriken","Mercury Hourglass","Strawberry","Sozu","Magic Flower","Omamori","Centennial Puzzle"],"potions_floor_usage":[],"damage_taken":[{"damage":7.0,"enemies":"Jaw Worm","floor":1.0,"turns":3.0},{"damage":7.0,"enemies":"Small Slimes","floor":2.0,"turns":5.0},{"damage":3.0,"enemies":"Cultist","floor":3.0,"turns":4.0},{"damage":6.0,"enemies":"Blue Slaver","floor":5.0,"turns":7.0},{"damage":55.0,"enemies":"Lagavulin","floor":8.0,"turns":10.0},{"damage":23.0,"enemies":"3 Sentries","floor":10.0,"turns":6.0},{"damage":16.0,"enemies":"Lagavulin","floor":12.0,"turns":5.0},{"damage":0.0,"enemies":"Looter","floor":13.0,"turns":2.0},{"damage":28.0,"enemies":"Hexaghost","floor":16.0,"turns":13.0},{"damage":31.0,"enemies":"Spheric Guardian","floor":18.0,"turns":6.0},{"damage":27.0,"enemies":"Colosseum Slavers","floor":19.0,"turns":2.0},{"damage":20.0,"enemies":"Colosseum Nobs","floor":19.0,"turns":4.0},{"damage":0.0,"enemies":"3 Byrds","floor":21.0,"turns":2.0},{"damage":7.0,"enemies":"Book of Stabbing","floor":24.0,"turns":5.0},{"damage":2.0,"enemies":"Snake Plant","floor":29.0,"turns":4.0},{"damage":18.0,"enemies":"Gremlin Leader","floor":30.0,"turns":3.0},{"damage":21.0,"enemies":"Cultist and Chosen","floor":31.0,"turns":7.0},{"damage":21.0,"enemies":"Collector","floor":33.0,"turns":9.0},{"damage":20.0,"enemies":"3 Darklings","floor":35.0,"turns":3.0},{"damage":26.0,"enemies":"Mind Bloom Boss Battle","floor":36.0,"turns":7.0},{"damage":11.0,"enemies":"Orb Walker","floor":37.0,"turns":3.0},{"damage":27.0,"enemies":"Sphere and 2 Shapes","floor":39.0,"turns":7.0},{"damage":49.0,"enemies":"Giant Head","floor":40.0,"turns":6.0},{"damage":20.0,"enemies":"Writhing Mass","floor":41.0,"turns":5.0},{"damage":9.0,"enemies":"Maw","floor":42.0,"turns":6.0},{"damage":28.0,"enemies":"Reptomancer","floor":46.0,"turns":5.0},{"damage":0,"enemies":"Jaw Worm Horde","floor":47,"turns":1},{"damage":64,"enemies":"Awakened One","floor":50,"turns":7}],"seed_played":"3241080283757331780","potions_obtained":[{"floor":2.0,"key":"Regen Potion"},{"floor":5.0,"key":"GamblersBrew"},{"floor":8.0,"key":"Weak Potion"},{"floor":12.0,"key":"GamblersBrew"},{"floor":16.0,"key":"GamblersBrew"},{"floor":19.0,"key":"Dexterity Potion"},{"floor":29.0,"key":"LiquidBronze"},{"floor":30.0,"key":"SpeedPotion"},{"floor":33.0,"key":"LiquidBronze"}],"is_trial":false,"path_per_floor":["M","M","M","?","M","R","R","E","T","E","R","E","M","?","R","B",null,"M","?","?","M","?","R","E","R","T","R","?","M","E","M","R","B",null,"M","?","M","?","M","E","M","M","T","?","R","E","M","?","R","B"],"character_chosen":"IRONCLAD","items_purchased":[],"campfire_rested":1,"item_purchase_floors":[],"current_hp_per_floor":[67,66,68,68,68,68,68,34,34,17,37,27,45,45,45,35,60,47,36,17,35,35,35,46,46,46,46,32,48,55,52,52,49,72,58,50,66,66,66,44,51,51,51,51,51,50,59,59,59,0],"gold":392,"neow_bonus":"ONE_RARE_RELIC","is_prod":false,"is_daily":false,"chose_seed":false,"campfire_upgraded":7,"win_rate":0,"timestamp":1554495365,"path_taken":["M","M","M","?","M","R","R","E","T","E","R","E","M","?","R","BOSS","M","?","?","M","?","R","E","R","T","R","?","M","E","M","R","BOSS","M","?","M","?","M","E","M","?","T","?","R","E","M","?","R","BOSS"],"build_version":"2019-01-23","purchased_purges":0,"victory":false,"max_hp_per_floor":[68,68,68,68,68,68,68,68,68,68,68,68,68,68,68,68,68,68,68,73,73,73,73,73,73,73,73,73,73,80,80,80,80,80,80,80,80,80,80,80,80,80,80,80,80,80,80,80,80,80],"card_choices":[{"not_picked":["Flex","Armaments"],"picked":"Shrug It Off","floor":1.0},{"not_picked":["Uppercut","Sever Soul"],"picked":"Whirlwind","floor":2.0},{"not_picked":["Body Slam","Heavy Blade","Second Wind"],"picked":"SKIP","floor":3.0},{"not_picked":["Havoc","Sentinel"],"picked":"True Grit","floor":5.0},{"not_picked":["Warcry","Corruption"],"picked":"Clothesline","floor":8.0},{"not_picked":["Dropkick","Berserk"],"picked":"Fiend Fire","floor":10.0},{"not_picked":["Burning Pact","Second Wind"],"picked":"Feel No Pain","floor":12.0},{"not_picked":["Armaments","Anger"],"picked":"Metallicize","floor":13.0},{"not_picked":["Impervious","Reaper"],"picked":"Immolate","floor":16.0},{"not_picked":["Seeing Red+1","Twin Strike"],"picked":"Battle Trance","floor":18.0},{"not_picked":["Clash","True Grit"],"picked":"Feel No Pain","floor":21.0},{"not_picked":["Pummel","Twin Strike"],"picked":"Shrug It Off","floor":24.0},{"not_picked":["Clash","Perfected Strike"],"picked":"Offering","floor":29.0},{"not_picked":["Iron Wave","Ghostly Armor"],"picked":"Sword Boomerang","floor":30.0},{"not_picked":["Metallicize","Warcry"],"picked":"Body Slam+1","floor":31.0},{"not_picked":["Bludgeon","Brutality"],"picked":"Demon Form","floor":33.0},{"not_picked":["Havoc","Perfected Strike","Cleave"],"picked":"SKIP","floor":35.0},{"not_picked":["Sever Soul","Spot Weakness"],"picked":"Heavy Blade+1","floor":36.0},{"not_picked":["Clothesline+1","Shrug It Off"],"picked":"Warcry+1","floor":37.0},{"not_picked":["Perfected Strike","Searing Blow","Clash"],"picked":"SKIP","floor":39.0},{"not_picked":["Ghostly Armor+1","Clash"],"picked":"Double Tap","floor":40.0},{"not_picked":["Anger+1","Perfected Strike+1"],"picked":"Sword Boomerang+1","floor":41.0},{"not_picked":["Anger","Headbutt"],"picked":"Evolve","floor":42.0},{"not_picked":["Wild Strike","Warcry","Sword Boomerang"],"picked":"SKIP","floor":46.0},{"not_picked":["Seeing Red","Rage"],"picked":"Flame Barrier","floor":47}],"player_experience":2529981,"relics_obtained":[{"floor":8.0,"key":"Kunai"},{"floor":9.0,"key":"Happy Flower"},{"floor":10.0,"key":"Red Skull"},{"floor":12.0,"key":"Meat on the Bone"},{"floor":19.0,"key":"Peace Pipe"},{"floor":19.0,"key":"The Courier"},{"floor":24.0,"key":"Shuriken"},{"floor":26.0,"key":"Mercury Hourglass"},{"floor":30.0,"key":"Strawberry"},{"floor":36.0,"key":"Magic Flower"},{"floor":40.0,"key":"Omamori"},{"floor":46.0,"key":"Centennial Puzzle"}],"event_choices":[{"damage_healed":0.0,"max_hp_gain":0.0,"max_hp_loss":0.0,"gold_gain":0.0,"event_name":"Living Wall","player_choice":"Grow","floor":4.0,"gold_loss":0.0,"damage_taken":0.0,"cards_upgraded":["Whirlwind"]},{"cards_removed":["Strike_R"],"damage_healed":0.0,"max_hp_gain":0.0,"max_hp_loss":0.0,"gold_gain":0.0,"event_name":"Bonfire Elementals","player_choice":"Offered Basic","floor":14.0,"gold_loss":0.0,"damage_taken":0.0},{"damage_healed":0.0,"max_hp_gain":0.0,"max_hp_loss":0.0,"gold_gain":0.0,"event_name":"Colosseum","player_choice":"Fight","floor":19.0,"gold_loss":0.0,"damage_taken":0.0},{"damage_healed":0.0,"max_hp_gain":0.0,"max_hp_loss":0.0,"gold_gain":0.0,"event_name":"Colosseum","player_choice":"Fought Nobs","floor":19.0,"gold_loss":0.0,"damage_taken":0.0},{"damage_healed":0.0,"max_hp_gain":5.0,"max_hp_loss":0.0,"gold_gain":0.0,"event_name":"Forgotten Altar","player_choice":"Shed Blood","floor":20.0,"gold_loss":0.0,"damage_taken":24.0},{"damage_healed":0.0,"max_hp_gain":0.0,"max_hp_loss":0.0,"gold_gain":0.0,"event_name":"Ghosts","player_choice":"Ignored","floor":22.0,"gold_loss":0.0,"damage_taken":0.0},{"damage_healed":0.0,"max_hp_gain":0.0,"max_hp_loss":0.0,"gold_gain":0.0,"event_name":"Knowing Skull","player_choice":"POTION ","floor":28.0,"potions_obtained":["Swift Potion"],"gold_loss":0.0,"damage_taken":14.0,"cards_obtained":[]},{"damage_healed":0.0,"max_hp_gain":0.0,"max_hp_loss":0.0,"gold_gain":0.0,"event_name":"MindBloom","player_choice":"Fight","floor":36.0,"gold_loss":0.0,"damage_taken":0.0},{"damage_healed":0.0,"max_hp_gain":0.0,"max_hp_loss":0.0,"gold_gain":0.0,"event_name":"FaceTrader","player_choice":"Leave","floor":38.0,"gold_loss":0.0,"damage_taken":0.0},{"damage_healed":0.0,"max_hp_gain":0.0,"max_hp_loss":0.0,"gold_gain":0.0,"event_name":"Tomb of Lord Red Mask","player_choice":"Ignored","floor":44.0,"gold_loss":0.0,"damage_taken":0.0},{"cards_removed":["Evolve"],"damage_healed":0,"gold_gain":0,"player_choice":"Removed Power","damage_taken":0,"max_hp_gain":0,"max_hp_loss":0,"event_name":"Falling","floor":48,"gold_loss":0}],"is_beta":false,"boss_relics":[{"not_picked":["Fusion Hammer","Astrolabe"],"picked":"Ectoplasm"},{"not_picked":["Orrery","Tiny House"],"picked":"Sozu"}],"items_purged_floors":[],"is_endless":false,"potions_floor_spawned":[2,5,8,12,16,19,29,30,31,33,35,39,41,46],"killed_by":"Awakened One","ascension_level":20}