{"gold_per_floor":[112,212,226,246,257,257,284,284,284,163,163,174,200,200,200,278,278,297,312,322,247,227,227,262,272,297,309,326,44,69,15,15,90,90,107,159,172,190,200,200,232,252,252,21,21,21,31,47,47,47],"floor_reached":51,"playtime":2950,"items_purged":["Defend_G","Defend_G"],"score":1242,"play_id":"678e3a2a-d3a7-49cc-99de-4602eb12d8ef","local_time":"20181001140713","is_ascension_mode":true,"campfire_choices":[{"data":"Dagger Spray","floor":6.0,"key":"SMITH"},{"data":"Dagger Spray","floor":8.0,"key":"SMITH"},{"data":"Neutralize","floor":11.0,"key":"SMITH"},{"data":"Dash","floor":15,"key":"SMITH"},{"data":"Dash","floor":23,"key":"SMITH"},{"floor":32,"key":"REST"},{"floor":40,"key":"REST"},{"floor":49,"key":"REST"}],"neow_cost":"NONE","seed_source_timestamp":22058584725124,"circlet_count":0,"master_deck":["Defend_G","Defend_G","Defend_G","Strike_G","Survivor","Neutralize+1","AscendersBane","Sucker Punch","Dagger Spray+1","Dash+1","Dagger Spray+1","PiercingWail+1","Well Laid Plans","Doppelganger+1","Dash+1","Malaise+1","Glass Knife+1","Distraction+1","Endless Agony+1","Dodge and Roll+1","PiercingWail+1","After Image","Blur+1","Leg Sweep+1","Crippling Poison+1","Blur+1","Acrobatics+1","Malaise+1","Noxious Fumes","Blade Dance+1","Dodge and Roll+1","Crippling Poison+1","Bullet Time+1","Deadly Poison+1","Heel Hook+1","Backflip+1","Prepared+1","Footwork","Deflect+1"],"special_seed":0,"relics":["Runic Dome","Toxic Egg 2","Meat on the Bone","Matryoshka","Astrolabe","Regal Pillow","Omamori","Bag of Marbles","Kunai","Pear","Orrery","Ginger","Anchor","Blood Vial","Letter Opener","Shovel","Ornamental Fan"],"potions_floor_usage":[16,24,33,50,50],"damage_taken":[{"damage":0.0,"enemies":"Jaw Worm","floor":1.0,"turns":5.0},{"damage":0.0,"enemies":"Cultist","floor":3.0,"turns":4.0},{"damage":0.0,"enemies":"Small Slimes","floor":4.0,"turns":3.0},{"damage":0.0,"enemies":"2 Fungi Beasts","floor":5.0,"turns":3.0},{"damage":14.0,"enemies":"Lagavulin","floor":7.0,"turns":7.0},{"damage":0.0,"enemies":"3 Louse","floor":12.0,"turns":2.0},{"damage":31.0,"enemies":"Gremlin Nob","floor":13.0,"turns":5.0},{"damage":19,"enemies":"Hexaghost","floor":16,"turns":12},{"damage":4,"enemies":"Shell Parasite","floor":18,"turns":3},{"damage":2,"enemies":"Chosen","floor":19,"turns":6},{"damage":5,"enemies":"Shelled Parasite and Fungi","floor":20,"turns":6},{"damage":7,"enemies":"Book of Stabbing","floor":24,"turns":7},{"damage":0,"enemies":"Centurion and Healer","floor":25,"turns":7},{"damage":0,"enemies":"Snecko","floor":27,"turns":5},{"damage":0,"enemies":"Shelled Parasite and Fungi","floor":28,"turns":6},{"damage":6,"enemies":"Slavers","floor":30,"turns":5},{"damage":24,"enemies":"Champ","floor":33,"turns":18},{"damage":0,"enemies":"3 Shapes","floor":35,"turns":1},{"damage":24,"enemies":"Mysterious Sphere","floor":36,"turns":6},{"damage":0,"enemies":"3 Darklings","floor":37,"turns":4},{"damage":0,"enemies":"4 Shapes","floor":38,"turns":7},{"damage":20,"enemies":"Spire Growth","floor":39,"turns":7},{"damage":23,"enemies":"2 Orb Walkers","floor":41,"turns":6},{"damage":5,"enemies":"3 Darklings","floor":42,"turns":5},{"damage":0,"enemies":"Mind Bloom Boss Battle","floor":45,"turns":8},{"damage":0,"enemies":"4 Shapes","floor":47,"turns":4},{"damage":0,"enemies":"Sphere and 2 Shapes","floor":48,"turns":5},{"damage":29,"enemies":"Awakened One","floor":50,"turns":17}],"seed_played":"7012607105538751172","potions_obtained":[{"floor":3.0,"key":"Strength Potion"},{"floor":5.0,"key":"Regen Potion"},{"floor":16,"key":"AttackPotion"},{"floor":19,"key":"FearPotion"},{"floor":22,"key":"PowerPotion"},{"floor":27,"key":"SneckoOil"},{"floor":28,"key":"LiquidBronze"},{"floor":33,"key":"FearPotion"},{"floor":38,"key":"Strength Potion"},{"floor":41,"key":"Regen Potion"}],"is_trial":false,"path_per_floor":["M","?","M","M","M","R","E","R","T","$","R","M","E","?","R","B",null,"M","M","M","$","?","R","E","M","T","M","M","$","E","$","R","B",null,"M","?","M","M","M","R","E","M","T","$","?","T","M","M","R","B"],"character_chosen":"THE_SILENT","items_purchased":["PiercingWail+1","Well Laid Plans","Kunai","Crippling Poison+1","Acrobatics+1","Footwork","Deflect+1"],"campfire_rested":3,"item_purchase_floors":[10,10,29,29,31,44,44],"current_hp_per_floor":[59,59,59,59,59,59,45,45,45,45,45,45,26,26,26,34,58,54,52,47,47,47,47,40,40,40,40,40,40,44,44,76,52,70,70,46,46,46,38,75,52,47,47,47,49,49,51,53,76,62],"gold":47,"neow_bonus":"BOSS_RELIC","is_prod":false,"is_daily":false,"chose_seed":false,"campfire_upgraded":5,"win_rate":0,"timestamp":1538428033,"path_taken":["M","?","M","M","M","R","E","R","T","$","R","M","E","?","R","BOSS","M","M","M","$","?","R","E","?","T","M","M","$","E","?","R","BOSS","M","?","M","M","?","R","E","M","T","$","?","?","M","M","R","BOSS"],"build_version":"2018-09-27","purchased_purges":2,"victory":true,"max_hp_per_floor":[66,66,66,66,66,66,66,66,66,66,66,66,66,66,66,66,66,66,66,66,66,66,66,66,66,66,66,66,66,76,76,76,76,76,76,76,76,76,76,76,76,76,76,76,76,76,76,76,76,76],"card_choices":[{"not_picked":["Acrobatics","Dodge and Roll"],"picked":"Sucker Punch","floor":1.0},{"not_picked":["Prepared","Footwork"],"picked":"Dagger Spray","floor":3.0},{"not_picked":["Prepared","Dagger Throw"],"picked":"Dash","floor":4.0},{"not_picked":["Poisoned Stab","Acrobatics"],"picked":"Dagger Spray","floor":5.0},{"not_picked":["Skewer","Choke","Underhanded Strike"],"picked":"SKIP","floor":7.0},{"not_picked":["Slice","Dagger Spray"],"picked":"Doppelganger+1","floor":12.0},{"not_picked":["Slice","Outmaneuver+1"],"picked":"Dash","floor":13.0},{"not_picked":["After Image","Grand Finale"],"picked":"Malaise+1","floor":16},{"not_picked":["Poisoned Stab","Dagger Spray"],"picked":"Dodge and Roll+1","floor":18},{"not_picked":["Poisoned Stab","Sucker Punch"],"picked":"PiercingWail+1","floor":19},{"not_picked":["Deflect+1","Bane+1","Distraction+1"],"picked":"SKIP","floor":20},{"not_picked":["Underhanded Strike+1","Terror+1"],"picked":"After Image","floor":24},{"not_picked":["Bane","Predator"],"picked":"Blur+1","floor":25},{"not_picked":["Deflect+1","Flying Knee","Poisoned Stab"],"picked":"SKIP","floor":27},{"not_picked":["PiercingWail+1","Well Laid Plans+1"],"picked":"Leg Sweep+1","floor":28},{"not_picked":["Blade Dance+1","Well Laid Plans"],"picked":"Blur+1","floor":30},{"not_picked":["Envenom","Venomology+1"],"picked":"Malaise+1","floor":33},{"not_picked":["Dodge and Roll+1","Escape Plan+1"],"picked":"Noxious Fumes","floor":34},{"not_picked":["Choke","Dodge and Roll+1"],"picked":"Blade Dance+1","floor":34},{"not_picked":["Expertise+1","Blade Dance+1"],"picked":"Dodge and Roll+1","floor":34},{"not_picked":["Bane","Dagger Throw"],"picked":"Crippling Poison+1","floor":34},{"not_picked":["PiercingWail+1","Deflect+1"],"picked":"Bullet Time+1","floor":35},{"not_picked":["Sucker Punch","Dash"],"picked":"Deadly Poison+1","floor":36},{"not_picked":["Flechettes","Deadly Poison+1","Skewer"],"picked":"SKIP","floor":37},{"not_picked":["Deadly Poison+1","Poisoned Stab+1","Bullet Time+1"],"picked":"SKIP","floor":38},{"not_picked":["Quick Slash","Distraction+1"],"picked":"Heel Hook+1","floor":39},{"not_picked":["Dagger Spray","Deflect+1"],"picked":"Backflip+1","floor":41},{"not_picked":["Slice","Crippling Poison+1"],"picked":"Prepared+1","floor":42},{"not_picked":["Sucker Punch","Poisoned Stab","Bullet Time+1"],"picked":"SKIP","floor":47},{"not_picked":["Infinite Blades","Tactician+1","Slice"],"picked":"SKIP","floor":48}],"player_experience":1227718,"relics_obtained":[{"floor":7.0,"key":"Toxic Egg 2"},{"floor":9.0,"key":"Meat on the Bone"},{"floor":13.0,"key":"Matryoshka"},{"floor":24,"key":"Regal Pillow"},{"floor":26,"key":"Omamori"},{"floor":26,"key":"Bag of Marbles"},{"floor":30,"key":"Pear"},{"floor":36,"key":"Ginger"},{"floor":41,"key":"Anchor"},{"floor":43,"key":"Blood Vial"},{"floor":43,"key":"Letter Opener"},{"floor":45,"key":"Shovel"},{"floor":46,"key":"Ornamental Fan"}],"event_choices":[{"event_name":"Wheel of Change","player_choice":"Gold","floor":2.0,"damage_taken":0.0},{"event_name":"Purifier","player_choice":"One Purge","floor":14.0,"damage_taken":0.0},{"event_name":"The Woman in Blue","player_choice":"Bought 1 Potion","floor":22,"damage_taken":0},{"event_name":"Mysterious Sphere","player_choice":"Fight","floor":36,"damage_taken":0},{"event_name":"MindBloom","player_choice":"Fight","floor":45,"damage_taken":0}],"is_beta":false,"boss_relics":[{"not_picked":["Lizard Tail","Empty Cage"],"picked":"Astrolabe"},{"not_picked":["Busted Crown","Black Star"],"picked":"Orrery"}],"items_purged_floors":[21,44],"is_endless":false,"potions_floor_spawned":[3,5,7,13,16,19,27,28,33,35,38,41,47,48],"ascension_level":15}