{"gold_per_floor":[110,124,142,142,67,98,98,132,132,147,147,147,180,180,36,57,57,134,134,149,149,149,149,66,82,98,98,111,146,146,180,180,209,209,48,48,126,126,145,161,178,41,0,33,44,44,44,72,83,110,110,110,110,110,110,110,110,53,81,81],"floor_reached":61,"playtime":2964,"items_purged":["Strike_R","Strike_R"],"score":3247,"play_id":"62e16d3e-8490-4356-90b1-bd5c98e34437","local_time":"20190417221001","is_ascension_mode":true,"campfire_choices":[{"data":"Flex","floor":7.0,"key":"SMITH"},{"data":"Dark Embrace","floor":14.0,"key":"SMITH"},{"data":"Midas Touch","floor":17.0,"key":"SMITH"},{"data":"Limit Break","floor":27.0,"key":"SMITH"},{"floor":32.0,"key":"REST"},{"data":"Sword Boomerang","floor":34.0,"key":"SMITH"},{"floor":36.0,"key":"REST"},{"data":"Impervious","floor":46.0,"key":"SMITH"},{"floor":53.0,"key":"RECALL"},{"data":"Panacea","floor":57.0,"key":"SMITH"}],"neow_cost":"TEN_PERCENT_HP_LOSS","seed_source_timestamp":13512912788700,"circlet_count":0,"master_deck":["AscendersBane","Defend_R","Defend_R","Defend_R","Bash","Replay:Many Hands+1","Flex+1","Pummel","Dark Embrace+1","Midas Touch+1","Violence","Purity","Impervious+1","Combust+1","Impervious+1","Berserk+1","Limit Break+1","Sword Boomerang+1","Reaper","Panacea+1","Disarm+1"],"special_seed":0,"relics":["Burning Blood","Vajra","Magic Flower","Paper Frog","Self Forming Clay","ReplayTheSpireMod:ShopPack","Astrolabe","Nloth\u0027s Gift","Bag of Marbles","Red Skull","Darkstone Periapt","Dodecahedron","Anchor","Runic Pyramid","Red Mask","Ornamental Fan","Thread and Needle","Mirror","Bronze Scales"],"potions_floor_usage":[60,60],"damage_taken":[{"damage":6.0,"enemies":"Cultist","floor":1.0,"turns":3.0},{"damage":7.0,"enemies":"2 Louse","floor":2.0,"turns":4.0},{"damage":7.0,"enemies":"Small Slimes","floor":3.0,"turns":4.0},{"damage":29.0,"enemies":"Erikyupuro","floor":6.0,"turns":5.0},{"damage":0.0,"enemies":"Gremlin Nob","floor":8.0,"turns":3.0},{"damage":0.0,"enemies":"Red Slaver","floor":10.0,"turns":1.0},{"damage":25.0,"enemies":"Lagavulin","floor":13.0,"turns":6.0},{"damage":7.0,"enemies":"The Mushroom Lair","floor":16.0,"turns":4.0},{"damage":52.0,"enemies":"Fading Forest","floor":18.0,"turns":13.0},{"damage":11.0,"enemies":"Spheric Guardian","floor":20.0,"turns":4.0},{"damage":18.0,"enemies":"2 Thieves","floor":25.0,"turns":4.0},{"damage":10.0,"enemies":"Snecko","floor":26.0,"turns":4.0},{"damage":18.0,"enemies":"3 Cultists","floor":28.0,"turns":3.0},{"damage":15.0,"enemies":"Gremlin Leader","floor":29.0,"turns":5.0},{"damage":24.0,"enemies":"Book of Stabbing","floor":31.0,"turns":2.0},{"damage":6.0,"enemies":"Slavers","floor":33.0,"turns":1.0},{"damage":24.0,"enemies":"Champ","floor":37.0,"turns":7.0},{"damage":0.0,"enemies":"Orb Walker","floor":39.0,"turns":1.0},{"damage":35.0,"enemies":"3 Shapes","floor":40.0,"turns":6.0},{"damage":0.0,"enemies":"Spire Growth","floor":41.0,"turns":4.0},{"damage":2.0,"enemies":"Nemesis","floor":44.0,"turns":5.0},{"damage":19.0,"enemies":"4 Shapes","floor":45.0,"turns":4.0},{"damage":7.0,"enemies":"R_Hoarder","floor":48.0,"turns":6.0},{"damage":32.0,"enemies":"Sphere and 2 Shapes","floor":49.0,"turns":4.0},{"damage":0.0,"enemies":"Nemesis","floor":50.0,"turns":5.0},{"damage":0.0,"enemies":"Time Eater","floor":54.0,"turns":5.0},{"damage":12.0,"enemies":"Awakened One","floor":55.0,"turns":5.0},{"damage":51.0,"enemies":"Shield and Spear","floor":59.0,"turns":6.0},{"damage":120,"enemies":"The Heart","floor":60,"turns":8}],"seed_played":"1632771428468355978","potions_obtained":[{"floor":3.0,"key":"PowerPotion"},{"floor":6.0,"key":"Block Potion"},{"floor":8.0,"key":"Weak Potion"},{"floor":10.0,"key":"PowerPotion"},{"floor":20.0,"key":"Swift Potion"},{"floor":26.0,"key":"SpeedPotion"},{"floor":29.0,"key":"Fire Potion"},{"floor":37.0,"key":"Venom Potion"},{"floor":49.0,"key":"Fruit Juice"}],"is_trial":false,"path_per_floor":["M","M","M","?","$","E","R","E","T","M","PTL","PTL","E","R","$","?","R","B",null,"M","?","PTL","PTL","$","M","M","R","M","E","T","E","R","E","R","$","R","B",null,"M","M","M","$","?","E","M","R","T","E","M","E","?","?","R","B","B",null,"R","$","E","B",null],"character_chosen":"IRONCLAD","items_purchased":["ReplayTheSpireMod:ShopPack","Limit Break","Anchor","Elixir","Block Potion"],"campfire_rested":2,"item_purchase_floors":[15,24,35,42,58],"current_hp_per_floor":[68,67,66,66,66,43,43,49,49,58,58,58,42,42,42,44,44,13,54,52,52,52,52,52,43,42,42,33,27,27,12,32,35,35,35,55,40,61,68,68,68,68,68,68,68,68,68,68,73,73,73,73,73,73,73,73,73,73,73,21],"gold":81,"neow_bonus":"THREE_RARE_CARDS","is_prod":false,"is_daily":false,"chose_seed":false,"campfire_upgraded":7,"win_rate":0,"timestamp":1555510201,"path_taken":["M","M","?","?","$","E","R","E","T","M","PTL","PTL","E","R","$","?","R","BOSS","M","?","PTL","PTL","$","M","?","R","M","E","T","E","R","E","R","$","R","BOSS","M","M","?","?","?","E","M","R","T","E","M","E","?","?","R","BOSS","BOSS","R","$","E","BOSS"],"build_version":"2019-01-23","purchased_purges":2,"victory":true,"max_hp_per_floor":[68,68,68,68,68,68,68,68,68,68,68,68,68,68,68,68,68,68,68,68,68,68,68,68,68,68,68,68,68,68,68,68,68,68,68,68,68,68,68,68,68,68,68,68,68,68,68,68,73,73,73,73,73,73,73,73,73,73,73,73],"card_choices":[{"not_picked":["Demonic Infusion","Exhume"],"picked":"Replay:Many Hands","floor":0.0},{"not_picked":["Cleave","Armaments","Havoc"],"picked":"SKIP","floor":1.0},{"not_picked":["Wild Strike","ReplayTheSpireMod:Strike From Hell","Heavy Blade"],"picked":"SKIP","floor":2.0},{"not_picked":["Massacre","Heavy Blade"],"picked":"Flex","floor":3.0},{"not_picked":["Abandon","Headbutt"],"picked":"Pummel","floor":6.0},{"not_picked":["Impervious","Reckless Charge"],"picked":"Dark Embrace","floor":8.0},{"not_picked":["Hemokinesis","Thunderclap","Body Slam"],"picked":"SKIP","floor":10.0},{"not_picked":["Hemokinesis","Thunderclap","Body Slam"],"picked":"SKIP","floor":10.0},{"not_picked":["Shrug It Off","Demonic Infusion","Disarm"],"picked":"SKIP","floor":13.0},{"not_picked":["Magnetism","HandOfGreed"],"picked":"Midas Touch","floor":15.0},{"not_picked":["Mind Blast","PanicButton"],"picked":"Violence","floor":15.0},{"not_picked":["Poisoned Strike","The Bomb"],"picked":"Purity","floor":15.0},{"not_picked":["Exhume","Bludgeon"],"picked":"Impervious","floor":18.0},{"not_picked":["Heavy Blade","Cleave+1","Clothesline"],"picked":"SKIP","floor":20.0},{"not_picked":["Heavy Blade","Ghostly Armor"],"picked":"Sword Boomerang","floor":25.0},{"not_picked":["Wild Strike","Body Slam","Reckless Charge"],"picked":"SKIP","floor":26.0},{"not_picked":["Body Slam","Combust","Carnage"],"picked":"SKIP","floor":28.0},{"not_picked":["True Grit","Feed","Wild Strike+1"],"picked":"SKIP","floor":29.0},{"not_picked":["True Grit","Feed","Wild Strike+1"],"picked":"SKIP","floor":29.0},{"not_picked":["Sword Boomerang","Demonic Infusion","Limit Break"],"picked":"SKIP","floor":31.0},{"not_picked":["Metallicize","Replay:Undeath\u0027s Touch"],"picked":"Reaper","floor":33.0},{"not_picked":["Headbutt","Pommel Strike","Flex"],"picked":"SKIP","floor":39.0},{"not_picked":["ReplayTheSpireMod:Limb From Limb+1","Run Through+1","ReplayTheSpireMod:Corrosion Curse+1"],"picked":"SKIP","floor":40.0},{"not_picked":["Juggernaut","ReplayTheSpireMod:Strike From Hell","Flex"],"picked":"SKIP","floor":41.0},{"not_picked":["Replay:Undeath\u0027s Touch","Shrug It Off+1","Uppercut"],"picked":"SKIP","floor":44.0},{"not_picked":["Sword Boomerang","Clash+1","Twin Strike+1"],"picked":"SKIP","floor":45.0},{"not_picked":["Power Through","Brutality","Anger"],"picked":"SKIP","floor":48.0},{"not_picked":["Replay:Many Hands","Sword Boomerang","Headbutt+1"],"picked":"SKIP","floor":49.0},{"not_picked":["Berserk","Intimidate","Replay:Many Hands"],"picked":"SKIP","floor":50.0},{"not_picked":["ReplayUltimateDefense","Chrysalis"],"picked":"Panacea","floor":52.0},{"not_picked":["Anger","Sword Boomerang"],"picked":"Disarm+1","floor":59.0}],"player_experience":3001220,"relics_obtained":[{"floor":6.0,"key":"Vajra"},{"floor":8.0,"key":"Magic Flower"},{"floor":9.0,"key":"Paper Frog"},{"floor":13.0,"key":"Self Forming Clay"},{"floor":16.0,"key":"Odd Mushroom"},{"floor":29.0,"key":"Bag of Marbles"},{"floor":30.0,"key":"Red Skull"},{"floor":31.0,"key":"Darkstone Periapt"},{"floor":33.0,"key":"Dodecahedron"},{"floor":44.0,"key":"Ornamental Fan"},{"floor":48.0,"key":"Thread and Needle"},{"floor":50.0,"key":"Mirror"},{"floor":59.0,"key":"Bronze Scales"}],"event_choices":[{"damage_healed":0.0,"max_hp_gain":0.0,"max_hp_loss":0.0,"gold_gain":0.0,"event_name":"Living Wall","player_choice":"Grow","floor":4.0,"gold_loss":0.0,"damage_taken":0.0,"cards_upgraded":["Replay:Many Hands"]},{"damage_healed":0.0,"max_hp_gain":0.0,"max_hp_loss":0.0,"gold_gain":0.0,"event_name":"Mushrooms","player_choice":"Fought Mushrooms","floor":16.0,"gold_loss":0.0,"damage_taken":0.0},{"damage_healed":0.0,"max_hp_gain":0.0,"max_hp_loss":0.0,"gold_gain":0.0,"event_name":"N\u0027loth","player_choice":"Traded Relic","floor":21.0,"relics_lost":["Odd Mushroom"],"gold_loss":0.0,"damage_taken":0.0,"relics_obtained":["Nloth\u0027s Gift"]},{"damage_healed":0.0,"max_hp_gain":0.0,"max_hp_loss":0.0,"gold_gain":0.0,"event_name":"Tomb of Lord Red Mask","player_choice":"Paid","floor":43.0,"gold_loss":41.0,"damage_taken":0.0,"relics_obtained":["Red Mask"]},{"cards_removed":["Defend_R"],"damage_healed":0.0,"max_hp_gain":0.0,"max_hp_loss":0.0,"gold_gain":0.0,"event_name":"Falling","player_choice":"Removed Skill","floor":51.0,"gold_loss":0.0,"damage_taken":0.0},{"damage_healed":0.0,"max_hp_gain":0.0,"max_hp_loss":0.0,"gold_gain":0.0,"event_name":"SensoryStone","player_choice":"Memory 1","floor":52.0,"gold_loss":0.0,"damage_taken":0.0}],"is_beta":false,"boss_relics":[{"not_picked":["Tiny House","Empty Cage"],"picked":"Astrolabe"},{"not_picked":["Sozu","ReplayTheSpireMod:Onyx Gauntlets"],"picked":"Runic Pyramid"}],"items_purged_floors":[5,42],"is_endless":false,"potions_floor_spawned":[3,6,8,10,16,20,26,29,31,37,44,45,49],"ascension_level":20}