{"gold_per_floor":[109,125,50,50,70,100,100,120,120,20,195,195,195,210,210,210],"floor_reached":16,"playtime":825,"items_purged":["Strike_R","Regret"],"score":100,"play_id":"74eaa1b1-132a-4c25-b6d5-ba5fb765f356","local_time":"20190322030530","is_ascension_mode":false,"campfire_choices":[{"data":"Cleave","floor":7,"key":"SMITH"},{"floor":13,"key":"REST"},{"data":"Shrug It Off","floor":15,"key":"SMITH"}],"neow_cost":"NONE","seed_source_timestamp":585236908989100,"circlet_count":0,"master_deck":["Strike_R","Strike_R","Strike_R","Strike_R","Defend_R","Defend_R","Defend_R","Defend_R","Bash","Twin Strike","Cleave+1","Ghostly Armor","Flame Barrier","Doubt","Shrug It Off+1"],"relics":["Burning Blood","Dodecahedron","Question Card","Shuriken","Mummified Hand"],"potions_floor_usage":[16,16,16,16,16],"damage_taken":[{"damage":5,"enemies":"Small Slimes","floor":1,"turns":3},{"damage":8,"enemies":"Jaw Worm","floor":2,"turns":3},{"damage":5,"enemies":"Cultist","floor":5,"turns":4},{"damage":48,"enemies":"3 Sentries","floor":6,"turns":8},{"damage":10,"enemies":"Gremlin Gang","floor":8,"turns":4},{"damage":12,"enemies":"Looter","floor":14,"turns":4},{"damage":43,"enemies":"Slime Boss","floor":16,"turns":7}],"seed_played":"5288050979962184875","potions_obtained":[{"floor":6,"key":"SteroidPotion"},{"floor":14,"key":"EntropicBrew"}],"is_trial":false,"path_per_floor":["M","M","$","?","M","E","R","M","T","$","?","?","R","M","R","B"],"character_chosen":"IRONCLAD","items_purchased":[],"campfire_rested":1,"item_purchase_floors":[],"current_hp_per_floor":[88,86,86,86,87,45,45,41,41,41,41,23,49,43,43,0],"gold":210,"neow_bonus":"TEN_PERCENT_HP_BONUS","is_prod":false,"is_daily":false,"chose_seed":false,"campfire_upgraded":2,"win_rate":0.0,"timestamp":1553216730,"path_taken":["M","M","$","?","M","E","R","M","T","$","?","?","R","M","R","BOSS"],"build_version":"2019-01-23","purchased_purges":2,"victory":false,"max_hp_per_floor":[88,88,88,88,88,88,88,88,88,88,88,88,88,88,88,88],"card_choices":[{"not_picked":["Sword Boomerang","Headbutt"],"picked":"Twin Strike","floor":1},{"not_picked":["Sword Boomerang","Rupture","Armaments"],"picked":"SKIP","floor":2},{"not_picked":["Feel No Pain","True Grit"],"picked":"Cleave","floor":5},{"not_picked":["Fiend Fire","Clothesline"],"picked":"Ghostly Armor","floor":6},{"not_picked":["Entrench","Infernal Blade","Body Slam"],"picked":"Flame Barrier","floor":8},{"not_picked":["Pommel Strike","Warcry","Dual Wield"],"picked":"Shrug It Off","floor":14}],"player_experience":18763,"relics_obtained":[{"floor":6,"key":"Question Card"},{"floor":9,"key":"Shuriken"}],"event_choices":[{"damage_healed":0,"gold_gain":0,"player_choice":"Box","damage_taken":0,"relics_obtained":["Dodecahedron"],"max_hp_gain":0,"max_hp_loss":0,"event_name":"Big Fish","floor":4,"gold_loss":0,"cards_obtained":["Regret"]},{"damage_healed":0,"gold_gain":175,"player_choice":"AGREE","damage_taken":0,"max_hp_gain":0,"max_hp_loss":0,"event_name":"Liars Game","floor":11,"gold_loss":0,"cards_obtained":["Doubt"]},{"damage_healed":0,"gold_gain":0,"player_choice":"Success","damage_taken":18,"relics_obtained":["Mummified Hand"],"max_hp_gain":0,"max_hp_loss":0,"event_name":"Scrap Ooze","floor":12,"gold_loss":0}],"is_beta":false,"boss_relics":[],"items_purged_floors":[3,10],"is_endless":false,"potions_floor_spawned":[6,14],"killed_by":"Slime Boss","ascension_level":0}