{"gold_per_floor":[110,110,125,142,19,46,46,6,31,43,67,79,91,123,135,243,255,285,311,323,245,257],"floor_reached":22,"playtime":1171,"items_purged":[],"score":239,"play_id":"8a90c28a-d166-4235-8429-184a46e0ec65","local_time":"20190506002545","is_ascension_mode":true,"campfire_choices":[{"floor":7.0,"key":"REST"},{"floor":10.0,"key":"DIG"},{"floor":12.0,"key":"DIG"},{"floor":15.0,"key":"DIG"}],"neow_cost":"NONE","seed_source_timestamp":47661752818417,"circlet_count":0,"master_deck":["Strike_R","Strike_R","Defend_R","Defend_R","Defend_R","Defend_R","Bash","Rupture","Whirlwind","Inflame+1","Limit Break","Heavy Blade","Armaments+1","Reaper","Flex+1"],"special_seed":0,"relics":["Burning Blood","Boot","Lantern","Shovel","MawBank","Dream Catcher","Nunchaku","Dead Branch","Empty Cage"],"potions_floor_usage":[19,22],"damage_taken":[{"damage":4.0,"enemies":"Small Slimes","floor":1.0,"turns":4.0},{"damage":2.0,"enemies":"2 Louse","floor":3.0,"turns":3.0},{"damage":1.0,"enemies":"Cultist","floor":4.0,"turns":4.0},{"damage":32.0,"enemies":"Gremlin Nob","floor":6.0,"turns":4.0},{"damage":3.0,"enemies":"Lots of Slimes","floor":11.0,"turns":3.0},{"damage":5.0,"enemies":"Red Slaver","floor":14.0,"turns":2.0},{"damage":51.0,"enemies":"The Guardian","floor":16.0,"turns":14.0},{"damage":45,"enemies":"Chosen","floor":18,"turns":6},{"damage":29,"enemies":"2 Thieves","floor":19,"turns":4},{"damage":37,"enemies":"Snake Plant","floor":22,"turns":4}],"seed_played":"6055887877544398311","potions_obtained":[{"floor":3.0,"key":"Energy Potion"},{"floor":4.0,"key":"Dexterity Potion"},{"floor":6.0,"key":"SteroidPotion"},{"floor":11.0,"key":"EssenceOfSteel"},{"floor":18,"key":"Regen Potion"},{"floor":19,"key":"Poison Potion"}],"is_trial":false,"path_per_floor":["M","?","M","M","$","E","R","?","T","R","M","R","?","M","R","B",null,"M","M","$","?","M"],"character_chosen":"IRONCLAD","items_purchased":["Limit Break","Heavy Blade"],"campfire_rested":1,"item_purchase_floors":[5,5],"current_hp_per_floor":[74,56,60,65,65,39,63,63,63,63,66,66,66,67,67,22,66,27,26,26,26,0],"gold":257,"neow_bonus":"RANDOM_COMMON_RELIC","is_prod":false,"is_daily":false,"chose_seed":false,"campfire_upgraded":0,"win_rate":0,"timestamp":1557098745,"path_taken":["M","?","M","M","$","E","R","?","T","R","M","R","?","M","R","BOSS","M","M","$","?","?"],"build_version":"2019-01-23","purchased_purges":0,"victory":false,"max_hp_per_floor":[80,80,80,80,80,80,80,80,80,80,80,80,80,80,80,80,80,80,80,80,80,80],"card_choices":[{"not_picked":["True Grit","Ghostly Armor"],"picked":"Rupture","floor":1.0},{"not_picked":["Iron Wave","Shockwave"],"picked":"Whirlwind","floor":3.0},{"not_picked":["Pommel Strike","Armaments"],"picked":"Inflame","floor":4.0},{"not_picked":["Pommel Strike","True Grit"],"picked":"Armaments","floor":6.0},{"not_picked":["Anger","Twin Strike","Rampage"],"picked":"SKIP","floor":11.0},{"not_picked":["Disarm","Shockwave","Evolve"],"picked":"SKIP","floor":14.0},{"not_picked":["Brutality","Impervious"],"picked":"Reaper","floor":16.0},{"not_picked":["Armaments","Power Through"],"picked":"Flex+1","floor":18},{"not_picked":["Wild Strike+1","Warcry","Blood for Blood"],"picked":"SKIP","floor":19}],"player_experience":751960,"relics_obtained":[{"floor":6.0,"key":"Shovel"},{"floor":9.0,"key":"MawBank"},{"floor":10.0,"key":"Dream Catcher"},{"floor":12.0,"key":"Nunchaku"},{"floor":15.0,"key":"Dead Branch"}],"event_choices":[{"damage_healed":0.0,"max_hp_gain":0.0,"max_hp_loss":0.0,"gold_gain":0.0,"event_name":"Scrap Ooze","player_choice":"Success","floor":2.0,"gold_loss":0.0,"damage_taken":18.0,"relics_obtained":["Lantern"]},{"damage_healed":0.0,"max_hp_gain":0.0,"max_hp_loss":0.0,"gold_gain":0.0,"event_name":"World of Goop","player_choice":"Left Gold","floor":8.0,"gold_loss":40.0,"damage_taken":0.0},{"damage_healed":0.0,"max_hp_gain":0.0,"max_hp_loss":0.0,"gold_gain":0.0,"event_name":"Accursed Blacksmith","player_choice":"Forge","floor":13.0,"gold_loss":0.0,"damage_taken":0.0,"cards_upgraded":["Armaments"]},{"cards_removed":["Strike_R"],"damage_healed":0,"gold_gain":0,"player_choice":"Upgrade and Remove","damage_taken":0,"max_hp_gain":0,"max_hp_loss":0,"event_name":"Designer","floor":21,"gold_loss":90,"cards_upgraded":["Inflame"]}],"is_beta":false,"boss_relics":[{"not_picked":["Orrery","Velvet Choker"],"picked":"Empty Cage"}],"items_purged_floors":[],"is_endless":false,"potions_floor_spawned":[3,4,6,11,18,19],"killed_by":"Snake Plant","ascension_level":6}