{"gold_per_floor":[99,24,24,37,56,56,56,6,6,19,29,29,29,39,39,141,141],"floor_reached":17,"playtime":479,"items_purged":["Strike_B"],"score":147,"play_id":"f7b63cc6-f5d5-428b-b52e-a5594e2c2780","local_time":"25610716222721","is_ascension_mode":false,"campfire_choices":[{"floor":13,"key":"REST"},{"data":"Zap","floor":15,"key":"SMITH"}],"neow_cost":"CURSE","seed_source_timestamp":39528183194472,"circlet_count":0,"master_deck":["Strike_B","Strike_B","Strike_B","Defend_B","Defend_B","Defend_B","Defend_B","Zap+1","Dualcast","Normality","Defragment","Barrage+1","Conserve Battery+1","Gash","Rebound","Capacitor","Darkness","Rainbow","Injury","Writhe","Writhe"],"relics":["Cracked Core","Sundial","Kunai","Bird Faced Urn","Calling Bell","Bag of Marbles","Toxic Egg 2","Dead Branch"],"potions_floor_usage":[16,16],"damage_taken":[{"damage":8,"enemies":"2 Louse","floor":1,"turns":3},{"damage":0,"enemies":"Small Slimes","floor":4,"turns":2},{"damage":8,"enemies":"Jaw Worm","floor":5,"turns":3},{"damage":16,"enemies":"Large Slime","floor":10,"turns":6},{"damage":8,"enemies":"Lots of Slimes","floor":11,"turns":4},{"damage":0,"enemies":"3 Louse","floor":14,"turns":4},{"damage":35,"enemies":"The Guardian","floor":16,"turns":11}],"seed_played":"-5142922550026534048","potions_obtained":[{"floor":10,"key":"Dexterity Potion"},{"floor":11,"key":"Swift Potion"},{"floor":16,"key":"FocusPotion"}],"is_trial":false,"path_per_floor":["M","$","?","M","M","?","?","$","T","M","M","$","R","M","R","B"],"character_chosen":"DEFECT","items_purchased":["Gash"],"campfire_rested":1,"item_purchase_floors":[8],"current_hp_per_floor":[67,67,64,64,56,49,34,34,34,20,14,14,36,38,38,7,7],"gold":141,"neow_bonus":"ONE_RARE_RELIC","is_prod":false,"is_daily":false,"chose_seed":false,"campfire_upgraded":1,"win_rate":0,"timestamp":1531754841,"path_taken":["M","$","?","M","M","?","?","?","T","M","?","$","R","M","R","BOSS"],"build_version":"2018-07-12","purchased_purges":1,"victory":false,"max_hp_per_floor":[75,75,75,75,75,75,75,75,75,75,75,75,75,75,75,75,75],"card_choices":[{"not_picked":["Auto Shields","Compile Driver"],"picked":"Defragment","floor":1},{"not_picked":["Beam Cell","Undo"],"picked":"Barrage","floor":4},{"not_picked":["Steam Power","Hello World"],"picked":"Conserve Battery","floor":5},{"not_picked":["Doom and Gloom","Consume"],"picked":"Rebound","floor":10},{"not_picked":["Stack","Hello World"],"picked":"Capacitor","floor":11},{"not_picked":["Lockon","Rebound"],"picked":"Darkness","floor":14},{"not_picked":["Biased Cognition","Seek"],"picked":"Rainbow","floor":16}],"player_experience":72825,"relics_obtained":[{"floor":9,"key":"Bird Faced Urn"},{"floor":17,"key":"Bag of Marbles"},{"floor":17,"key":"Toxic Egg 2"},{"floor":17,"key":"Dead Branch"}],"event_choices":[{"event_name":"Scrap Ooze","player_choice":"success","floor":3,"damage_taken":3},{"event_name":"Wheel of Change","player_choice":"Damage","floor":6,"damage_taken":0},{"event_name":"Shining Light","player_choice":"Entered Light","floor":7,"damage_taken":0}],"boss_relics":[{"not_picked":["Philosopher\u0027s Stone","Inserter"],"picked":"Calling Bell"}],"items_purged_floors":[2],"is_endless":false,"potions_floor_spawned":[10,11,16],"ascension_level":0}