{"gold_per_floor":[113,113,44,54,64,64,84,109,109,127,15,15,15,45,45,123,123,136,153,153,19,19,19,39,72,72,83,93,38,65,78,78,151,151,171,171,19,35,52,52,52,85,111,49,49,49,49,29,29,29],"floor_reached":51,"playtime":2318,"items_purged":["Strike_G","Strike_G"],"score":1228,"play_id":"5bfea80e-be16-4fcd-93d7-ec81a437abfa","local_time":"20190202134145","is_ascension_mode":true,"campfire_choices":[{"data":"Noxious Fumes","floor":6.0,"key":"SMITH"},{"floor":13.0,"key":"REST"},{"data":"Crippling Poison","floor":15.0,"key":"SMITH"},{"data":"Poisoned Stab","floor":23.0,"key":"SMITH"},{"floor":32.0,"key":"REST"},{"data":"Noxious Fumes","floor":40,"key":"SMITH"},{"floor":45,"key":"REST"},{"floor":49,"key":"REST"}],"neow_cost":"NONE","seed_source_timestamp":108729893878712,"circlet_count":0,"master_deck":["AscendersBane","Defend_G","Defend_G","Defend_G","Defend_G","Defend_G","Strike_G","Strike_G+1","Survivor","Neutralize+1","Endless Agony","Noxious Fumes+1","Poisoned Stab+1","Well Laid Plans","Crippling Poison+1","Blur+1","Dagger Throw","Leg Sweep","Backflip","PiercingWail","Backstab","Flechettes+1","PiercingWail","Bouncing Flask","Backstab","Noxious Fumes+1","Bullet Time","Deflect+1","Accuracy","Dodge and Roll","After Image","Thinking Ahead","Dodge and Roll"],"special_seed":0,"relics":["Ring of the Snake","NeowsBlessing","Pear","Meat on the Bone","The Courier","Runic Pyramid","Regal Pillow","Question Card","Ornamental Fan","Sozu","TwistedFunnel","Gambling Chip","Paper Crane","Omamori"],"potions_floor_usage":[50,50],"damage_taken":[{"damage":0.0,"enemies":"Jaw Worm","floor":1.0,"turns":1.0},{"damage":0.0,"enemies":"Small Slimes","floor":4.0,"turns":1.0},{"damage":0.0,"enemies":"2 Louse","floor":5.0,"turns":1.0},{"damage":7.0,"enemies":"Lots of Slimes","floor":7.0,"turns":4.0},{"damage":5.0,"enemies":"3 Sentries","floor":8.0,"turns":7.0},{"damage":4.0,"enemies":"Blue Slaver","floor":10.0,"turns":3.0},{"damage":15.0,"enemies":"Lagavulin","floor":14.0,"turns":5.0},{"damage":22.0,"enemies":"The Guardian","floor":16.0,"turns":11.0},{"damage":24.0,"enemies":"2 Thieves","floor":18.0,"turns":5.0},{"damage":6.0,"enemies":"3 Byrds","floor":19.0,"turns":4.0},{"damage":11.0,"enemies":"Colosseum Slavers","floor":20.0,"turns":6.0},{"damage":21.0,"enemies":"Sentry and Sphere","floor":24.0,"turns":6.0},{"damage":3.0,"enemies":"Gremlin Leader","floor":25.0,"turns":7.0},{"damage":0.0,"enemies":"Snake Plant","floor":27.0,"turns":4.0},{"damage":6.0,"enemies":"Centurion and Healer","floor":28.0,"turns":7.0},{"damage":23.0,"enemies":"Book of Stabbing","floor":30.0,"turns":7.0},{"damage":16.0,"enemies":"Sentry and Sphere","floor":31.0,"turns":5.0},{"damage":46,"enemies":"Collector","floor":33,"turns":9},{"damage":3,"enemies":"Orb Walker","floor":35,"turns":4},{"damage":5,"enemies":"3 Darklings","floor":38,"turns":5},{"damage":14,"enemies":"Spire Growth","floor":39,"turns":7},{"damage":40,"enemies":"Reptomancer","floor":42,"turns":9},{"damage":9,"enemies":"Donu and Deca","floor":50,"turns":9}],"seed_played":"-8488099259561712874","potions_obtained":[{"floor":5.0,"key":"Dexterity Potion"},{"floor":7.0,"key":"EssenceOfSteel"},{"floor":14.0,"key":"GamblersBrew"},{"floor":28.0,"key":"Weak Potion"},{"floor":33,"key":"Dexterity Potion"}],"is_trial":false,"path_per_floor":["M","?","$","M","M","R","M","E","T","M","$","?","R","E","R","B",null,"M","M","?","$","?","R","M","E","T","M","M","$","E","M","R","B",null,"M","?","$","M","M","R","T","E","T","$","R","?","?","$","R","B",null],"character_chosen":"THE_SILENT","items_purchased":["Noxious Fumes","Leg Sweep","Flechettes","Noxious Fumes","TwistedFunnel","After Image","Dodge and Roll"],"campfire_rested":4,"item_purchase_floors":[3,11,21,29,37,44,48],"current_hp_per_floor":[59,59,59,59,59,59,52,57,57,53,53,30,52,49,49,39,67,43,49,50,50,50,50,41,50,50,50,44,44,33,29,66,32,65,62,62,62,57,43,43,43,15,15,15,52,52,52,52,76,67],"gold":29,"neow_bonus":"THREE_ENEMY_KILL","is_prod":false,"is_daily":false,"chose_seed":false,"campfire_upgraded":4,"win_rate":0,"timestamp":1549143705,"path_taken":["M","?","$","M","M","R","M","E","T","M","$","?","R","E","R","BOSS","M","M","?","$","?","R","M","E","T","M","?","$","E","M","R","BOSS","M","?","$","M","?","R","?","E","T","$","R","?","?","?","R","BOSS"],"build_version":"2019-01-23","purchased_purges":2,"victory":true,"max_hp_per_floor":[66,66,66,66,66,66,66,76,76,76,76,76,76,76,76,76,76,76,76,76,76,76,76,76,76,76,76,76,76,76,76,76,76,76,76,76,76,76,76,76,76,76,76,76,76,76,76,76,76,76],"card_choices":[{"not_picked":["Slice","Eviscerate"],"picked":"Endless Agony","floor":1.0},{"not_picked":["Quick Slash","Blur"],"picked":"Poisoned Stab","floor":4.0},{"not_picked":["Outmaneuver","All Out Attack"],"picked":"Well Laid Plans","floor":5.0},{"not_picked":["Deflect","Masterful Stab"],"picked":"Crippling Poison","floor":7.0},{"not_picked":["Bane","Dodge and Roll"],"picked":"Blur","floor":8.0},{"not_picked":["Flying Knee","Flechettes"],"picked":"Dagger Throw","floor":10.0},{"not_picked":["Flying Knee","Outmaneuver"],"picked":"Backflip","floor":14.0},{"not_picked":["Tactician+1","Sucker Punch"],"picked":"PiercingWail","floor":18.0},{"not_picked":["Distraction","Riddle With Holes"],"picked":"Backstab","floor":19.0},{"not_picked":["Setup","Dagger Spray","Finisher"],"picked":"SKIP","floor":24.0},{"not_picked":["Outmaneuver","Quick Slash"],"picked":"PiercingWail","floor":25.0},{"not_picked":["Crippling Poison","Bane","Heel Hook"],"picked":"Bouncing Flask","floor":27.0},{"not_picked":["Quick Slash","Dash","Expertise"],"picked":"Backstab","floor":28.0},{"not_picked":["Choke","Distraction","Bane","Poisoned Stab"],"picked":"SKIP","floor":30.0},{"not_picked":["Skewer","Sucker Punch","Accuracy","Acrobatics"],"picked":"SKIP","floor":31.0},{"not_picked":["Wraith Form v2","Grand Finale","Die Die Die"],"picked":"Bullet Time","floor":33},{"not_picked":["Deadly Poison+1","Underhanded Strike","Backflip"],"picked":"Deflect+1","floor":35},{"not_picked":["Eviscerate","Underhanded Strike+1","Expertise","Dagger Spray"],"picked":"SKIP","floor":38},{"not_picked":["Quick Slash","Deadly Poison","Deflect"],"picked":"Dodge and Roll","floor":39},{"not_picked":["Quick Slash+1","Noxious Fumes","Outmaneuver","Expertise"],"picked":"SKIP","floor":42},{"not_picked":["Transmutation","The Bomb","Swift Strike"],"picked":"Thinking Ahead","floor":47}],"player_experience":2131945,"relics_obtained":[{"floor":8.0,"key":"Pear"},{"floor":9.0,"key":"Meat on the Bone"},{"floor":14.0,"key":"The Courier"},{"floor":25.0,"key":"Regal Pillow"},{"floor":26.0,"key":"Question Card"},{"floor":30.0,"key":"Ornamental Fan"},{"floor":41,"key":"Gambling Chip"},{"floor":42,"key":"Paper Crane"},{"floor":43,"key":"Omamori"}],"event_choices":[{"damage_healed":0.0,"max_hp_gain":0.0,"max_hp_loss":0.0,"gold_gain":0.0,"event_name":"Living Wall","player_choice":"Grow","floor":2.0,"gold_loss":0.0,"damage_taken":0.0,"cards_upgraded":["Neutralize"]},{"damage_healed":0.0,"max_hp_gain":0.0,"max_hp_loss":0.0,"gold_gain":0.0,"event_name":"Shining Light","player_choice":"Entered Light","floor":12.0,"gold_loss":0.0,"damage_taken":23.0,"cards_upgraded":["Blur","Strike_G"]},{"damage_healed":0.0,"max_hp_gain":0.0,"max_hp_loss":0.0,"gold_gain":0.0,"event_name":"Colosseum","player_choice":"Fight","floor":20.0,"gold_loss":0.0,"damage_taken":0.0},{"damage_healed":0.0,"max_hp_gain":0.0,"max_hp_loss":0.0,"gold_gain":0.0,"event_name":"Colosseum","player_choice":"Fled From Nobs","floor":20.0,"gold_loss":0.0,"damage_taken":0.0},{"damage_healed":0.0,"max_hp_gain":0.0,"max_hp_loss":0.0,"gold_gain":0.0,"event_name":"Upgrade Shrine","player_choice":"Upgraded","floor":22.0,"gold_loss":0.0,"damage_taken":0.0,"cards_upgraded":["Flechettes"]},{"damage_healed":0,"gold_gain":0,"cards_transformed":["Strike_G"],"player_choice":"Transformed","damage_taken":0,"max_hp_gain":0,"max_hp_loss":0,"event_name":"Transmorgrifier","floor":36,"gold_loss":0,"cards_obtained":["Accuracy"]},{"damage_healed":0,"gold_gain":0,"player_choice":"Ignored","damage_taken":0,"max_hp_gain":0,"max_hp_loss":0,"event_name":"Mysterious Sphere","floor":46,"gold_loss":0},{"damage_healed":0,"gold_gain":0,"player_choice":"Memory 1","damage_taken":0,"max_hp_gain":0,"max_hp_loss":0,"event_name":"SensoryStone","floor":47,"gold_loss":0}],"is_beta":false,"boss_relics":[{"not_picked":["Tiny House","White Beast Statue"],"picked":"Runic Pyramid"},{"not_picked":["Calling Bell","Lizard Tail"],"picked":"Sozu"}],"items_purged_floors":[11,21],"is_endless":false,"potions_floor_spawned":[5,7,14,19,24,28,31,33,39,42],"ascension_level":15}