{"gold_per_floor":[109,72,72,22,40,40,76,76,76,114,130,171,246,266,266,385,385,403,71,89,89,89,89,89,108,155,155,196,196,321,321,321,444,444,460,460,185,185,201,201,245,245,269,12,12,12,35,59,59,59],"floor_reached":51,"playtime":3437,"items_purged":["Clumsy"],"score":828,"play_id":"76231fd8-2add-411b-ace7-2dc97b4330be","local_time":"20181025025212","is_ascension_mode":true,"campfire_choices":[{"data":"Fire Breathing","floor":6.0,"key":"SMITH"},{"data":"Iron Wave","floor":8.0,"key":"SMITH"},{"data":"Demon Form","floor":15.0,"key":"SMITH"},{"floor":23.0,"key":"REST"},{"data":"Inflame","floor":24.0,"key":"SMITH"},{"data":"Barricade","floor":27.0,"key":"SMITH"},{"floor":29.0,"key":"REST"},{"floor":32.0,"key":"REST"},{"data":"Chrysalis","floor":40.0,"key":"SMITH"},{"data":"Power Through","floor":45.0,"key":"SMITH"},{"data":"Good Instincts","floor":49,"key":"SMITH"}],"neow_cost":"NONE","seed_source_timestamp":309887134126386,"circlet_count":0,"master_deck":["Strike_R+1","Strike_R+1","Strike_R+1","Defend_R+1","Defend_R+1","Defend_R+1","Defend_R+1","Bash","Inflame+1","Fire Breathing+1","Iron Wave+1","Demon Form+1","Rampage+1","Heavy Blade+1","Headbutt+1","Whirlwind+1","Reaper+1","Blood for Blood+1","Iron Wave+1","Anger+1","Cleave+1","Burning Pact","RitualDagger+1","Barricade+1","Rampage+1","Twin Strike+1","Double Tap+1","Uppercut+1","Chrysalis+1","Good Instincts+1","Shrug It Off","Shrug It Off+1","Power Through+1","Uppercut+1","Flex+1"],"special_seed":0,"relics":["Burning Blood","NeowsBlessing","Golden Idol","WingedGreaves","Molten Egg 2","Pen Nib","Lantern","Runic Pyramid","Anchor","Strawberry","Whetstone","Mercury Hourglass","Nunchaku","Frozen Egg 2","Cursed Key","Bottled Tornado","Dream Catcher","Orichalcum"],"potions_floor_usage":[50],"damage_taken":[{"damage":0.0,"enemies":"Jaw Worm","floor":1.0,"turns":1.0},{"damage":0.0,"enemies":"Small Slimes","floor":5.0,"turns":2.0},{"damage":0.0,"enemies":"Gremlin Nob","floor":7.0,"turns":1.0},{"damage":35.0,"enemies":"3 Sentries","floor":10.0,"turns":9.0},{"damage":7.0,"enemies":"2 Louse","floor":11.0,"turns":3.0},{"damage":15.0,"enemies":"Gremlin Nob","floor":12.0,"turns":4.0},{"damage":0.0,"enemies":"Large Slime","floor":14.0,"turns":4.0},{"damage":25.0,"enemies":"Hexaghost","floor":16.0,"turns":7.0},{"damage":43.0,"enemies":"Shell Parasite","floor":18.0,"turns":5.0},{"damage":30.0,"enemies":"Spheric Guardian","floor":20.0,"turns":5.0},{"damage":17.0,"enemies":"Snecko","floor":25.0,"turns":5.0},{"damage":49.0,"enemies":"Book of Stabbing","floor":28.0,"turns":5.0},{"damage":12.0,"enemies":"Colosseum Slavers","floor":30.0,"turns":3.0},{"damage":41.0,"enemies":"Colosseum Nobs","floor":30.0,"turns":4.0},{"damage":97.0,"enemies":"Collector","floor":33.0,"turns":7.0},{"damage":0.0,"enemies":"Orb Walker","floor":35.0,"turns":3.0},{"damage":1.0,"enemies":"3 Shapes","floor":39.0,"turns":4.0},{"damage":37.0,"enemies":"Nemesis","floor":41.0,"turns":7.0},{"damage":28,"enemies":"Maw","floor":47,"turns":7},{"damage":16,"enemies":"4 Shapes","floor":48,"turns":5},{"damage":59,"enemies":"Awakened One","floor":50,"turns":8}],"seed_played":"445806911062074855","potions_obtained":[{"floor":1.0,"key":"Poison Potion"},{"floor":5.0,"key":"AttackPotion"},{"floor":11.0,"key":"Energy Potion"},{"floor":16.0,"key":"Fruit Juice"},{"floor":18.0,"key":"SpeedPotion"},{"floor":25.0,"key":"Regen Potion"},{"floor":28.0,"key":"FairyPotion"},{"floor":30.0,"key":"GamblersBrew"},{"floor":33.0,"key":"Fire Potion"},{"floor":47,"key":"Regen Potion"}],"is_trial":false,"path_per_floor":["M","$","?","?","M","R","E","R","T","E","M","E","?","M","R","B",null,"M","$","M","?","?","R","R","M","T","R","E","R","?","?","R","B",null,"M","?","$","?","M","R","E","$","T","$","R","?","M","M","R","B"],"character_chosen":"IRONCLAD","items_purchased":["Fire Breathing","Anchor","Iron Wave+1","Strawberry","Chrysalis","Good Instincts","Power Through","Orichalcum"],"campfire_rested":3,"item_purchase_floors":[2,19,19,19,37,37,44,44],"current_hp_per_floor":[80,80,80,80,80,80,80,80,80,51,50,41,30,36,36,22,85,48,55,31,31,25,52,52,57,57,57,26,53,42,42,69,11,92,92,92,92,92,92,92,78,78,78,78,78,78,92,82,82,90],"gold":59,"neow_bonus":"THREE_ENEMY_KILL","is_prod":false,"is_daily":false,"chose_seed":false,"campfire_upgraded":8,"win_rate":0,"timestamp":1540428732,"path_taken":["M","$","?","?","M","R","E","R","T","E","M","E","?","M","R","BOSS","M","$","M","?","?","R","R","M","T","R","E","R","?","?","R","BOSS","M","?","$","?","M","R","E","$","T","$","R","?","?","M","R","BOSS"],"build_version":"2018-10-23","purchased_purges":1,"victory":true,"max_hp_per_floor":[80,80,80,80,80,80,80,80,80,80,80,80,80,80,80,85,85,85,92,92,92,92,92,92,92,92,92,92,92,92,92,92,92,92,92,92,92,92,92,92,92,92,92,92,92,92,92,92,92,92],"card_choices":[{"not_picked":["Disarm","Evolve"],"picked":"Inflame","floor":1.0},{"not_picked":["Shockwave","Battle Trance"],"picked":"Iron Wave","floor":5.0},{"not_picked":["Dropkick","Sword Boomerang"],"picked":"Demon Form","floor":7.0},{"not_picked":["Warcry","Exhume"],"picked":"Rampage+1","floor":10.0},{"not_picked":["True Grit","Reckless Charge+1"],"picked":"Heavy Blade+1","floor":11.0},{"not_picked":["Seeing Red","Dark Embrace"],"picked":"Headbutt+1","floor":12.0},{"not_picked":["Anger+1","Armaments"],"picked":"Whirlwind+1","floor":14.0},{"not_picked":["Exhume","Bludgeon+1"],"picked":"Reaper+1","floor":16.0},{"not_picked":["Body Slam+1","Feel No Pain+1"],"picked":"Blood for Blood+1","floor":18.0},{"not_picked":["Cleave+1","Sword Boomerang+1"],"picked":"Anger+1","floor":20.0},{"not_picked":["Reckless Charge+1","Blood for Blood+1"],"picked":"Barricade","floor":25.0},{"not_picked":["Perfected Strike+1","Warcry+1"],"picked":"Rampage+1","floor":28.0},{"not_picked":["Second Wind","Bloodletting"],"picked":"Twin Strike+1","floor":30.0},{"not_picked":["Impervious","Reaper+1"],"picked":"Double Tap","floor":33.0},{"not_picked":["Warcry+1","Pommel Strike+1"],"picked":"Uppercut+1","floor":35.0},{"not_picked":["Pommel Strike+1","Perfected Strike+1"],"picked":"Shrug It Off","floor":39.0},{"not_picked":["Anger+1","Corruption+1"],"picked":"Shrug It Off+1","floor":41.0},{"not_picked":["Iron Wave+1","Evolve+1"],"picked":"Uppercut+1","floor":47},{"not_picked":["Body Slam+1","Hemokinesis+1"],"picked":"Flex+1","floor":48}],"player_experience":193268,"relics_obtained":[{"floor":7.0,"key":"WingedGreaves"},{"floor":9.0,"key":"Molten Egg 2"},{"floor":10.0,"key":"Pen Nib"},{"floor":12.0,"key":"Lantern"},{"floor":26.0,"key":"Whetstone"},{"floor":28.0,"key":"Mercury Hourglass"},{"floor":30.0,"key":"Nunchaku"},{"floor":30.0,"key":"Frozen Egg 2"},{"floor":41.0,"key":"Bottled Tornado"},{"floor":43.0,"key":"Dream Catcher"}],"event_choices":[{"damage_healed":0.0,"max_hp_gain":0.0,"max_hp_loss":0.0,"gold_gain":0.0,"event_name":"Golden Idol","player_choice":"Take Wound","floor":3.0,"gold_loss":0.0,"damage_taken":0.0,"relics_obtained":["Golden Idol"],"cards_obtained":["Injury"]},{"cards_removed":["Injury"],"damage_healed":0.0,"max_hp_gain":0.0,"max_hp_loss":0.0,"gold_gain":0.0,"event_name":"The Cleric","player_choice":"Card Removal","floor":4.0,"gold_loss":50.0,"damage_taken":0.0},{"damage_healed":0.0,"max_hp_gain":0.0,"max_hp_loss":0.0,"gold_gain":75.0,"event_name":"World of Goop","player_choice":"Gather Gold","floor":13.0,"gold_loss":0.0,"damage_taken":11.0},{"damage_healed":0.0,"max_hp_gain":0.0,"max_hp_loss":0.0,"gold_gain":0.0,"cards_transformed":["Strike_R","Strike_R"],"event_name":"Drug Dealer","player_choice":"Became Test Subject","floor":21.0,"gold_loss":0.0,"damage_taken":0.0,"cards_obtained":["Cleave","Burning Pact"]},{"damage_healed":0.0,"max_hp_gain":0.0,"max_hp_loss":0.0,"gold_gain":0.0,"event_name":"Nest","player_choice":"Joined the Cult","floor":22.0,"gold_loss":0.0,"damage_taken":6.0,"cards_obtained":["RitualDagger"]},{"damage_healed":0.0,"max_hp_gain":0.0,"max_hp_loss":0.0,"gold_gain":0.0,"event_name":"Colosseum","player_choice":"Fight","floor":30.0,"gold_loss":0.0,"damage_taken":0.0},{"damage_healed":0.0,"max_hp_gain":0.0,"max_hp_loss":0.0,"gold_gain":0.0,"event_name":"Colosseum","player_choice":"Fought Nobs","floor":30.0,"gold_loss":0.0,"damage_taken":0.0},{"damage_healed":0.0,"max_hp_gain":0.0,"max_hp_loss":0.0,"gold_gain":0.0,"event_name":"Back to Basics","player_choice":"Simplicity","floor":31.0,"gold_loss":0.0,"damage_taken":0.0,"cards_upgraded":["Strike_R","Defend_R","Defend_R","Defend_R","Defend_R"]},{"damage_healed":0.0,"max_hp_gain":0.0,"max_hp_loss":0.0,"gold_gain":0.0,"event_name":"Upgrade Shrine","player_choice":"Upgraded","floor":36.0,"gold_loss":0.0,"damage_taken":0.0,"cards_upgraded":["Double Tap"]},{"damage_healed":0.0,"max_hp_gain":0.0,"max_hp_loss":0.0,"gold_gain":0.0,"event_name":"Mysterious Sphere","player_choice":"Ignored","floor":38.0,"gold_loss":0.0,"damage_taken":0.0},{"damage_healed":0,"gold_gain":0,"player_choice":"Got Potions","damage_taken":0,"max_hp_gain":0,"max_hp_loss":0,"event_name":"The Lab","floor":46,"gold_loss":0}],"is_beta":true,"boss_relics":[{"not_picked":["Velvet Choker","Runic Cube"],"picked":"Runic Pyramid"},{"not_picked":["Orrery","Snecko Eye"],"picked":"Cursed Key"}],"items_purged_floors":[44],"is_endless":false,"potions_floor_spawned":[1,5,11,16,18,25,28,30,33,35,47,48],"ascension_level":2}