{"gold_per_floor":[113,123,142,158,158,158,185,7,7,39,39,57,57,92,92,92],"floor_reached":16,"playtime":422,"items_purged":[],"score":240,"play_id":"834ad7c6-97dc-4ec5-a18d-2b46f8655128","local_time":"20181214153942","is_ascension_mode":true,"campfire_choices":[{"data":"Bash","floor":6.0,"key":"SMITH"},{"data":"Entrench","floor":11.0,"key":"SMITH"},{"data":"Body Slam","floor":13.0,"key":"SMITH"},{"data":"Impervious","floor":15.0,"key":"SMITH"}],"neow_cost":"NONE","seed_source_timestamp":8863117148444,"circlet_count":0,"master_deck":["AscendersBane","Strike_R","Strike_R+1","Strike_R","Strike_R","Strike_R","Defend_R","Defend_R","Defend_R","Defend_R","Bash+1","Entrench+1","Cleave+1","Impervious+1","Body Slam+1"],"special_seed":0,"relics":["Burning Blood","NeowsBlessing","Vajra","Mercury Hourglass","Darkstone Periapt"],"potions_floor_usage":[],"damage_taken":[{"damage":0.0,"enemies":"Jaw Worm","floor":1.0,"turns":1.0},{"damage":0.0,"enemies":"2 Louse","floor":2.0,"turns":1.0},{"damage":0.0,"enemies":"Small Slimes","floor":3.0,"turns":1.0},{"damage":10.0,"enemies":"2 Fungi Beasts","floor":4.0,"turns":5.0},{"damage":25.0,"enemies":"Gremlin Nob","floor":7.0,"turns":4.0},{"damage":10.0,"enemies":"3 Sentries","floor":10.0,"turns":5.0},{"damage":2.0,"enemies":"Exordium Wildlife","floor":12.0,"turns":4.0},{"damage":6.0,"enemies":"Gremlin Nob","floor":14.0,"turns":3.0},{"damage":38,"enemies":"Slime Boss","floor":16,"turns":8}],"seed_played":"-7594021853187371692","potions_obtained":[{"floor":1.0,"key":"GamblersBrew"},{"floor":2.0,"key":"EssenceOfSteel"},{"floor":12.0,"key":"Poison Potion"}],"is_trial":false,"path_per_floor":["M","M","M","M","?","R","E","$","T","E","R","M","R","E","R","B"],"character_chosen":"IRONCLAD","items_purchased":["Impervious"],"campfire_rested":0,"item_purchase_floors":[8],"current_hp_per_floor":[74,75,75,71,48,48,29,29,29,25,25,29,29,29,29,0],"gold":92,"neow_bonus":"THREE_ENEMY_KILL","is_prod":false,"is_daily":false,"chose_seed":false,"campfire_upgraded":4,"win_rate":0,"timestamp":1544773182,"path_taken":["M","M","M","M","?","R","E","$","T","E","R","M","R","E","R","BOSS"],"build_version":"2018-12-13","purchased_purges":0,"victory":false,"max_hp_per_floor":[75,75,75,75,75,75,75,75,75,75,75,75,75,75,75,75],"card_choices":[{"not_picked":["Metallicize","Twin Strike"],"picked":"Entrench","floor":1.0},{"not_picked":["Havoc","Pommel Strike"],"picked":"Cleave","floor":2.0},{"not_picked":["Pommel Strike","Fire Breathing","Pummel"],"picked":"SKIP","floor":3.0},{"not_picked":["Blood for Blood","Pummel","Cleave"],"picked":"SKIP","floor":4.0},{"not_picked":["Combust","Wild Strike","Bloodletting"],"picked":"SKIP","floor":7.0},{"not_picked":["Havoc","Anger","Reckless Charge"],"picked":"SKIP","floor":10.0},{"not_picked":["Perfected Strike","Corruption"],"picked":"Body Slam","floor":12.0},{"not_picked":["Twin Strike","Pommel Strike","Cleave"],"picked":"SKIP","floor":14.0}],"player_experience":2384513,"relics_obtained":[{"floor":7.0,"key":"Vajra"},{"floor":9.0,"key":"Mercury Hourglass"},{"floor":14.0,"key":"Darkstone Periapt"}],"event_choices":[{"damage_healed":0.0,"max_hp_gain":0.0,"max_hp_loss":0.0,"gold_gain":0.0,"event_name":"Shining Light","player_choice":"Entered Light","floor":5.0,"gold_loss":0.0,"damage_taken":23.0,"cards_upgraded":["Cleave","Strike_R"]}],"is_beta":false,"boss_relics":[],"items_purged_floors":[],"is_endless":false,"potions_floor_spawned":[1,2,4,12],"killed_by":"Slime Boss","ascension_level":20}