{"gold_per_floor":[114,37,53,63,82,82,82,114,114,15,92,92,117,140,152,238,250,279,324,160,178,190,190,200,200,200,200,200,234,246,259,259,338,338,351,107,124,124,144,169,181,195,220,15,347,347,360,31,31,31],"floor_reached":51,"playtime":2132,"items_purged":["Strike_G","Strike_G"],"score":1368,"play_id":"1ad2d2fa-e2d4-4842-86a7-b1c4a063431b","local_time":"20190204143032","is_ascension_mode":true,"campfire_choices":[{"data":"Noxious Fumes","floor":7.0,"key":"SMITH"},{"floor":12.0,"key":"REST"},{"data":"Neutralize","floor":15.0,"key":"SMITH"},{"data":"Catalyst","floor":23,"key":"SMITH"},{"floor":25,"key":"REST"},{"data":"Footwork","floor":27,"key":"SMITH"},{"floor":32,"key":"REST"},{"data":"Burst","floor":46,"key":"SMITH"},{"data":"Well Laid Plans","floor":49,"key":"SMITH"}],"neow_cost":"NONE","seed_source_timestamp":22479931218897,"circlet_count":0,"master_deck":["AscendersBane","Defend_G+1","Defend_G+1","Defend_G+1","Defend_G+1","Defend_G+1","Strike_G+1","Strike_G+1","Survivor","Neutralize+1","Dagger Throw","Poisoned Stab","Noxious Fumes+1","Dagger Spray","Backstab","Deadly Poison","Footwork+1","Corpse Explosion","Catalyst+1","Well Laid Plans+1","Cloak And Dagger","Backflip","Dodge and Roll","Burst+1","PiercingWail+1","Glass Knife","Cloak And Dagger+1","Backflip+1","Crippling Poison+1","Catalyst","PiercingWail","Flash of Steel"],"special_seed":0,"relics":["Ring of the Snake","Omamori","Shovel","Gremlin Horn","MawBank","Sozu","Red Mask","Bag of Preparation","Lantern","Black Star","Bottled Tornado","PreservedInsect","Strawberry","Snake Skull","TwistedFunnel","Old Coin","FossilizedHelix","HandDrill"],"potions_floor_usage":[29],"damage_taken":[{"damage":12.0,"enemies":"Jaw Worm","floor":1.0,"turns":6.0},{"damage":0.0,"enemies":"Cultist","floor":3.0,"turns":4.0},{"damage":0.0,"enemies":"2 Louse","floor":4.0,"turns":2.0},{"damage":3.0,"enemies":"Blue Slaver","floor":5.0,"turns":5.0},{"damage":21.0,"enemies":"Lagavulin","floor":8.0,"turns":8.0},{"damage":30.0,"enemies":"Gremlin Nob","floor":13.0,"turns":4.0},{"damage":0.0,"enemies":"2 Fungi Beasts","floor":14.0,"turns":4.0},{"damage":11.0,"enemies":"Hexaghost","floor":16.0,"turns":9.0},{"damage":14,"enemies":"3 Byrds","floor":18,"turns":4},{"damage":0,"enemies":"Masked Bandits","floor":19,"turns":2},{"damage":6,"enemies":"Spheric Guardian","floor":21,"turns":5},{"damage":0,"enemies":"Centurion and Healer","floor":22,"turns":5},{"damage":12,"enemies":"Sentry and Sphere","floor":24,"turns":4},{"damage":7,"enemies":"Slavers","floor":29,"turns":2},{"damage":0,"enemies":"Snecko","floor":30,"turns":3},{"damage":11,"enemies":"3 Cultists","floor":31,"turns":3},{"damage":32,"enemies":"Collector","floor":33,"turns":8},{"damage":3,"enemies":"Orb Walker","floor":35,"turns":4},{"damage":0,"enemies":"3 Darklings","floor":37,"turns":3},{"damage":6,"enemies":"Writhing Mass","floor":39,"turns":5},{"damage":2,"enemies":"Reptomancer","floor":40,"turns":4},{"damage":2,"enemies":"Sphere and 2 Shapes","floor":41,"turns":4},{"damage":1,"enemies":"4 Shapes","floor":42,"turns":3},{"damage":0,"enemies":"Giant Head","floor":45,"turns":5},{"damage":11,"enemies":"Maw","floor":47,"turns":5},{"damage":23,"enemies":"Donu and Deca","floor":50,"turns":9}],"seed_played":"-9071169267146616505","potions_obtained":[{"floor":3.0,"key":"Block Potion"},{"floor":5.0,"key":"Ancient Potion"},{"floor":8.0,"key":"GamblersBrew"},{"floor":14.0,"key":"Poison Potion"},{"floor":16.0,"key":"Fire Potion"}],"is_trial":false,"path_per_floor":["M","?","M","M","M","?","R","E","T","$","?","R","E","M","R","B",null,"M","?","$","M","M","R","M","R","T","R","?","E","M","M","R","B",null,"M","$","M","?","M","E","M","M","T","$","E","R","M","$","R","B",null],"character_chosen":"THE_SILENT","items_purchased":["Deadly Poison","Well Laid Plans","Bottled Tornado","TwistedFunnel","PiercingWail","Flash of Steel","HandDrill"],"campfire_rested":3,"item_purchase_floors":[10,20,36,44,48,48,48],"current_hp_per_floor":[47,47,47,47,44,44,44,23,23,23,23,42,12,12,12,1,50,36,36,36,30,30,30,18,37,37,37,37,30,30,19,38,6,51,48,48,48,61,55,60,58,57,57,57,57,57,46,46,46,23],"gold":31,"neow_bonus":"REMOVE_CARD","is_prod":false,"is_daily":false,"chose_seed":false,"campfire_upgraded":6,"win_rate":0,"timestamp":1549319432,"path_taken":["M","?","M","?","M","?","R","E","T","$","?","R","E","M","R","BOSS","M","?","$","M","M","R","M","R","T","R","?","E","M","M","R","BOSS","M","$","M","?","M","E","M","M","T","$","E","R","M","$","R","BOSS"],"build_version":"2019-01-23","purchased_purges":2,"victory":true,"max_hp_per_floor":[66,66,66,66,66,66,66,66,66,66,66,66,66,66,66,66,66,66,66,66,66,66,66,66,66,66,66,66,66,66,66,66,66,66,66,66,66,66,66,73,73,73,73,73,73,73,73,73,73,73],"card_choices":[{"not_picked":["Reflex","Sucker Punch"],"picked":"Dagger Throw","floor":1.0},{"not_picked":["Setup","Prepared"],"picked":"Poisoned Stab","floor":3.0},{"not_picked":["Underhanded Strike","Dagger Throw"],"picked":"Noxious Fumes","floor":4.0},{"not_picked":["Concentrate","Terror"],"picked":"Dagger Spray","floor":5.0},{"not_picked":["Reflex","Storm of Steel"],"picked":"Backstab","floor":8.0},{"not_picked":["Heel Hook","Reflex"],"picked":"Footwork","floor":13.0},{"not_picked":["Choke","Eviscerate","Outmaneuver"],"picked":"SKIP","floor":14.0},{"not_picked":["Tools of the Trade","A Thousand Cuts"],"picked":"Corpse Explosion","floor":16.0},{"not_picked":["Outmaneuver","Dagger Spray","Dagger Throw"],"picked":"SKIP","floor":18},{"not_picked":["Slice","Cloak And Dagger+1"],"picked":"Catalyst","floor":19},{"not_picked":["Choke","Distraction"],"picked":"Cloak And Dagger","floor":21},{"not_picked":["Flechettes","Well Laid Plans","Bane"],"picked":"SKIP","floor":22},{"not_picked":["Catalyst","All Out Attack"],"picked":"Backflip","floor":24},{"not_picked":["Flying Knee","Underhanded Strike"],"picked":"Dodge and Roll","floor":29},{"not_picked":["Backstab+1","Deflect"],"picked":"Burst","floor":30},{"not_picked":["Dagger Throw","Accuracy"],"picked":"PiercingWail+1","floor":31},{"not_picked":["Phantasmal Killer","Bullet Time"],"picked":"Glass Knife","floor":33},{"not_picked":["Well Laid Plans+1","Outmaneuver"],"picked":"Cloak And Dagger+1","floor":35},{"not_picked":["Deflect","Underhanded Strike+1"],"picked":"Backflip+1","floor":37},{"not_picked":["Well Laid Plans","Blur"],"picked":"Crippling Poison+1","floor":39},{"not_picked":["Dodge and Roll","Dagger Spray+1","Expertise"],"picked":"SKIP","floor":40},{"not_picked":["Riddle With Holes","Underhanded Strike+1","Deadly Poison"],"picked":"SKIP","floor":41},{"not_picked":["Bane","Terror+1"],"picked":"Catalyst","floor":42},{"not_picked":["Flying Knee+1","Grand Finale","Riddle With Holes"],"picked":"SKIP","floor":45},{"not_picked":["Deflect","Masterful Stab","Bane"],"picked":"SKIP","floor":47}],"player_experience":2149140,"relics_obtained":[{"floor":8.0,"key":"Shovel"},{"floor":9.0,"key":"Gremlin Horn"},{"floor":13.0,"key":"MawBank"},{"floor":19,"key":"Red Mask"},{"floor":26,"key":"Bag of Preparation"},{"floor":29,"key":"Lantern"},{"floor":40,"key":"PreservedInsect"},{"floor":40,"key":"Strawberry"},{"floor":43,"key":"Snake Skull"},{"floor":45,"key":"Old Coin"},{"floor":45,"key":"FossilizedHelix"}],"event_choices":[{"damage_healed":0.0,"max_hp_gain":0.0,"max_hp_loss":0.0,"gold_gain":0.0,"event_name":"WeMeetAgain","player_choice":"Paid Gold","floor":2.0,"gold_loss":77.0,"damage_taken":0.0,"relics_obtained":["Omamori"]},{"damage_healed":0.0,"max_hp_gain":0.0,"max_hp_loss":0.0,"gold_gain":0.0,"event_name":"The Cleric","player_choice":"Leave","floor":6.0,"gold_loss":0.0,"damage_taken":0.0},{"damage_healed":0.0,"max_hp_gain":0.0,"max_hp_loss":0.0,"gold_gain":77.0,"event_name":"Golden Wing","player_choice":"Gained Gold","floor":11.0,"gold_loss":0.0,"damage_taken":0.0},{"damage_healed":0,"gold_gain":0,"player_choice":"Fought Bandits","damage_taken":0,"max_hp_gain":0,"max_hp_loss":0,"event_name":"Masked Bandits","floor":19,"gold_loss":0},{"damage_healed":0,"gold_gain":0,"player_choice":"Simplicity","damage_taken":0,"max_hp_gain":0,"max_hp_loss":0,"event_name":"Back to Basics","floor":28,"gold_loss":0,"cards_upgraded":["Defend_G","Defend_G","Defend_G","Defend_G","Defend_G","Strike_G","Strike_G"]},{"damage_healed":13,"gold_gain":0,"player_choice":"Writhe","damage_taken":0,"max_hp_gain":0,"max_hp_loss":0,"event_name":"Winding Halls","floor":38,"gold_loss":0,"cards_obtained":["Writhe"]}],"is_beta":false,"boss_relics":[{"not_picked":["Busted Crown","Astrolabe"],"picked":"Sozu"},{"not_picked":["Cursed Key","Orrery"],"picked":"Black Star"}],"items_purged_floors":[10,20],"is_endless":false,"potions_floor_spawned":[3,5,8,14,16,19,21,24,30,31,39,40,41,42],"ascension_level":15}