{"gold_per_floor":[369,387,400,413,118,118,128,162,238,238,238,271,92,123,135,225,237,262,291,317,329,341,353,393,405,417,89,89,25,25,41,41,41],"floor_reached":33,"playtime":1791,"items_purged":["Strike_R","Strike_R"],"score":616,"play_id":"c2740072-92a7-4447-b136-54be5656072f","local_time":"20190401053615","is_ascension_mode":true,"campfire_choices":[{"data":"Bash","floor":6.0,"key":"SMITH"},{"data":"Whirlwind","floor":11.0,"key":"SMITH"},{"data":"Armaments","floor":15.0,"key":"SMITH"},{"floor":23.0,"key":"REST"},{"data":"Immolate","floor":25.0,"key":"SMITH"},{"data":"Clothesline","floor":28,"key":"SMITH"},{"floor":32,"key":"REST"}],"neow_cost":"PERCENT_DAMAGE","seed_source_timestamp":1032332695996600,"circlet_count":0,"master_deck":["AscendersBane","Strike_R","Strike_R+1","Strike_R+1","Defend_R","Defend_R","Defend_R","Defend_R","Bash+1","Twin Strike","Clothesline+1","Carnage","Whirlwind+1","Armaments+1","Anger","Immolate+1","Corruption","Spot Weakness"],"special_seed":0,"relics":["Burning Blood","Whetstone","Lantern","Thread and Needle","MawBank","Busted Crown","Red Skull","Blue Candle","Membership Card","Oddly Smooth Stone"],"potions_floor_usage":[33,33],"damage_taken":[{"damage":7.0,"enemies":"Cultist","floor":1.0,"turns":4.0},{"damage":6.0,"enemies":"Jaw Worm","floor":2.0,"turns":5.0},{"damage":8.0,"enemies":"Small Slimes","floor":3.0,"turns":3.0},{"damage":1.0,"enemies":"2 Fungi Beasts","floor":4.0,"turns":3.0},{"damage":8.0,"enemies":"Looter","floor":7.0,"turns":4.0},{"damage":20.0,"enemies":"Lagavulin","floor":8.0,"turns":5.0},{"damage":0.0,"enemies":"3 Sentries","floor":12.0,"turns":1.0},{"damage":28.0,"enemies":"Lagavulin","floor":14.0,"turns":8.0},{"damage":21.0,"enemies":"Hexaghost","floor":16.0,"turns":7.0},{"damage":14.0,"enemies":"Shell Parasite","floor":18.0,"turns":5.0},{"damage":22.0,"enemies":"Chosen","floor":19.0,"turns":4.0},{"damage":26.0,"enemies":"Shelled Parasite and Fungi","floor":20.0,"turns":3.0},{"damage":19.0,"enemies":"Colosseum Slavers","floor":22.0,"turns":3.0},{"damage":19.0,"enemies":"Gremlin Leader","floor":24.0,"turns":5.0},{"damage":4,"enemies":"Centurion and Healer","floor":31,"turns":3},{"damage":63,"enemies":"Collector","floor":33,"turns":6}],"seed_played":"-7804879751461455831","potions_obtained":[{"floor":3.0,"key":"FearPotion"},{"floor":8.0,"key":"LiquidBronze"},{"floor":20.0,"key":"Strength Potion"},{"floor":31,"key":"Dexterity Potion"}],"is_trial":false,"path_per_floor":["M","M","M","M","$","R","M","E","T","?","R","E","$","E","R","B",null,"M","M","M","?","?","R","E","R","T","$","R","$","?","M","R","B"],"character_chosen":"IRONCLAD","items_purchased":["Whetstone","SteroidPotion","PowerPotion","Armaments","Membership Card","Oddly Smooth Stone","Corruption","Spot Weakness","SteroidPotion"],"campfire_rested":2,"item_purchase_floors":[5,5,13,13,27,27,27,29,29],"current_hp_per_floor":[49,49,47,52,52,52,50,36,36,61,61,67,67,45,45,30,64,56,40,20,35,22,44,31,31,31,31,31,31,31,33,55,0],"gold":41,"neow_bonus":"TWO_FIFTY_GOLD","is_prod":false,"is_daily":false,"chose_seed":false,"campfire_upgraded":5,"win_rate":0,"timestamp":1554093375,"path_taken":["M","M","M","?","$","R","?","E","T","?","R","E","$","E","R","BOSS","M","M","M","?","?","R","E","R","T","$","R","$","?","?","R","BOSS"],"build_version":"2019-01-23","purchased_purges":2,"victory":false,"max_hp_per_floor":[75,75,75,75,75,75,75,75,75,75,75,75,75,75,75,75,75,75,75,75,75,75,75,75,75,75,75,75,75,75,75,75,75],"card_choices":[{"not_picked":["Metallicize","Pummel"],"picked":"Twin Strike","floor":1.0},{"not_picked":["Wild Strike","Entrench"],"picked":"Clothesline","floor":2.0},{"not_picked":["Flame Barrier","Warcry"],"picked":"Carnage","floor":3.0},{"not_picked":["Body Slam","Dual Wield","Wild Strike"],"picked":"SKIP","floor":4.0},{"not_picked":["Warcry","Perfected Strike","Entrench"],"picked":"SKIP","floor":7.0},{"not_picked":["Armaments","Barricade"],"picked":"Whirlwind","floor":8.0},{"not_picked":["Warcry","Perfected Strike","Rage"],"picked":"SKIP","floor":12.0},{"not_picked":["Feel No Pain","Seeing Red"],"picked":"Anger","floor":14.0},{"not_picked":["Offering","Berserk"],"picked":"Immolate","floor":16.0},{"not_picked":["Power Through"],"picked":"SKIP","floor":18.0},{"not_picked":["Iron Wave"],"picked":"SKIP","floor":19.0},{"not_picked":["Ghostly Armor"],"picked":"SKIP","floor":20.0},{"not_picked":["Anger"],"picked":"SKIP","floor":24.0},{"not_picked":["Perfected Strike"],"picked":"SKIP","floor":31}],"player_experience":2432677,"relics_obtained":[{"floor":8.0,"key":"Lantern"},{"floor":12.0,"key":"Thread and Needle"},{"floor":14.0,"key":"MawBank"},{"floor":24.0,"key":"Red Skull"},{"floor":26.0,"key":"Blue Candle"}],"event_choices":[{"damage_healed":25.0,"max_hp_gain":0.0,"max_hp_loss":0.0,"gold_gain":0.0,"event_name":"Big Fish","player_choice":"Banana","floor":10.0,"gold_loss":0.0,"damage_taken":0.0},{"damage_healed":15.0,"max_hp_gain":0.0,"max_hp_loss":0.0,"gold_gain":0.0,"event_name":"The Library","player_choice":"Heal","floor":21.0,"gold_loss":0.0,"damage_taken":0.0},{"damage_healed":0.0,"max_hp_gain":0.0,"max_hp_loss":0.0,"gold_gain":0.0,"event_name":"Colosseum","player_choice":"Fight","floor":22.0,"gold_loss":0.0,"damage_taken":0.0},{"damage_healed":0.0,"max_hp_gain":0.0,"max_hp_loss":0.0,"gold_gain":0.0,"event_name":"Colosseum","player_choice":"Fled From Nobs","floor":22.0,"gold_loss":0.0,"damage_taken":0.0},{"damage_healed":0,"gold_gain":0,"player_choice":"Leave","damage_taken":0,"max_hp_gain":0,"max_hp_loss":0,"event_name":"FaceTrader","floor":30,"gold_loss":0}],"is_beta":false,"boss_relics":[{"not_picked":["Black Star","Eternal Feather"],"picked":"Busted Crown"}],"items_purged_floors":[5,13],"is_endless":false,"potions_floor_spawned":[3,7,8,20,31],"killed_by":"Collector","ascension_level":20}