{"gold_per_floor":[361,436,450,463,463,463,463,477,477,477,505,524,10,27,27,104,104,114,164,8,27,27,27,41,41,41,58,58,74,102,117,117,195,195,205,220,220,220,37,37,53,0,0,15,15,30,46,63,63,63],"floor_reached":51,"playtime":2079,"items_purged":["Strike_G","Strike_G","Pain"],"score":1364,"play_id":"f666e5eb-4bfc-44ff-8784-65db1e42d59b","local_time":"20181008100942","is_ascension_mode":true,"campfire_choices":[{"data":"Dagger Spray","floor":6.0,"key":"SMITH"},{"floor":10.0,"key":"REST"},{"data":"Terror","floor":15.0,"key":"SMITH"},{"floor":23.0,"key":"REST"},{"data":"Cloak And Dagger","floor":25.0,"key":"SMITH"},{"data":"1","floor":28.0,"key":"LIFT"},{"floor":32.0,"key":"REST"},{"data":"2","floor":40.0,"key":"LIFT"},{"floor":49,"key":"REST"}],"neow_cost":"TEN_PERCENT_HP_LOSS","seed_source_timestamp":7309783598667,"circlet_count":0,"master_deck":["Defend_G","Defend_G","Defend_G","Defend_G","Defend_G","Strike_G","Survivor","Neutralize","AscendersBane","Deflect","Dagger Throw","Dagger Spray+1","Dagger Spray","Blur","Choke","Backstab","Footwork","Terror+1","After Image","Dodge and Roll","Blade Dance+1","Blur","Cloak And Dagger+1","Acrobatics+1","Writhe","Distraction+1","Backflip","Finisher+1","Dodge and Roll+1","Adrenaline","Blur+1","PiercingWail+1","Blade Dance+1","Corpse Explosion","Endless Agony+1","Footwork","Leg Sweep+1","Deflect+1","Blur","Well Laid Plans","PiercingWail"],"special_seed":0,"relics":["Ring of the Snake","Gremlin Horn","Ninja Scroll","Prayer Wheel","Cursed Key","MutagenicStrength","Girya","Question Card","Runic Dome","WarpedTongs","Red Mask"],"potions_floor_usage":[50],"damage_taken":[{"damage":4.0,"enemies":"Jaw Worm","floor":1.0,"turns":5.0},{"damage":6.0,"enemies":"Small Slimes","floor":3.0,"turns":6.0},{"damage":0.0,"enemies":"2 Louse","floor":4.0,"turns":3.0},{"damage":1.0,"enemies":"Red Slaver","floor":8.0,"turns":5.0},{"damage":23.0,"enemies":"3 Sentries","floor":11.0,"turns":7.0},{"damage":3.0,"enemies":"Looter","floor":12.0,"turns":3.0},{"damage":0.0,"enemies":"Blue Slaver","floor":14.0,"turns":1.0},{"damage":43.0,"enemies":"Slime Boss","floor":16.0,"turns":10.0},{"damage":14.0,"enemies":"Shell Parasite","floor":18.0,"turns":2.0},{"damage":1.0,"enemies":"Spheric Guardian","floor":21.0,"turns":5.0},{"damage":1.0,"enemies":"Centurion and Healer","floor":24.0,"turns":6.0},{"damage":2.0,"enemies":"Cultist and Chosen","floor":27.0,"turns":5.0},{"damage":0.0,"enemies":"Snecko","floor":29.0,"turns":4.0},{"damage":20.0,"enemies":"Book of Stabbing","floor":30.0,"turns":5.0},{"damage":9.0,"enemies":"Snake Plant","floor":31.0,"turns":5.0},{"damage":22.0,"enemies":"Automaton","floor":33.0,"turns":5.0},{"damage":6.0,"enemies":"3 Darklings","floor":35.0,"turns":5.0},{"damage":0.0,"enemies":"3 Shapes","floor":36.0,"turns":3.0},{"damage":0.0,"enemies":"Reptomancer","floor":41.0,"turns":3.0},{"damage":14,"enemies":"Transient","floor":44,"turns":6},{"damage":0,"enemies":"3 Darklings","floor":46,"turns":4},{"damage":2,"enemies":"Maw","floor":47,"turns":8},{"damage":0,"enemies":"Sphere and 2 Shapes","floor":48,"turns":4},{"damage":10,"enemies":"Donu and Deca","floor":50,"turns":5}],"seed_played":"-2065680232832282726","potions_obtained":[{"floor":1.0,"key":"Regen Potion"},{"floor":11.0,"key":"SteroidPotion"},{"floor":12.0,"key":"Explosive Potion"},{"floor":16.0,"key":"Explosive Potion"},{"floor":29.0,"key":"SpeedPotion"},{"floor":31.0,"key":"Strength Potion"},{"floor":33.0,"key":"FearPotion"},{"floor":41.0,"key":"SteroidPotion"}],"is_trial":false,"path_per_floor":["M","?","M","M","?","R","?","M","T","R","E","M","$","M","R","B",null,"M","?","$","M","?","R","M","R","T","M","R","M","E","M","R","B",null,"M","M","?","?","$","R","M","?","T","M","T","M","M","M","R","B"],"character_chosen":"THE_SILENT","items_purchased":["Prayer Wheel","Backstab","Strength Potion","Strength Potion"],"campfire_rested":4,"item_purchase_floors":[13,13,20,39],"current_hp_per_floor":[55,44,38,38,38,38,38,37,37,55,47,44,44,44,44,1,45,31,31,31,30,30,48,47,47,47,45,45,45,25,16,34,12,48,42,42,42,42,42,42,42,42,42,28,28,28,26,26,44,34],"gold":63,"neow_bonus":"TWO_FIFTY_GOLD","is_prod":false,"is_daily":false,"chose_seed":false,"campfire_upgraded":3,"win_rate":0,"timestamp":1539018582,"path_taken":["M","?","M","M","?","R","?","M","T","R","E","M","$","?","R","BOSS","M","?","$","M","?","R","M","R","T","?","R","M","E","M","R","BOSS","M","M","?","?","$","R","M","?","T","?","?","?","?","M","R","BOSS"],"build_version":"2018-10-04v2","purchased_purges":3,"victory":true,"max_hp_per_floor":[60,60,60,60,60,60,60,60,60,60,60,60,60,60,60,60,60,60,60,60,60,60,60,60,60,60,60,60,60,60,60,60,60,60,60,60,60,60,60,60,60,60,60,60,60,60,60,60,60,60],"card_choices":[{"not_picked":["Expertise","Underhanded Strike"],"picked":"Deflect","floor":1.0},{"not_picked":["Poisoned Stab","Sucker Punch"],"picked":"Dagger Throw","floor":3.0},{"not_picked":["Slice","Riddle With Holes"],"picked":"Dagger Spray","floor":4.0},{"not_picked":["Poisoned Stab","Cloak And Dagger"],"picked":"Dagger Spray","floor":8.0},{"not_picked":["Flying Knee","Deflect"],"picked":"Blur","floor":11.0},{"not_picked":["Catalyst","Grand Finale"],"picked":"Choke","floor":12.0},{"not_picked":["Endless Agony","Bane"],"picked":"Footwork","floor":14.0},{"not_picked":["Noxious Fumes","Flying Knee"],"picked":"Terror","floor":14.0},{"not_picked":["Tools of the Trade","Night Terror"],"picked":"After Image","floor":16.0},{"not_picked":["Dagger Throw","Eviscerate"],"picked":"Dodge and Roll","floor":18.0},{"not_picked":["Quick Slash","Dagger Throw"],"picked":"Blade Dance+1","floor":18.0},{"not_picked":["Reflex","Dagger Spray"],"picked":"Blur","floor":21.0},{"not_picked":["Quick Slash","Expertise","Sucker Punch"],"picked":"SKIP","floor":21.0},{"not_picked":["Distraction","Dodge and Roll"],"picked":"Cloak And Dagger","floor":24.0},{"not_picked":["Cloak And Dagger","Bane"],"picked":"Acrobatics+1","floor":24.0},{"not_picked":["Riddle With Holes","Quick Slash"],"picked":"Distraction+1","floor":27.0},{"not_picked":["Backstab","Quick Slash","Prepared"],"picked":"SKIP","floor":27.0},{"not_picked":["Corpse Explosion","Flying Knee+1"],"picked":"Backflip","floor":29.0},{"not_picked":["Bouncing Flask","Dagger Throw","Eviscerate"],"picked":"SKIP","floor":29.0},{"not_picked":["Concentrate","Dash"],"picked":"Finisher+1","floor":30.0},{"not_picked":["All Out Attack","Underhanded Strike","Concentrate"],"picked":"Dodge and Roll+1","floor":31.0},{"not_picked":["Expertise","Cloak And Dagger","Quick Slash","Setup"],"picked":"SKIP","floor":31.0},{"not_picked":["Corpse Explosion","Tools of the Trade","After Image"],"picked":"Adrenaline","floor":33.0},{"not_picked":["Setup+1","Deflect","Tools of the Trade"],"picked":"Blur+1","floor":35.0},{"not_picked":["Blade Dance","Flying Knee+1","Poisoned Stab","Dagger Throw"],"picked":"SKIP","floor":35.0},{"not_picked":["Quick Slash","Poisoned Stab","Blade Dance"],"picked":"PiercingWail+1","floor":36.0},{"not_picked":["Dagger Throw+1","Caltrops","PiercingWail"],"picked":"Blade Dance+1","floor":36.0},{"not_picked":["Quick Slash","All Out Attack","Caltrops"],"picked":"Endless Agony+1","floor":41.0},{"not_picked":["Flechettes","Expertise","PiercingWail"],"picked":"Footwork","floor":41.0},{"not_picked":["Sucker Punch","Envenom","Slice"],"picked":"Leg Sweep+1","floor":44},{"not_picked":["Catalyst","Slice","Blade Dance","Cloak And Dagger"],"picked":"SKIP","floor":44},{"not_picked":["Infinite Blades","Deadly Poison+1","Bane"],"picked":"Deflect+1","floor":46},{"not_picked":["Deflect+1","Concentrate","Deadly Poison"],"picked":"Blur","floor":46},{"not_picked":["Outmaneuver","Deflect","Slice","Finisher"],"picked":"SKIP","floor":47},{"not_picked":["Distraction","Bouncing Flask","Masterful Stab+1","Riddle With Holes"],"picked":"SKIP","floor":47},{"not_picked":["Endless Agony","Terror+1","Acrobatics+1"],"picked":"Well Laid Plans","floor":48},{"not_picked":["Riddle With Holes+1","Sucker Punch+1","Malaise"],"picked":"PiercingWail","floor":48}],"player_experience":1300018,"relics_obtained":[{"floor":9.0,"key":"Gremlin Horn"},{"floor":11.0,"key":"Ninja Scroll"},{"floor":26.0,"key":"Girya"},{"floor":30.0,"key":"Question Card"}],"event_choices":[{"event_name":"World of Goop","player_choice":"Gather Gold","floor":2.0,"damage_taken":0.0},{"event_name":"Bonfire Elementals","player_choice":"BASIC","floor":5.0,"damage_taken":0.0},{"event_name":"FaceTrader","player_choice":"Leave","floor":7.0,"damage_taken":0.0},{"event_name":"Nest","player_choice":"Stole From Cult","floor":19.0,"damage_taken":0.0},{"event_name":"Drug Dealer","player_choice":"Inject Mutagens","floor":22.0,"damage_taken":0.0},{"event_name":"Transmorgrifier","player_choice":"Transform","floor":37.0,"damage_taken":0.0},{"event_name":"Accursed Blacksmith","player_choice":"Rummage","floor":38.0,"damage_taken":0.0},{"event_name":"Tomb of Lord Red Mask","player_choice":"Paid","floor":42,"damage_taken":0}],"is_beta":false,"boss_relics":[{"not_picked":["Tiny House","Orrery"],"picked":"Cursed Key"},{"not_picked":["Coffee Dripper","Philosopher\u0027s Stone"],"picked":"Runic Dome"}],"items_purged_floors":[13,20,39],"is_endless":false,"potions_floor_spawned":[1,11,12,16,29,30,31,33,41,47],"ascension_level":19}