{"gold_per_floor":[99,99,60,10,10,10,10,0,0,0,0,0,0,0,0,0,0,0,0,0,0,0,0,0,0,0,0,0,0,0,0,0,0,0,0,0,0,0,0,0,0,0,0,0,0,0,0,0,0,0],"floor_reached":51,"playtime":1062,"items_purged":[],"score":731,"play_id":"7f503af6-c2a1-4698-9593-b27fcc42846d","local_time":"20190110225906","is_ascension_mode":false,"campfire_choices":[{"data":"Searing Blow","floor":6,"key":"SMITH"},{"data":"Searing Blow+2","floor":11,"key":"SMITH"},{"data":"Searing Blow+3","floor":15,"key":"SMITH"},{"data":"Searing Blow+4","floor":23,"key":"SMITH"},{"data":"Searing Blow+5","floor":25,"key":"SMITH"},{"data":"Searing Blow+6","floor":27,"key":"SMITH"},{"data":"Searing Blow+7","floor":32,"key":"SMITH"},{"data":"Searing Blow+8","floor":40,"key":"SMITH"},{"data":"Searing Blow+9","floor":42,"key":"SMITH"},{"data":"Searing Blow+10","floor":44,"key":"SMITH"},{"data":"Searing Blow+11","floor":47,"key":"SMITH"},{"data":"Searing Blow+12","floor":49,"key":"SMITH"}],"neow_cost":"NONE","seed_source_timestamp":93375712402254,"circlet_count":0,"master_deck":["Strike_R","Strike_R","Strike_R","Strike_R+1","Defend_R","Defend_R+1","Defend_R","Defend_R","Bash","Pummel","Corruption","Searing Blow+13","Headbutt","Battle Trance","Regret","Fiend Fire","Thunderclap+1","Armaments+1","True Grit+1","Armaments+1","Double Tap","Dark Shackles+1","Writhe"],"relics":["Ectoplasm","Whetstone","MawBank","Regal Pillow","Art of War","Velvet Choker","Question Card","Torii","Du-Vu Doll","Snecko Eye","War Paint","Juzu Bracelet"],"potions_floor_usage":[7,12,16,16,30,33,48,50,50],"damage_taken":[{"damage":1,"enemies":"2 Louse","floor":1,"turns":3},{"damage":6,"enemies":"Jaw Worm","floor":2,"turns":3},{"damage":0,"enemies":"Small Slimes","floor":5,"turns":3},{"damage":0,"enemies":"Gremlin Nob","floor":7,"turns":2},{"damage":13,"enemies":"Exordium Thugs","floor":8,"turns":4},{"damage":11,"enemies":"Gremlin Gang","floor":10,"turns":3},{"damage":25,"enemies":"3 Sentries","floor":12,"turns":6},{"damage":0,"enemies":"2 Fungi Beasts","floor":13,"turns":2},{"damage":25,"enemies":"Hexaghost","floor":16,"turns":5},{"damage":5,"enemies":"Chosen","floor":18,"turns":2},{"damage":14,"enemies":"Shell Parasite","floor":19,"turns":3},{"damage":5,"enemies":"Shelled Parasite and Fungi","floor":24,"turns":3},{"damage":9,"enemies":"Snake Plant","floor":28,"turns":2},{"damage":0,"enemies":"Sentry and Sphere","floor":29,"turns":3},{"damage":15,"enemies":"Book of Stabbing","floor":30,"turns":3},{"damage":0,"enemies":"Cultist and Chosen","floor":31,"turns":2},{"damage":13,"enemies":"Champ","floor":33,"turns":6},{"damage":0,"enemies":"3 Shapes","floor":35,"turns":2},{"damage":0,"enemies":"Orb Walker","floor":36,"turns":2},{"damage":6,"enemies":"Maw","floor":38,"turns":4},{"damage":0,"enemies":"Spire Growth","floor":45,"turns":1},{"damage":14,"enemies":"Jaw Worm Horde","floor":46,"turns":3},{"damage":4,"enemies":"3 Darklings","floor":48,"turns":4},{"damage":37,"enemies":"Donu and Deca","floor":50,"turns":4}],"seed_played":"-3270326373827409045","potions_obtained":[{"floor":2,"key":"AttackPotion"},{"floor":5,"key":"Regen Potion"},{"floor":10,"key":"Poison Potion"},{"floor":12,"key":"Dexterity Potion"},{"floor":13,"key":"Poison Potion"},{"floor":16,"key":"BloodPotion"},{"floor":24,"key":"AttackPotion"},{"floor":30,"key":"Block Potion"},{"floor":38,"key":"Fire Potion"}],"is_trial":false,"path_per_floor":["M","M","$","?","M","R","E","M","T","M","R","E","M","?","R","B",null,"M","M","?","?","?","R","M","R","T","R","M","M","E","M","R","B",null,"M","M","?","M","?","R","T","R","T","R","M","M","R","M","R","B",null],"character_chosen":"IRONCLAD","items_purchased":["Searing Blow"],"campfire_rested":0,"item_purchase_floors":[3],"current_hp_per_floor":[79,73,73,73,73,73,73,60,60,49,49,39,39,39,39,14,80,75,61,61,80,72,72,67,67,67,67,58,58,43,43,43,30,80,80,80,80,74,80,80,80,80,80,80,80,66,66,70,70,33],"gold":0,"neow_bonus":"BOSS_RELIC","is_prod":false,"is_daily":false,"chose_seed":false,"campfire_upgraded":12,"win_rate":0,"timestamp":1547157546,"path_taken":["M","M","$","?","M","R","E","M","T","M","R","E","M","?","R","BOSS","M","M","?","?","?","R","M","R","T","R","?","M","E","M","R","BOSS","M","?","?","M","?","R","?","R","T","R","M","M","R","M","R","BOSS"],"build_version":"2019-01-03v4","purchased_purges":0,"victory":true,"max_hp_per_floor":[80,80,80,80,80,80,80,80,80,80,80,80,80,80,80,80,80,80,80,80,80,80,80,80,80,80,80,80,80,80,80,80,80,80,80,80,80,80,80,80,80,80,80,80,80,80,80,80,80,80],"card_choices":[{"not_picked":["Body Slam","Blood for Blood"],"picked":"Pummel","floor":1},{"not_picked":["Thunderclap","Shrug It Off"],"picked":"Corruption","floor":2},{"not_picked":["Iron Wave","Body Slam","Dropkick"],"picked":"SKIP","floor":5},{"not_picked":["Rupture","Feel No Pain","Shrug It Off"],"picked":"SKIP","floor":7},{"not_picked":["Bloodletting","Pommel Strike"],"picked":"Headbutt","floor":8},{"not_picked":["Heavy Blade","Evolve","Flex"],"picked":"SKIP","floor":10},{"not_picked":["Warcry","Bludgeon"],"picked":"Battle Trance","floor":12},{"not_picked":["Flex","Second Wind","Uppercut"],"picked":"SKIP","floor":13},{"not_picked":["Exhume","Offering"],"picked":"Fiend Fire","floor":16},{"not_picked":["Seeing Red","Body Slam"],"picked":"Thunderclap+1","floor":18},{"not_picked":["Sword Boomerang","Carnage","Iron Wave+1"],"picked":"SKIP","floor":19},{"not_picked":["Seeing Red","Second Wind+1","Intimidate"],"picked":"Armaments+1","floor":24},{"not_picked":["Thunderclap","Corruption","Flex","Inflame"],"picked":"SKIP","floor":28},{"not_picked":["Evolve","Metallicize","Headbutt","Searing Blow"],"picked":"SKIP","floor":29},{"not_picked":["Shrug It Off","Sword Boomerang","Anger"],"picked":"True Grit+1","floor":30},{"not_picked":["Cleave","Body Slam","Clash+1","Anger+1"],"picked":"SKIP","floor":31},{"not_picked":["Cleave","Sword Boomerang","Clothesline"],"picked":"Armaments+1","floor":35},{"not_picked":["Havoc+1","Metallicize+1","Perfected Strike"],"picked":"Double Tap","floor":36},{"not_picked":["Flash of Steel","Sadistic Nature","Trip"],"picked":"Dark Shackles","floor":37},{"not_picked":["Heavy Blade","Sever Soul+1","Headbutt+1","Burning Pact"],"picked":"SKIP","floor":38},{"not_picked":["Perfected Strike+1","Cleave+1","Hemokinesis+1","Uppercut"],"picked":"SKIP","floor":45},{"not_picked":["Body Slam","Armaments+1","Anger+1","Reckless Charge"],"picked":"SKIP","floor":46},{"not_picked":["Headbutt","Uppercut","Intimidate","Seeing Red"],"picked":"SKIP","floor":48}],"player_experience":434392,"relics_obtained":[{"floor":7,"key":"Whetstone"},{"floor":9,"key":"MawBank"},{"floor":12,"key":"Regal Pillow"},{"floor":26,"key":"Torii"},{"floor":30,"key":"Du-Vu Doll"},{"floor":41,"key":"War Paint"},{"floor":43,"key":"Juzu Bracelet"}],"event_choices":[{"cards_removed":["Strike_R"],"damage_healed":0,"gold_gain":0,"player_choice":"Card Removal","damage_taken":0,"max_hp_gain":0,"max_hp_loss":0,"event_name":"The Cleric","floor":4,"gold_loss":50},{"damage_healed":0,"gold_gain":0,"player_choice":"Box","damage_taken":0,"relics_obtained":["Art of War"],"max_hp_gain":0,"max_hp_loss":0,"event_name":"Big Fish","floor":14,"gold_loss":0,"cards_obtained":["Regret"]},{"damage_healed":0,"gold_gain":0,"player_choice":"Opened","damage_taken":0,"relics_obtained":["Question Card"],"max_hp_gain":0,"max_hp_loss":0,"event_name":"The Mausoleum","floor":20,"gold_loss":0},{"damage_healed":26,"gold_gain":0,"player_choice":"Heal","damage_taken":0,"max_hp_gain":0,"max_hp_loss":0,"event_name":"The Library","floor":21,"gold_loss":0},{"damage_healed":0,"gold_gain":0,"player_choice":"","damage_taken":8,"max_hp_gain":0,"max_hp_loss":0,"event_name":"Knowing Skull","floor":22,"potions_obtained":[],"gold_loss":0,"cards_obtained":[]},{"damage_healed":0,"gold_gain":0,"player_choice":"Memory 1","damage_taken":0,"max_hp_gain":0,"max_hp_loss":0,"event_name":"SensoryStone","floor":37,"gold_loss":0},{"damage_healed":20,"gold_gain":0,"player_choice":"Writhe","damage_taken":0,"max_hp_gain":0,"max_hp_loss":0,"event_name":"Winding Halls","floor":39,"gold_loss":0,"cards_obtained":["Writhe"]}],"is_beta":false,"boss_relics":[{"not_picked":["Black Star","Coffee Dripper"],"picked":"Velvet Choker"},{"not_picked":["Philosopher\u0027s Stone","Runic Pyramid"],"picked":"Snecko Eye"}],"items_purged_floors":[],"is_endless":false,"potions_floor_spawned":[2,5,10,12,13,16,24,30,31,38,45],"ascension_level":0}