{"gold_per_floor":[114,84,99,114,114,114,144,159,184,184,214,214,214,14,14,114,114,129,144,69,119,119,119,149,179,179,194,194,94,124,124,124,224,224,239,339,339,86,86,116,116,146,146,176,206,236,266,70,70,70],"floor_reached":51,"playtime":2072,"items_purged":["Writhe"],"score":1031,"play_id":"268dc957-7ba4-4aa4-a255-036aeba1a3cc","local_time":"25611115161721","daily_mods":["Allstar","Flight","DeadlyEvents"],"is_ascension_mode":false,"campfire_choices":[{"data":"Body Slam","floor":6.0,"key":"SMITH"},{"floor":10.0,"key":"REST"},{"data":"Rage","floor":12.0,"key":"SMITH"},{"floor":13.0,"key":"REST"},{"data":"Demon Form","floor":15.0,"key":"SMITH"},{"data":"Armaments","floor":23.0,"key":"SMITH"},{"floor":28.0,"key":"REST"},{"floor":32.0,"key":"REST"},{"floor":41.0,"key":"REST"},{"floor":49,"key":"REST"}],"neow_cost":"","seed_source_timestamp":0,"circlet_count":0,"master_deck":["Bash","Violence","Purity","Master of Strategy","Swift Strike","Discovery+1","Body Slam+1","Shrug It Off","Rage+1","Demon Form+1","Burst","Wild Strike","True Grit","Twin Strike","Sword Boomerang","Flex","Feel No Pain","Sword Boomerang","Hello World","Armaments+1","Pummel+1","Dark Shackles+1","Scrape","Terror+1","Night Terror","Clumsy","Pain","Parasite","Battle Trance+1","Magnetism","Mayhem","Jack Of All Trades+1","Swift Strike+1","Impatience+1","Leap+1","Heavy Blade+1","Stack","Corruption","Pummel+1"],"special_seed":17850,"relics":["Burning Blood","Darkstone Periapt","Centennial Puzzle","Red Skull","PrismaticShard","Pandora\u0027s Box","Vajra","StoneCalendar","Prayer Wheel","Pantograph","Molten Egg 2","Calling Bell","Oddly Smooth Stone","Gremlin Horn","Incense Burner","Turnip","Omamori","Anchor","Dodecahedron","Champion Belt","Bronze Scales","Bottled Tornado","Lantern"],"potions_floor_usage":[50],"damage_taken":[{"damage":2.0,"enemies":"Small Slimes","floor":1.0,"turns":3.0},{"damage":0.0,"enemies":"Cultist","floor":3.0,"turns":2.0},{"damage":0.0,"enemies":"2 Louse","floor":4.0,"turns":3.0},{"damage":57.0,"enemies":"Gremlin Nob","floor":7.0,"turns":6.0},{"damage":17.0,"enemies":"Exordium Thugs","floor":8.0,"turns":5.0},{"damage":9.0,"enemies":"3 Sentries","floor":11.0,"turns":4.0},{"damage":14.0,"enemies":"Hexaghost","floor":16.0,"turns":7.0},{"damage":10.0,"enemies":"Chosen","floor":18.0,"turns":3.0},{"damage":10.0,"enemies":"3 Byrds","floor":19.0,"turns":5.0},{"damage":1.0,"enemies":"Book of Stabbing","floor":24.0,"turns":3.0},{"damage":51.0,"enemies":"Slavers","floor":25.0,"turns":4.0},{"damage":0.0,"enemies":"Snake Plant","floor":27.0,"turns":5.0},{"damage":5.0,"enemies":"Gremlin Leader","floor":30.0,"turns":5.0},{"damage":61.0,"enemies":"Automaton","floor":33.0,"turns":7.0},{"damage":20.0,"enemies":"3 Darklings","floor":35.0,"turns":4.0},{"damage":50.0,"enemies":"Mind Bloom Boss Battle","floor":36.0,"turns":7.0},{"damage":37.0,"enemies":"Nemesis","floor":40.0,"turns":5.0},{"damage":4.0,"enemies":"Giant Head","floor":42.0,"turns":6.0},{"damage":3.0,"enemies":"Nemesis","floor":44.0,"turns":7.0},{"damage":11.0,"enemies":"Giant Head","floor":45.0,"turns":5.0},{"damage":28.0,"enemies":"Nemesis","floor":46.0,"turns":7.0},{"damage":0.0,"enemies":"Giant Head","floor":47.0,"turns":5.0},{"damage":58,"enemies":"Time Eater","floor":50,"turns":8}],"seed_played":"-5442637841000677310","potions_obtained":[{"floor":1.0,"key":"Block Potion"},{"floor":2.0,"key":"Dexterity Potion"},{"floor":2.0,"key":"Swift Potion"},{"floor":4.0,"key":"Fruit Juice"},{"floor":8.0,"key":"Explosive Potion"},{"floor":11.0,"key":"Weak Potion"},{"floor":25.0,"key":"Weak Potion"},{"floor":30.0,"key":"Poison Potion"},{"floor":35.0,"key":"FearPotion"},{"floor":42.0,"key":"Dexterity Potion"},{"floor":44.0,"key":"Fire Potion"},{"floor":45.0,"key":"SmokeBomb"}],"is_trial":false,"path_per_floor":["M","?","M","M","?","R","E","M","T","R","E","R","R","$","R","B",null,"M","M","?","T","?","R","E","E","T","M","R","$","E","?","R","B",null,"M","?","?","$","?","E","R","E","T","E","E","E","E","$","R","B",null],"character_chosen":"IRONCLAD","items_purchased":["PrismaticShard","Energy Potion","FearPotion","Mayhem","Corruption","Pummel+1","AttackPotion"],"campfire_rested":6,"item_purchase_floors":[14,29,29,38,48,48,48],"current_hp_per_floor":[80,80,80,80,80,80,34,23,23,48,45,45,70,70,70,62,85,81,77,77,77,77,77,82,37,37,43,68,68,69,53,80,35,108,94,64,97,97,97,66,100,102,102,105,100,78,84,84,114,62],"gold":70,"neow_bonus":"","is_prod":false,"is_daily":true,"chose_seed":false,"campfire_upgraded":4,"win_rate":0,"timestamp":1542273441,"path_taken":["M","?","?","M","?","R","E","M","T","R","?","R","R","$","R","BOSS","M","M","?","?","?","R","E","E","T","?","R","$","?","?","R","BOSS","M","?","?","$","?","E","R","?","T","?","?","?","E","$","R","BOSS"],"build_version":"2018-11-08","purchased_purges":1,"victory":true,"max_hp_per_floor":[80,80,80,80,80,80,85,85,85,85,85,85,85,85,85,85,85,85,85,85,85,85,85,85,85,85,85,85,85,85,90,90,90,108,108,108,114,114,114,114,114,114,114,114,114,114,114,114,114,114],"card_choices":[{"not_picked":["Heavy Blade","Sword Boomerang"],"picked":"Body Slam","floor":1.0},{"not_picked":["Perfected Strike","Pummel"],"picked":"Shrug It Off","floor":3.0},{"not_picked":["Evolve","Anger","Headbutt"],"picked":"SKIP","floor":4.0},{"not_picked":["True Grit","Thunderclap","Warcry"],"picked":"SKIP","floor":7.0},{"not_picked":["Warcry","Fire Breathing"],"picked":"Rage","floor":8.0},{"not_picked":["Combust","Hemokinesis"],"picked":"Demon Form","floor":11.0},{"not_picked":["Grand Finale","Seek"],"picked":"Burst","floor":16.0},{"not_picked":["PiercingWail","Loop"],"picked":"Hello World","floor":18.0},{"not_picked":["Steam Power","Wild Strike","Flying Knee"],"picked":"SKIP","floor":19.0},{"not_picked":["Warcry","Jack Of All Trades+1"],"picked":"Pummel+1","floor":24.0},{"not_picked":["Dagger Throw","Metallicize"],"picked":"Dark Shackles+1","floor":25.0},{"not_picked":["Heavy Blade","Unload"],"picked":"Scrape","floor":27.0},{"not_picked":["Body Slam","Dash+1","Sucker Punch"],"picked":"SKIP","floor":27.0},{"not_picked":["Sucker Punch+1","Slice"],"picked":"Terror+1","floor":30.0},{"not_picked":["Fission","Impervious"],"picked":"Night Terror","floor":33.0},{"not_picked":["Hemokinesis+1","Quick Slash+1"],"picked":"Battle Trance+1","floor":35.0},{"not_picked":["Good Instincts","Finisher+1","Sweeping Beam+1"],"picked":"SKIP","floor":35.0},{"not_picked":["Skewer+1","Eviscerate+1"],"picked":"Magnetism","floor":36.0},{"not_picked":["Seeing Red","PiercingWail+1"],"picked":"Jack Of All Trades+1","floor":40.0},{"not_picked":["Shrug It Off","Blood for Blood+1"],"picked":"Swift Strike+1","floor":42.0},{"not_picked":["Eviscerate+1","Finesse"],"picked":"Impatience+1","floor":44.0},{"not_picked":["Sucker Punch+1","Reckless Charge+1"],"picked":"Leap+1","floor":45.0},{"not_picked":["Bloodletting","Iron Wave+1"],"picked":"Heavy Blade+1","floor":46.0},{"not_picked":["Shrug It Off+1","Steam+1"],"picked":"Stack","floor":47.0}],"player_experience":144220,"relics_obtained":[{"floor":7.0,"key":"Darkstone Periapt"},{"floor":9.0,"key":"Centennial Puzzle"},{"floor":11.0,"key":"Red Skull"},{"floor":21.0,"key":"Vajra"},{"floor":24.0,"key":"StoneCalendar"},{"floor":25.0,"key":"Prayer Wheel"},{"floor":26.0,"key":"Pantograph"},{"floor":30.0,"key":"Molten Egg 2"},{"floor":34.0,"key":"Oddly Smooth Stone"},{"floor":34.0,"key":"Gremlin Horn"},{"floor":34.0,"key":"Incense Burner"},{"floor":36.0,"key":"Turnip"},{"floor":40.0,"key":"Omamori"},{"floor":42.0,"key":"Anchor"},{"floor":43.0,"key":"Dodecahedron"},{"floor":44.0,"key":"Champion Belt"},{"floor":45.0,"key":"Bronze Scales"},{"floor":46.0,"key":"Bottled Tornado"},{"floor":47.0,"key":"Lantern"}],"event_choices":[{"damage_healed":0.0,"max_hp_gain":0.0,"max_hp_loss":0.0,"gold_gain":0.0,"event_name":"The Woman in Blue","player_choice":"Bought 2 Potions","floor":2.0,"gold_loss":0.0,"damage_taken":0.0},{"damage_healed":0.0,"max_hp_gain":0.0,"max_hp_loss":0.0,"gold_gain":0.0,"event_name":"Upgrade Shrine","player_choice":"Upgraded","floor":5.0,"gold_loss":0.0,"damage_taken":0.0,"cards_upgraded":["Discovery"]},{"cards_removed":["Anger"],"damage_healed":0.0,"max_hp_gain":0.0,"max_hp_loss":0.0,"gold_gain":0.0,"event_name":"Beggar","player_choice":"Gave Gold","floor":20.0,"gold_loss":75.0,"damage_taken":0.0},{"damage_healed":0.0,"max_hp_gain":0.0,"max_hp_loss":0.0,"gold_gain":0.0,"event_name":"The Library","player_choice":"Read","floor":22.0,"gold_loss":0.0,"damage_taken":0.0,"cards_obtained":["Armaments"]},{"damage_healed":0.0,"max_hp_gain":5.0,"max_hp_loss":0.0,"gold_gain":0.0,"event_name":"Forgotten Altar","player_choice":"Shed Blood","floor":31.0,"gold_loss":0.0,"damage_taken":21.0},{"damage_healed":0.0,"max_hp_gain":0.0,"max_hp_loss":0.0,"gold_gain":0.0,"event_name":"MindBloom","player_choice":"Fight","floor":36.0,"gold_loss":0.0,"damage_taken":0.0},{"damage_healed":27.0,"max_hp_gain":0.0,"max_hp_loss":0.0,"gold_gain":0.0,"event_name":"Winding Halls","player_choice":"Writhe","floor":37.0,"gold_loss":0.0,"damage_taken":0.0,"cards_obtained":["Writhe"]},{"cards_removed":["Body Slam"],"damage_healed":0.0,"max_hp_gain":0.0,"max_hp_loss":0.0,"gold_gain":0.0,"event_name":"Falling","player_choice":"Removed Attack","floor":39.0,"gold_loss":0.0,"damage_taken":0.0}],"is_beta":false,"boss_relics":[{"not_picked":["Lizard Tail","Runic Pyramid"],"picked":"Pandora\u0027s Box"},{"not_picked":["Busted Crown","Runic Cube"],"picked":"Calling Bell"}],"items_purged_floors":[38],"is_endless":false,"potions_floor_spawned":[1,4,8,11,25,30,35,42,44,45],"ascension_level":0}