{"gold_per_floor":[110,35,35,48,48,80,80,106,145,432,464,495,507,519,531,543],"floor_reached":16,"playtime":374,"items_purged":["Strike_R"],"score":266,"play_id":"d254cdf8-a5df-4eb4-a5bd-a5787abdd3a1","local_time":"20190417211527","is_ascension_mode":true,"campfire_choices":[{"data":"Body Slam","floor":7.0,"key":"SMITH"}],"neow_cost":"NONE","seed_source_timestamp":13066164798100,"circlet_count":0,"master_deck":["AscendersBane","Strike_R","Strike_R","Strike_R","Strike_R","Defend_R","Defend_R","Defend_R","Defend_R","Bash","Body Slam+1","Entrench+1","Regret","Shrug It Off"],"special_seed":0,"relics":["Burning Blood","NeowsBlessing","Baseball","Quantum Egg","MawBank","Regal Pillow","Golden Idol"],"potions_floor_usage":[],"damage_taken":[{"damage":0.0,"enemies":"Jaw Worm","floor":1.0,"turns":1.0},{"damage":0.0,"enemies":"2 Louse","floor":4.0,"turns":1.0},{"damage":0.0,"enemies":"Lagavulin","floor":6.0,"turns":1.0},{"damage":27.0,"enemies":"Gremlin Nob","floor":8.0,"turns":4.0},{"damage":3.0,"enemies":"Cultist","floor":11.0,"turns":3.0},{"damage":23.0,"enemies":"3 Louse","floor":12.0,"turns":4.0},{"damage":72,"enemies":"Fading Forest","floor":16,"turns":8}],"seed_played":"-3922354243635259282","potions_obtained":[{"floor":1.0,"key":"EntropicBrew"}],"is_trial":false,"path_per_floor":["M","$","?","M","$","E","R","E","T","?","M","M","?","?","R","B"],"character_chosen":"IRONCLAD","items_purchased":[],"campfire_rested":0,"item_purchase_floors":[],"current_hp_per_floor":[74,74,69,75,75,75,75,54,54,54,57,40,40,40,68,0],"gold":543,"neow_bonus":"THREE_ENEMY_KILL","is_prod":false,"is_daily":false,"chose_seed":false,"campfire_upgraded":1,"win_rate":0,"timestamp":1555506927,"path_taken":["M","$","?","M","$","E","R","E","T","?","M","?","?","?","R","BOSS"],"build_version":"2019-01-23","purchased_purges":1,"victory":false,"max_hp_per_floor":[75,75,75,75,75,75,75,75,75,75,75,75,75,68,68,68],"card_choices":[{"not_picked":["Sentinel","Bloodletting"],"picked":"Body Slam","floor":1.0},{"not_picked":["Headbutt","ReplayTheSpireMod:Corrosion Curse","Heavy Blade"],"picked":"SKIP","floor":4.0},{"not_picked":["Havoc","Heavy Blade","Brutality"],"picked":"SKIP","floor":6.0},{"not_picked":["Replay:Undeath\u0027s Touch","ReplayTheSpireMod:Limb From Limb"],"picked":"Entrench","floor":8.0},{"not_picked":["Seeing Red","Armaments","Cleave"],"picked":"SKIP","floor":11.0},{"not_picked":["Fire Breathing","Spot Weakness"],"picked":"Shrug It Off","floor":12.0}],"player_experience":3000846,"relics_obtained":[{"floor":6.0,"key":"Quantum Egg"},{"floor":8.0,"key":"MawBank"},{"floor":9.0,"key":"Regal Pillow"}],"event_choices":[{"damage_healed":0.0,"max_hp_gain":0.0,"max_hp_loss":0.0,"gold_gain":0.0,"event_name":"Scrap Ooze","player_choice":"Success","floor":3.0,"gold_loss":0.0,"damage_taken":5.0,"relics_obtained":["Baseball"]},{"damage_healed":0.0,"max_hp_gain":0.0,"max_hp_loss":0.0,"gold_gain":275.0,"event_name":"Golden Shrine","player_choice":"Desecrate","floor":10.0,"gold_loss":0.0,"damage_taken":0.0,"cards_obtained":["Regret"]},{"damage_healed":0.0,"max_hp_gain":0.0,"max_hp_loss":0.0,"gold_gain":0.0,"event_name":"Shining Light","player_choice":"Ignored","floor":13.0,"gold_loss":0.0,"damage_taken":0.0},{"damage_healed":0.0,"max_hp_gain":0.0,"max_hp_loss":7.0,"gold_gain":0.0,"event_name":"Golden Idol","player_choice":"Lose Max HP","floor":14.0,"gold_loss":0.0,"damage_taken":0.0,"relics_obtained":["Golden Idol"]}],"is_beta":false,"boss_relics":[],"items_purged_floors":[2],"is_endless":false,"potions_floor_spawned":[1],"killed_by":"Fading Forest","ascension_level":20}