{"gold_per_floor":[110,110,127,92,92,135,165,179,179,61,76,95,95,135,135,255,255,270,192,192,180,180,180,219,219,219,250,250,8,8],"floor_reached":30,"playtime":2084,"items_purged":["Strike_G"],"score":397,"play_id":"b6426966-184a-43d9-b6df-ff6542bdc8e4","local_time":"20180704202030","is_ascension_mode":true,"campfire_choices":[{"floor":13,"key":"REST"},{"floor":15,"key":"REST"},{"data":"Writhe","floor":23,"key":"PURGE"},{"floor":25,"key":"REST"}],"neow_cost":"NONE","seed_source_timestamp":44768688422187,"circlet_count":0,"master_deck":["Defend_G+1","Defend_G","Defend_G+1","Defend_G","Defend_G","Strike_G","Strike_G","Strike_G","Survivor","Neutralize","Bouncing Flask","Dodge and Roll","Bane","Poisoned Stab","Noxious Fumes","Sucker Punch+1","Doppelganger","Poisoned Stab+1","Dagger Spray","Cloak And Dagger+1","Injury","Endless Agony+1","Poisoned Stab+1"],"relics":["Ring of the Snake","Golden Idol","Peace Pipe","Odd Mushroom","The Courier","Strawberry","Fusion Hammer","Letter Opener","Question Card","Molten Egg 2","Juzu Bracelet","Pear"],"potions_floor_usage":[18,18,24,27,30],"damage_taken":[{"damage":1,"enemies":"Cultist","floor":1,"turns":3},{"damage":0,"enemies":"Jaw Worm","floor":3,"turns":4},{"damage":31,"enemies":"3 Sentries","floor":6,"turns":16},{"damage":24,"floor":7,"turns":6},{"damage":0,"enemies":"2 Louse","floor":8,"turns":3},{"damage":0,"enemies":"Large Slime","floor":11,"turns":7},{"damage":0,"enemies":"Exordium Wildlife","floor":12,"turns":4},{"damage":12,"enemies":"Lagavulin","floor":14,"turns":6},{"damage":21,"enemies":"Hexaghost","floor":16,"turns":9},{"damage":3,"enemies":"Chosen","floor":18,"turns":5},{"damage":19,"enemies":"2 Thieves","floor":21,"turns":4},{"damage":33,"enemies":"Slavers","floor":24,"turns":5},{"damage":23,"enemies":"Book of Stabbing","floor":27,"turns":6},{"damage":14,"enemies":"Slaver and Parasite","floor":30,"turns":5}],"seed_played":"5156833138977443774","potions_obtained":[{"floor":6,"key":"Block Potion"},{"floor":7,"key":"AttackPotion"},{"floor":8,"key":"GhostInAJar"},{"floor":14,"key":"Weak Potion"},{"floor":18,"key":"Energy Potion"}],"is_trial":false,"path_per_floor":["M","?","M","?","?","E","?","M","T","$","M","M","R","E","R","B",null,"M","$","?","M","?","R","E","R","T","E","?","$"],"character_chosen":"THE_SILENT","items_purchased":["Noxious Fumes","Dagger Spray","Dexterity Potion","Pear","Block Potion"],"campfire_rested":3,"item_purchase_floors":[10,19,19,29,29],"current_hp_per_floor":[62,48,48,65,65,34,10,10,10,10,10,10,29,24,45,24,60,57,57,57,38,38,38,5,26,26,3,3,13,0],"gold":8,"neow_bonus":"TRANSFORM_CARD","is_prod":false,"is_daily":false,"chose_seed":false,"campfire_upgraded":0,"win_rate":0,"timestamp":1530760830,"path_taken":["M","?","M","?","?","E","?","?","T","$","M","M","R","E","R","BOSS","M","$","?","M","?","R","E","R","T","E","?","$","M"],"build_version":"2018-06-28","purchased_purges":1,"victory":false,"max_hp_per_floor":[70,70,70,70,65,65,65,65,65,65,65,65,65,72,72,72,72,72,72,72,72,72,72,72,72,72,72,72,82,82],"card_choices":[{"not_picked":["Deadly Poison","Bouncing Flask","Deflect"],"picked":"SKIP","floor":1},{"not_picked":["Slice","Bouncing Flask"],"picked":"Dodge and Roll","floor":3},{"not_picked":["Night Terror","Deflect","Acrobatics"],"picked":"SKIP","floor":6},{"not_picked":["Acrobatics","Accuracy"],"picked":"Bane","floor":7},{"not_picked":["Deadly Poison","Sucker Punch"],"picked":"Poisoned Stab","floor":8},{"not_picked":["Flying Knee","Blur","Masterful Stab"],"picked":"SKIP","floor":11},{"not_picked":["Outmaneuver","All Out Attack","Bane"],"picked":"SKIP","floor":12},{"not_picked":["Dagger Throw","Phantasmal Killer"],"picked":"Sucker Punch","floor":14},{"not_picked":["Night Terror","Unload"],"picked":"Doppelganger","floor":16},{"not_picked":["Heel Hook","Dagger Throw"],"picked":"Poisoned Stab+1","floor":18},{"not_picked":["Noxious Fumes","Backstab"],"picked":"Cloak And Dagger+1","floor":21},{"not_picked":["Caltrops+1","Masterful Stab"],"picked":"Endless Agony+1","floor":24},{"not_picked":["PiercingWail","Predator+1","Underhanded Strike+1"],"picked":"Poisoned Stab+1","floor":27}],"player_experience":689229,"relics_obtained":[{"floor":6,"key":"Peace Pipe"},{"floor":7,"key":"Odd Mushroom"},{"floor":9,"key":"The Courier"},{"floor":14,"key":"Strawberry"},{"floor":24,"key":"Question Card"},{"floor":26,"key":"Molten Egg 2"},{"floor":27,"key":"Juzu Bracelet"}],"event_choices":[{"event_name":"Shining Light","player_choice":"Entered Light","floor":2,"damage_taken":0},{"event_name":"The Cleric","player_choice":"Healed","floor":4,"damage_taken":0},{"event_name":"Golden Idol","player_choice":"Lose Max HP","floor":5,"damage_taken":0},{"event_name":"Mushrooms","player_choice":"Fought Mushrooms","floor":7,"damage_taken":0},{"event_name":"The Mausoleum","player_choice":"Yes","floor":20,"damage_taken":0},{"event_name":"Accursed Blacksmith","player_choice":"Forge","floor":22,"damage_taken":0},{"event_name":"Vampires","player_choice":"Ignored","floor":28,"damage_taken":0}],"boss_relics":[{"not_picked":["Empty Cage","Calling Bell"],"picked":"Fusion Hammer"}],"items_purged_floors":[10],"is_endless":false,"potions_floor_spawned":[6,7,8,14,18,21],"killed_by":"Slaver and Parasite","ascension_level":9}