{"gold_per_floor":[112,123,142,158,158,194,194,238,238,273,273,273,311,351,351,444,444,457,457,26,26,49,87,102,141,141,180,180,224,268,64,64,157,157,177,201,201,226,40,78,78,116,116,137,12,46,46,62,62,62,62,62,62,19,59,59],"floor_reached":57,"playtime":3056,"items_purged":[],"score":3598,"play_id":"8f5e4186-511e-4128-b90c-14efb9fdbcce","local_time":"20190503120954","daily_mods":["SealedDeck","DeadlyEvents","Elite Swarm"],"is_ascension_mode":true,"campfire_choices":[{"data":"Terror","floor":7.0,"key":"SMITH"},{"data":"A Thousand Cuts","floor":11.0,"key":"SMITH"},{"floor":15,"key":"REST"},{"floor":28,"key":"REST"},{"floor":32,"key":"RECALL"},{"floor":47,"key":"REST"},{"floor":49,"key":"REST"},{"floor":53,"key":"REST"}],"neow_cost":"","seed_source_timestamp":0,"circlet_count":0,"master_deck":["AscendersBane","Slice","Dodge and Roll","Backflip","Predator","Skewer","Backflip","Quick Slash","PiercingWail","Terror+1","Poisoned Stab","Dodge and Roll","Adrenaline","A Thousand Cuts+1","Corpse Explosion","After Image","Wraith Form v2","Deadly Poison+1","Well Laid Plans","PiercingWail","PiercingWail","Adrenaline","Cloak And Dagger+1","Bullet Time","Burst","Malaise","Well Laid Plans+1","Dodge and Roll+1","Prepared+1","Crippling Poison+1","Burst+1","Catalyst+1","Deadly Poison+1","PiercingWail+1","Outmaneuver+1","Malaise+1"],"special_seed":0,"relics":["Ring of the Snake","Golden Idol","Question Card","The Courier","Molten Egg 2","Kunai","Tingsha","Pen Nib","Fusion Hammer","Membership Card","Ninja Scroll","Pear","Smiling Mask","Ancient Tea Set","Turnip","Letter Opener","Meat on the Bone","Orichalcum","Matryoshka","Tough Bandages","Lantern","Black Star","Art of War","Centennial Puzzle","Anchor","Prayer Wheel","Singing Bowl","Ice Cream","FossilizedHelix","Toxic Egg 2","Paper Crane","Gremlin Horn","Bottled Flame","Blue Candle","Boot"],"potions_floor_usage":[14,22,27,30,55],"damage_taken":[{"damage":0.0,"enemies":"Small Slimes","floor":1.0,"turns":3.0},{"damage":1.0,"enemies":"Jaw Worm","floor":2.0,"turns":2.0},{"damage":0.0,"enemies":"Cultist","floor":3.0,"turns":2.0},{"damage":2.0,"enemies":"3 Louse","floor":4.0,"turns":4.0},{"damage":13.0,"enemies":"Lagavulin","floor":6.0,"turns":7.0},{"damage":13.0,"enemies":"Gremlin Nob","floor":8.0,"turns":3.0},{"damage":19.0,"enemies":"3 Sentries","floor":10.0,"turns":6.0},{"damage":14.0,"enemies":"Lagavulin","floor":13.0,"turns":6.0},{"damage":1,"enemies":"3 Sentries","floor":14,"turns":2},{"damage":7,"enemies":"Hexaghost","floor":16,"turns":9},{"damage":16,"enemies":"2 Thieves","floor":18,"turns":3},{"damage":0,"enemies":"Shell Parasite","floor":22,"turns":3},{"damage":3,"enemies":"Slavers","floor":23,"turns":5},{"damage":4,"enemies":"Snecko","floor":24,"turns":3},{"damage":0,"enemies":"Gremlin Leader","floor":25,"turns":5},{"damage":0,"enemies":"Slavers","floor":27,"turns":6},{"damage":0,"enemies":"Gremlin Leader","floor":29,"turns":4},{"damage":0,"enemies":"Book of Stabbing","floor":30,"turns":4},{"damage":5,"enemies":"Collector","floor":33,"turns":4},{"damage":10,"enemies":"Orb Walker","floor":35,"turns":3},{"damage":0,"enemies":"3 Shapes","floor":36,"turns":2},{"damage":0,"enemies":"Sphere and 2 Shapes","floor":38,"turns":4},{"damage":0,"enemies":"Nemesis","floor":40,"turns":5},{"damage":0,"enemies":"Giant Head","floor":42,"turns":6},{"damage":0,"enemies":"Writhing Mass","floor":44,"turns":5},{"damage":0,"enemies":"Reptomancer","floor":46,"turns":5},{"damage":0,"enemies":"Jaw Worm Horde","floor":48,"turns":3},{"damage":4,"enemies":"Awakened One","floor":50,"turns":11},{"damage":0,"enemies":"Donu and Deca","floor":51,"turns":5},{"damage":0,"enemies":"Shield and Spear","floor":55,"turns":3},{"damage":24,"enemies":"The Heart","floor":56,"turns":9}],"seed_played":"-7989239342099639218","potions_obtained":[{"floor":2.0,"key":"GamblersBrew"},{"floor":6.0,"key":"Fruit Juice"},{"floor":8.0,"key":"Poison Potion"},{"floor":14,"key":"Weak Potion"},{"floor":16,"key":"Block Potion"},{"floor":22,"key":"FairyPotion"},{"floor":24,"key":"Block Potion"},{"floor":25,"key":"Regen Potion"},{"floor":29,"key":"GamblersBrew"},{"floor":33,"key":"Poison Potion"},{"floor":46,"key":"GamblersBrew"}],"is_trial":true,"path_per_floor":["M","M","M","M","?","E","R","E","T","E","R","?","E","E","R","B",null,"M","?","$","?","M","E","M","E","T","E","R","E","E","$","R","B",null,"M","M","?","M","$","E","?","E","T","M","$","E","R","M","R","B","B",null,"R","$","E","B",null],"character_chosen":"THE_SILENT","items_purchased":["Membership Card","Well Laid Plans","PiercingWail","Ninja Scroll","Pear","Tough Bandages","Lantern","Art of War","Centennial Puzzle","Anchor","Paper Crane","Crippling Poison+1","PiercingWail+1","Outmaneuver+1"],"campfire_rested":5,"item_purchase_floors":[20,20,20,20,20,31,31,39,39,39,45,45,54,54],"current_hp_per_floor":[59,58,58,56,56,43,43,35,35,16,16,16,2,1,20,13,52,36,36,46,46,46,43,39,39,39,54,75,75,75,75,75,70,74,64,64,64,64,64,66,66,68,68,68,68,68,75,75,75,71,71,74,75,75,75,51],"gold":59,"neow_bonus":"","is_prod":false,"is_daily":false,"chose_seed":false,"campfire_upgraded":2,"win_rate":0,"timestamp":1556910594,"path_taken":["M","M","M","M","?","E","R","E","T","E","R","?","?","E","R","BOSS","M","?","$","?","M","E","M","E","T","E","R","?","E","$","R","BOSS","M","M","?","M","$","E","?","E","T","?","$","E","R","M","R","BOSS","BOSS","R","$","E","BOSS"],"build_version":"2019-01-23","purchased_purges":0,"victory":true,"max_hp_per_floor":[66,66,66,66,60,60,60,65,65,65,65,65,65,65,65,65,65,65,65,75,75,75,75,75,75,75,75,75,75,75,75,75,75,75,75,75,75,75,75,77,73,75,75,75,75,75,75,75,75,75,75,75,75,75,75,75],"card_choices":[{"not_picked":["Eviscerate","PiercingWail"],"picked":"Poisoned Stab","floor":1.0},{"not_picked":["Eviscerate","Distraction"],"picked":"Dodge and Roll","floor":2.0},{"not_picked":["Sucker Punch","Bane","Dagger Throw"],"picked":"SKIP","floor":3.0},{"not_picked":["Prepared","Riddle With Holes","Slice"],"picked":"SKIP","floor":4.0},{"not_picked":["Glass Knife","Envenom"],"picked":"Adrenaline","floor":6.0},{"not_picked":["Unload","Glass Knife","Venomology"],"picked":"A Thousand Cuts","floor":8.0},{"not_picked":["Grand Finale+1","Night Terror","Unload+1"],"picked":"Corpse Explosion","floor":10.0},{"not_picked":["Doppelganger","Venomology","Envenom","Storm of Steel"],"picked":"SKIP","floor":13.0},{"not_picked":["Burst","Venomology","Night Terror"],"picked":"After Image","floor":14},{"not_picked":["Grand Finale+1","After Image","Storm of Steel"],"picked":"Wraith Form v2","floor":16},{"not_picked":["Slice+1","Sucker Punch+1","Quick Slash+1"],"picked":"Deadly Poison+1","floor":18},{"not_picked":["Dagger Spray+1","Bane+1","Riddle With Holes+1"],"picked":"PiercingWail","floor":22},{"not_picked":["A Thousand Cuts","Doppelganger","Glass Knife+1"],"picked":"Adrenaline","floor":23},{"not_picked":["PiercingWail","Heel Hook+1","Riddle With Holes+1"],"picked":"Cloak And Dagger+1","floor":24},{"not_picked":["Doppelganger","Grand Finale+1","A Thousand Cuts"],"picked":"Bullet Time","floor":25},{"not_picked":["Night Terror","Unload+1","Doppelganger"],"picked":"Burst","floor":27},{"not_picked":["A Thousand Cuts","Wraith Form v2","Bullet Time"],"picked":"Malaise","floor":29},{"not_picked":["Burst","Doppelganger","Corpse Explosion","Tools of the Trade"],"picked":"SKIP","floor":30},{"not_picked":["Expertise","Eviscerate+1","Flying Knee+1"],"picked":"Well Laid Plans+1","floor":35},{"not_picked":["Bane+1","Flying Knee+1","Flechettes+1","Quick Slash+1"],"picked":"SKIP","floor":36},{"not_picked":["Outmaneuver+1","Blade Dance","Venomology","Bane+1"],"picked":"SKIP","floor":38},{"not_picked":["Grand Finale+1","Venomology","Envenom","A Thousand Cuts"],"picked":"Singing Bowl","floor":40},{"not_picked":["Venomology","Doppelganger","Glass Knife+1","Corpse Explosion"],"picked":"Singing Bowl","floor":42},{"not_picked":["Underhanded Strike+1","Endless Agony+1","Expertise+1"],"picked":"Dodge and Roll+1","floor":44},{"not_picked":["Blade Dance+1","Deflect+1","Reflex+1"],"picked":"Prepared+1","floor":44},{"not_picked":["Doppelganger+1","Glass Knife+1","Die Die Die+1"],"picked":"Burst+1","floor":46},{"not_picked":["Dagger Throw+1","Bouncing Flask+1","Sucker Punch+1"],"picked":"Catalyst+1","floor":48},{"not_picked":["Dagger Spray+1","Quick Slash+1","Underhanded Strike+1"],"picked":"Deadly Poison+1","floor":48},{"not_picked":["Doppelganger+1","Night Terror+1","Glass Knife+1"],"picked":"Malaise+1","floor":55}],"player_experience":2534054,"relics_obtained":[{"floor":6.0,"key":"Question Card"},{"floor":8.0,"key":"The Courier"},{"floor":9.0,"key":"Molten Egg 2"},{"floor":10.0,"key":"Kunai"},{"floor":13.0,"key":"Tingsha"},{"floor":14,"key":"Pen Nib"},{"floor":23,"key":"Ancient Tea Set"},{"floor":25,"key":"Turnip"},{"floor":26,"key":"Letter Opener"},{"floor":27,"key":"Meat on the Bone"},{"floor":29,"key":"Orichalcum"},{"floor":30,"key":"Matryoshka"},{"floor":40,"key":"Prayer Wheel"},{"floor":40,"key":"Singing Bowl"},{"floor":42,"key":"Ice Cream"},{"floor":42,"key":"FossilizedHelix"},{"floor":43,"key":"Toxic Egg 2"},{"floor":46,"key":"Gremlin Horn"},{"floor":46,"key":"Bottled Flame"},{"floor":55,"key":"Blue Candle"},{"floor":55,"key":"Boot"}],"event_choices":[{"damage_healed":0.0,"max_hp_gain":0.0,"max_hp_loss":6.0,"gold_gain":0.0,"event_name":"Golden Idol","player_choice":"Lose Max HP","floor":5.0,"gold_loss":0.0,"damage_taken":0.0,"relics_obtained":["Golden Idol"]},{"damage_healed":0.0,"max_hp_gain":0.0,"max_hp_loss":0.0,"gold_gain":0.0,"event_name":"Scrap Ooze","player_choice":"Fled","floor":12.0,"gold_loss":0.0,"damage_taken":0.0},{"cards_removed":["Dagger Spray"],"damage_healed":0,"gold_gain":0,"player_choice":"Elegance","damage_taken":0,"max_hp_gain":0,"max_hp_loss":0,"event_name":"Back to Basics","floor":19,"gold_loss":0},{"damage_healed":0,"gold_gain":0,"player_choice":"Gave Potion","damage_taken":0,"relics_obtained":["Smiling Mask"],"max_hp_gain":0,"max_hp_loss":0,"event_name":"WeMeetAgain","floor":21,"gold_loss":0},{"damage_healed":0,"gold_gain":0,"player_choice":"Ignored","damage_taken":0,"max_hp_gain":0,"max_hp_loss":0,"event_name":"Tomb of Lord Red Mask","floor":37,"gold_loss":0},{"damage_healed":0,"gold_gain":0,"player_choice":"Max HP","damage_taken":0,"max_hp_gain":0,"max_hp_loss":4,"event_name":"Winding Halls","floor":41,"gold_loss":0}],"is_beta":false,"boss_relics":[{"not_picked":["Lizard Tail","Orrery"],"picked":"Fusion Hammer"},{"not_picked":["Busted Crown","Runic Pyramid"],"picked":"Black Star"}],"items_purged_floors":[],"is_endless":false,"potions_floor_spawned":[2,6,8,14,16,22,24,25,29,33,35,36,44,46],"ascension_level":20}