{"gold_per_floor":[117,192,211,224,224,224,257,275,275,275,325,49,82,82,82,175,175,195,110,200,221,245,286,306,306,360,383,403,303,303,316,316,412,412,432,432,455,455,2,2],"floor_reached":40,"playtime":1284,"items_purged":["Strike_R","Strike_R","Strike_R"],"score":728,"play_id":"057b6d97-4fcd-496c-a57e-15e2e7562592","local_time":"20190401093606","is_ascension_mode":true,"campfire_choices":[{"data":"Bash","floor":6.0,"key":"SMITH"},{"floor":10.0,"key":"REST"},{"data":"Flame Barrier","floor":15.0,"key":"SMITH"},{"floor":25.0,"key":"REST"},{"data":"Limit Break","floor":32.0,"key":"SMITH"}],"neow_cost":"TEN_PERCENT_HP_LOSS","seed_source_timestamp":6801630565678,"circlet_count":0,"master_deck":["AscendersBane","Strike_R","Strike_R","Defend_R+1","Defend_R","Defend_R","Defend_R","Bash+1","Reaper","Pommel Strike","Flame Barrier+1","Sword Boomerang","Carnage+1","Armaments+1","Immolate+1","Clothesline+1","Shrug It Off","Bludgeon+1","Iron Wave+1","Limit Break+1","Metallicize","Heavy Blade+1","Pommel Strike+1","Fiend Fire+1","Anger+1","Finesse+1","Inflame","Shrug It Off"],"special_seed":0,"relics":["Burning Blood","Golden Idol","Molten Egg 2","Kunai","Pear","Philosopher\u0027s Stone","Pantograph","Potion Belt","Bag of Preparation","Black Star","War Paint"],"potions_floor_usage":[40],"damage_taken":[{"damage":11.0,"enemies":"Cultist","floor":1.0,"turns":4.0},{"damage":7.0,"enemies":"2 Louse","floor":3.0,"turns":3.0},{"damage":0.0,"enemies":"Small Slimes","floor":4.0,"turns":3.0},{"damage":43.0,"enemies":"3 Sentries","floor":7.0,"turns":11.0},{"damage":13.0,"enemies":"Blue Slaver","floor":8.0,"turns":5.0},{"damage":16.0,"enemies":"Gremlin Nob","floor":13.0,"turns":3.0},{"damage":42.0,"enemies":"Slime Boss","floor":16.0,"turns":10.0},{"damage":6.0,"enemies":"Spheric Guardian","floor":18.0,"turns":4.0},{"damage":8.0,"enemies":"3 Byrds","floor":21.0,"turns":5.0},{"damage":5.0,"enemies":"Centurion and Healer","floor":22.0,"turns":7.0},{"damage":47.0,"enemies":"Book of Stabbing","floor":23.0,"turns":5.0},{"damage":8.0,"enemies":"3 Cultists","floor":24.0,"turns":4.0},{"damage":15.0,"enemies":"Shelled Parasite and Fungi","floor":27.0,"turns":7.0},{"damage":2.0,"enemies":"Snake Plant","floor":28.0,"turns":3.0},{"damage":5.0,"enemies":"3 Cultists","floor":31.0,"turns":4.0},{"damage":60.0,"enemies":"Collector","floor":33.0,"turns":10.0},{"damage":4.0,"enemies":"3 Shapes","floor":35.0,"turns":3.0},{"damage":2.0,"enemies":"Orb Walker","floor":37.0,"turns":2.0},{"damage":76,"enemies":"Giant Head","floor":40,"turns":8}],"seed_played":"-3177406220312121511","potions_obtained":[{"floor":1.0,"key":"Poison Potion"},{"floor":13.0,"key":"BloodPotion"},{"floor":16.0,"key":"Swift Potion"},{"floor":23.0,"key":"Block Potion"},{"floor":24.0,"key":"EssenceOfSteel"},{"floor":27.0,"key":"Ancient Potion"},{"floor":28.0,"key":"Strength Potion"}],"is_trial":false,"path_per_floor":["M","?","M","M","?","R","E","M","T","R","?","$","E","?","R","B",null,"M","?","?","M","M","E","M","R","T","M","M","$","?","M","R","B",null,"M","?","M","?","$","E"],"character_chosen":"IRONCLAD","items_purchased":["Immolate+1","Clothesline+1","Inflame","Shrug It Off","War Paint","Block Potion"],"campfire_rested":2,"item_purchase_floors":[12,12,39,39,39,39],"current_hp_per_floor":[63,52,59,68,62,62,33,26,26,44,44,44,50,50,50,14,58,58,58,44,54,63,26,28,49,49,44,48,48,48,53,53,18,59,65,65,69,69,69,0],"gold":2,"neow_bonus":"THREE_RARE_CARDS","is_prod":false,"is_daily":false,"chose_seed":false,"campfire_upgraded":3,"win_rate":0,"timestamp":1554136566,"path_taken":["M","?","M","M","?","R","E","M","T","R","?","$","E","?","R","BOSS","M","?","?","M","?","E","M","R","T","M","M","$","?","M","R","BOSS","M","?","M","?","$","E"],"build_version":"2019-01-23","purchased_purges":3,"victory":false,"max_hp_per_floor":[68,68,68,68,62,62,62,62,62,62,62,62,72,72,72,72,72,72,72,72,72,72,72,72,72,72,72,72,72,72,72,72,72,72,72,72,72,72,72,72],"card_choices":[{"not_picked":["Berserk","Offering"],"picked":"Reaper","floor":0.0},{"not_picked":["Power Through","Wild Strike"],"picked":"Pommel Strike","floor":1.0},{"not_picked":["Evolve","Headbutt"],"picked":"Flame Barrier","floor":3.0},{"not_picked":["Bloodletting","Armaments"],"picked":"Sword Boomerang","floor":4.0},{"not_picked":["Burning Pact","Thunderclap"],"picked":"Carnage","floor":7.0},{"not_picked":["Rupture","Twin Strike+1"],"picked":"Armaments","floor":8.0},{"not_picked":["Burning Pact","Flex"],"picked":"Shrug It Off","floor":13.0},{"not_picked":["Immolate+1","Reaper+1"],"picked":"Bludgeon+1","floor":16.0},{"not_picked":["Sword Boomerang+1","Power Through"],"picked":"Iron Wave+1","floor":18.0},{"not_picked":["Wild Strike+1","Armaments","Clothesline+1"],"picked":"SKIP","floor":21.0},{"not_picked":["Clash+1","Intimidate","Wild Strike+1"],"picked":"SKIP","floor":22.0},{"not_picked":["Headbutt+1","Armaments"],"picked":"Limit Break","floor":23.0},{"not_picked":["Cleave+1","Twin Strike+1"],"picked":"Metallicize","floor":24.0},{"not_picked":["Iron Wave+1","Body Slam+1"],"picked":"Heavy Blade+1","floor":27.0},{"not_picked":["Thunderclap+1","Limit Break","Cleave+1"],"picked":"SKIP","floor":28.0},{"not_picked":["Warcry","Wild Strike+1"],"picked":"Pommel Strike+1","floor":31.0},{"not_picked":["Limit Break","Dark Embrace"],"picked":"Fiend Fire+1","floor":33.0},{"not_picked":["Perfected Strike+1","Headbutt+1"],"picked":"Anger+1","floor":35.0},{"not_picked":["Bandage Up","Good Instincts"],"picked":"Finesse","floor":36.0},{"not_picked":["Heavy Blade+1","Clash+1","Bloodletting+1"],"picked":"SKIP","floor":37.0}],"player_experience":2402971,"relics_obtained":[{"floor":7.0,"key":"Molten Egg 2"},{"floor":9.0,"key":"Kunai"},{"floor":13.0,"key":"Pear"},{"floor":23.0,"key":"Potion Belt"},{"floor":26.0,"key":"Bag of Preparation"}],"event_choices":[{"damage_healed":0.0,"max_hp_gain":0.0,"max_hp_loss":0.0,"gold_gain":75.0,"event_name":"World of Goop","player_choice":"Gather Gold","floor":2.0,"gold_loss":0.0,"damage_taken":11.0},{"damage_healed":0.0,"max_hp_gain":0.0,"max_hp_loss":6.0,"gold_gain":0.0,"event_name":"Golden Idol","player_choice":"Lose Max HP","floor":5.0,"gold_loss":0.0,"damage_taken":0.0,"relics_obtained":["Golden Idol"]},{"damage_healed":0.0,"max_hp_gain":0.0,"max_hp_loss":0.0,"gold_gain":50.0,"event_name":"Golden Wing","player_choice":"Gained Gold","floor":11.0,"gold_loss":0.0,"damage_taken":0.0},{"damage_healed":0.0,"max_hp_gain":0.0,"max_hp_loss":0.0,"gold_gain":0.0,"event_name":"Living Wall","player_choice":"Grow","floor":14.0,"gold_loss":0.0,"damage_taken":0.0,"cards_upgraded":["Armaments"]},{"damage_healed":0.0,"max_hp_gain":0.0,"max_hp_loss":0.0,"gold_gain":0.0,"event_name":"Addict","player_choice":"Obtained Relic","floor":19.0,"gold_loss":85.0,"damage_taken":0.0,"relics_obtained":["Pantograph"]},{"damage_healed":0.0,"max_hp_gain":0.0,"max_hp_loss":0.0,"gold_gain":90.0,"event_name":"Knowing Skull","player_choice":"GOLD ","floor":20.0,"potions_obtained":[],"gold_loss":0.0,"damage_taken":14.0,"cards_obtained":[]},{"damage_healed":0.0,"max_hp_gain":0.0,"max_hp_loss":0.0,"gold_gain":0.0,"event_name":"Vampires","player_choice":"Ignored","floor":30.0,"gold_loss":0.0,"damage_taken":0.0},{"damage_healed":0.0,"max_hp_gain":0.0,"max_hp_loss":0.0,"gold_gain":0.0,"event_name":"SensoryStone","player_choice":"Memory 1","floor":36.0,"gold_loss":0.0,"damage_taken":0.0},{"damage_healed":0,"gold_gain":0,"player_choice":"Ignored","damage_taken":0,"max_hp_gain":0,"max_hp_loss":0,"event_name":"Mysterious Sphere","floor":38,"gold_loss":0}],"is_beta":false,"boss_relics":[{"not_picked":["Sozu","Ectoplasm"],"picked":"Philosopher\u0027s Stone"},{"not_picked":["Busted Crown","Tiny House"],"picked":"Black Star"}],"items_purged_floors":[12,29,39],"is_endless":false,"potions_floor_spawned":[1,13,16,23,24,27,28],"killed_by":"Giant Head","ascension_level":15}