{"gold_per_floor":[214,184,199,6,26,56,56,71,71,71,146,200,212,244,244,321,321,334,354,31,31,45,45,45,71,71,84,84,104,104,121,121,194,194,210,210,23,23,34,34,84,109,109,136,155,155,155,175,175,175,175,175,175,12,40,40],"floor_reached":57,"playtime":4030,"items_purged":["Strike_B","Strike_B","Zap","All For One"],"score":2680,"play_id":"f820e848-3ef6-4c9c-969d-a657a00f2084","local_time":"20190114145348","is_ascension_mode":true,"campfire_choices":[{"data":"Blizzard","floor":7.0,"key":"SMITH"},{"data":"Sunder","floor":10.0,"key":"SMITH"},{"data":"Beam Cell","floor":15.0,"key":"SMITH"},{"data":"Dualcast","floor":23.0,"key":"SMITH"},{"floor":30.0,"key":"REST"},{"data":"Coolheaded","floor":32.0,"key":"SMITH"},{"data":"Defragment","floor":40.0,"key":"SMITH"},{"data":"Biased Cognition","floor":46.0,"key":"SMITH"},{"floor":49.0,"key":"RECALL"},{"data":"Seek","floor":53.0,"key":"SMITH"}],"neow_cost":"NONE","seed_source_timestamp":84041259095785,"circlet_count":0,"master_deck":["AscendersBane","Dualcast+1","Glacier","Cold Snap","Sunder+1","Blizzard+1","Cold Snap","Beam Cell+1","Seek+1","Coolheaded+1","White Noise","Auto Shields+1","Skim","Creative AI","Double Energy","Loop","Coolheaded","Biased Cognition+1","Self Repair","Go for the Eyes+1","Defragment+1","Recycle","Aggregate+1"],"special_seed":0,"relics":["Cracked Core","PreservedInsect","Lantern","Smiling Mask","Shuriken","Inserter","ClockworkSouvenir","Darkstone Periapt","Sundial","Pandora\u0027s Box","Potion Belt","Bottled Tornado","Art of War"],"potions_floor_usage":[56],"damage_taken":[{"damage":0.0,"enemies":"2 Louse","floor":1.0,"turns":2.0},{"damage":0.0,"enemies":"Cultist","floor":3.0,"turns":4.0},{"damage":10.0,"enemies":"Jaw Worm","floor":5.0,"turns":4.0},{"damage":13.0,"enemies":"3 Sentries","floor":6.0,"turns":13.0},{"damage":0.0,"enemies":"Exordium Wildlife","floor":8.0,"turns":2.0},{"damage":0.0,"enemies":"Looter","floor":13.0,"turns":3.0},{"damage":0.0,"enemies":"Gremlin Nob","floor":14.0,"turns":2.0},{"damage":10.0,"enemies":"Slime Boss","floor":16.0,"turns":5.0},{"damage":0.0,"enemies":"Chosen","floor":18.0,"turns":3.0},{"damage":10.0,"enemies":"3 Byrds","floor":19.0,"turns":6.0},{"damage":5.0,"enemies":"Centurion and Healer","floor":22.0,"turns":8.0},{"damage":13.0,"enemies":"Slavers","floor":25.0,"turns":6.0},{"damage":2.0,"enemies":"Snake Plant","floor":27.0,"turns":5.0},{"damage":7.0,"enemies":"Colosseum Slavers","floor":28.0,"turns":4.0},{"damage":0.0,"enemies":"Chosen and Byrds","floor":29.0,"turns":8.0},{"damage":5.0,"enemies":"Centurion and Healer","floor":31.0,"turns":7.0},{"damage":15.0,"enemies":"Champ","floor":33.0,"turns":16.0},{"damage":1.0,"enemies":"3 Darklings","floor":35.0,"turns":7.0},{"damage":0.0,"enemies":"Orb Walker","floor":39.0,"turns":4.0},{"damage":11.0,"enemies":"Nemesis","floor":42.0,"turns":11.0},{"damage":13.0,"enemies":"Reptomancer","floor":44.0,"turns":9.0},{"damage":7.0,"enemies":"4 Shapes","floor":45.0,"turns":24.0},{"damage":13.0,"enemies":"3 Darklings","floor":48.0,"turns":11.0},{"damage":7.0,"enemies":"Awakened One","floor":50.0,"turns":14.0},{"damage":12.0,"enemies":"Donu and Deca","floor":51.0,"turns":14.0},{"damage":28.0,"enemies":"Shield and Spear","floor":55.0,"turns":11.0},{"damage":28,"enemies":"The Heart","floor":56,"turns":15}],"seed_played":"4713801225266774710","potions_obtained":[{"floor":2.0,"key":"FearPotion"},{"floor":2.0,"key":"FairyPotion"},{"floor":3.0,"key":"Dexterity Potion"},{"floor":5.0,"key":"SteroidPotion"},{"floor":19.0,"key":"FearPotion"},{"floor":25.0,"key":"Weak Potion"},{"floor":33.0,"key":"Dexterity Potion"},{"floor":45.0,"key":"Weak Potion"}],"is_trial":false,"path_per_floor":["M","?","M","$","M","E","R","M","T","R","?","T","M","E","R","B",null,"M","M","$","?","M","R","$","E","T","M","?","M","R","M","R","B",null,"M","?","$","?","M","R","?","E","T","E","M","R","?","M","R","B","B",null,"R","$","E","B",null],"character_chosen":"DEFECT","items_purchased":["Sunder","Blizzard","ClockworkSouvenir","Coolheaded","Defragment","AttackPotion","Strength Potion","AttackPotion"],"campfire_rested":1,"item_purchase_floors":[4,4,20,20,37,37,54,54],"current_hp_per_floor":[64,64,64,64,54,41,41,41,41,41,30,30,30,30,30,20,58,58,48,48,48,43,43,43,30,30,28,21,21,42,37,37,22,59,58,58,58,58,58,58,52,48,48,42,49,49,49,50,50,57,59,65,65,65,44,23],"gold":40,"neow_bonus":"HUNDRED_GOLD","is_prod":false,"is_daily":false,"chose_seed":false,"campfire_upgraded":8,"win_rate":0,"timestamp":1547448828,"path_taken":["M","?","M","$","?","E","R","M","T","R","?","?","M","E","R","BOSS","M","M","$","?","M","R","?","E","T","M","?","?","R","M","R","BOSS","M","?","$","?","M","R","?","E","T","E","?","R","?","M","R","BOSS","BOSS","R","$","E","BOSS"],"build_version":"2019-01-10","purchased_purges":4,"victory":true,"max_hp_per_floor":[71,71,71,71,71,71,71,71,71,71,71,71,71,71,71,71,71,71,71,71,71,71,71,71,71,71,71,71,71,71,71,71,71,71,71,71,71,67,67,67,67,67,67,67,67,67,67,67,67,67,67,67,67,67,67,67],"card_choices":[{"not_picked":["Streamline","Beam Cell"],"picked":"Glacier","floor":1.0},{"not_picked":["Conserve Battery","Chaos"],"picked":"Cold Snap","floor":3.0},{"not_picked":["Genetic Algorithm","Aggregate"],"picked":"Cold Snap","floor":5.0},{"not_picked":["Fusion","Conserve Battery","Genetic Algorithm"],"picked":"SKIP","floor":6.0},{"not_picked":["Heatsinks","Barrage"],"picked":"Beam Cell","floor":8.0},{"not_picked":["Leap","Reinforced Body","Auto Shields"],"picked":"SKIP","floor":13.0},{"not_picked":["Creative AI","Steam","Sweeping Beam"],"picked":"SKIP","floor":14.0},{"not_picked":["Amplify","Buffer"],"picked":"Seek","floor":16.0},{"not_picked":["Turbo","Recycle","Go for the Eyes"],"picked":"SKIP","floor":18.0},{"not_picked":["Turbo","Recycle","Go for the Eyes"],"picked":"SKIP","floor":18.0},{"not_picked":["Stack","Cold Snap","Steam"],"picked":"SKIP","floor":19.0},{"not_picked":["Rebound","Undo"],"picked":"White Noise","floor":22.0},{"not_picked":["Gash+1","Rainbow"],"picked":"Auto Shields+1","floor":25.0},{"not_picked":["Stack","Tempest"],"picked":"Skim","floor":27.0},{"not_picked":["Leap+1","Barrage","Doom and Gloom"],"picked":"SKIP","floor":29.0},{"not_picked":["Redo","Cold Snap+1","Force Field"],"picked":"SKIP","floor":31.0},{"not_picked":["Rainbow","Fission"],"picked":"Creative AI","floor":33.0},{"not_picked":["Doom and Gloom","Streamline"],"picked":"Go for the Eyes+1","floor":35.0},{"not_picked":["BootSequence+1","Leap","Reprogram"],"picked":"SKIP","floor":39.0},{"not_picked":["Leap","Cold Snap+1","Tempest"],"picked":"SKIP","floor":42.0},{"not_picked":["White Noise","Darkness","Gash"],"picked":"SKIP","floor":44.0},{"not_picked":["Double Energy","Go for the Eyes"],"picked":"Recycle","floor":45.0},{"not_picked":["Cold Snap","Blizzard","Stack+1"],"picked":"SKIP","floor":48.0},{"not_picked":["Reprogram+1","Skim+1"],"picked":"Aggregate+1","floor":55.0}],"player_experience":2527827,"relics_obtained":[{"floor":6.0,"key":"PreservedInsect"},{"floor":9.0,"key":"Lantern"},{"floor":12.0,"key":"Smiling Mask"},{"floor":14.0,"key":"Shuriken"},{"floor":25.0,"key":"Darkstone Periapt"},{"floor":26.0,"key":"Sundial"},{"floor":42.0,"key":"Potion Belt"},{"floor":44.0,"key":"Bottled Tornado"},{"floor":55.0,"key":"Art of War"}],"event_choices":[{"damage_healed":0.0,"max_hp_gain":0.0,"max_hp_loss":0.0,"gold_gain":0.0,"event_name":"The Woman in Blue","player_choice":"Bought 2 Potions","floor":2.0,"gold_loss":0.0,"damage_taken":0.0},{"damage_healed":0.0,"max_hp_gain":0.0,"max_hp_loss":0.0,"gold_gain":75.0,"event_name":"World of Goop","player_choice":"Gather Gold","floor":11.0,"gold_loss":0.0,"damage_taken":11.0},{"damage_healed":0.0,"max_hp_gain":0.0,"max_hp_loss":0.0,"gold_gain":0.0,"event_name":"Beggar","player_choice":"Ignored","floor":21.0,"gold_loss":0.0,"damage_taken":0.0},{"damage_healed":0.0,"max_hp_gain":0.0,"max_hp_loss":0.0,"gold_gain":0.0,"event_name":"Colosseum","player_choice":"Fight","floor":28.0,"gold_loss":0.0,"damage_taken":0.0},{"damage_healed":0.0,"max_hp_gain":0.0,"max_hp_loss":0.0,"gold_gain":0.0,"event_name":"Colosseum","player_choice":"Fled From Nobs","floor":28.0,"gold_loss":0.0,"damage_taken":0.0},{"damage_healed":0.0,"max_hp_gain":0.0,"max_hp_loss":0.0,"gold_gain":0.0,"event_name":"Tomb of Lord Red Mask","player_choice":"Ignored","floor":36.0,"gold_loss":0.0,"damage_taken":0.0},{"damage_healed":0.0,"max_hp_gain":0.0,"max_hp_loss":4.0,"gold_gain":0.0,"event_name":"Winding Halls","player_choice":"Max HP","floor":38.0,"gold_loss":0.0,"damage_taken":0.0},{"damage_healed":0.0,"max_hp_gain":0.0,"max_hp_loss":0.0,"gold_gain":50.0,"event_name":"FaceTrader","player_choice":"Touch","floor":41.0,"gold_loss":0.0,"damage_taken":6.0},{"damage_healed":0.0,"max_hp_gain":0.0,"max_hp_loss":0.0,"gold_gain":0.0,"event_name":"SecretPortal","player_choice":"Ignored","floor":47.0,"gold_loss":0.0,"damage_taken":0.0}],"is_beta":false,"boss_relics":[{"not_picked":["Cursed Key","Tiny House"],"picked":"Inserter"},{"not_picked":["Snecko Eye","Eternal Feather"],"picked":"Pandora\u0027s Box"}],"items_purged_floors":[4,20,37,54],"is_endless":false,"potions_floor_spawned":[3,5,13,14,19,22,25,33,35,45],"ascension_level":20}