{"gold_per_floor":[118,8,22,22,38,38,71,89,89,89,153,164,164,180,180,280,280,292,302,320,320,337,366,366,366],"floor_reached":25,"playtime":1571,"items_purged":[],"score":363,"play_id":"ae2d0434-56cb-4991-9e40-2727d1d3ae89","local_time":"20190414031711","is_ascension_mode":true,"campfire_choices":[{"floor":6,"key":"REST"},{"data":"Enlightenment","floor":10,"key":"SMITH"},{"data":"Armaments","floor":13,"key":"SMITH"},{"floor":15,"key":"REST"},{"floor":24,"key":"REST"}],"neow_cost":"PERCENT_DAMAGE","seed_source_timestamp":150738538325700,"circlet_count":0,"master_deck":["AscendersBane","Strike_R+1","Strike_R+1","Strike_R","Defend_R","Defend_R","Defend_R+1","Defend_R","Bash+1","Metallicize","Enlightenment+1","Anger","Uppercut","True Grit","Ghostly Armor","Rage","Armaments+1","Headbutt","Flame Barrier","Feed","Shrug It Off","Heavy Blade","Blood for Blood","Seeing Red"],"relics":["Burning Blood","Whetstone","Pear","FossilizedHelix","Snecko Eye","MutagenicStrength","Strawberry"],"potions_floor_usage":[7,8,16,19,23],"damage_taken":[{"damage":10,"enemies":"Cultist","floor":1,"turns":5},{"damage":3,"enemies":"2 Louse","floor":3,"turns":3},{"damage":0,"enemies":"Small Slimes","floor":5,"turns":4},{"damage":21,"enemies":"Gremlin Nob","floor":7,"turns":5},{"damage":24,"enemies":"Exordium Thugs","floor":8,"turns":5},{"damage":3,"enemies":"Gremlin Nob","floor":11,"turns":4},{"damage":0,"enemies":"Large Slime","floor":12,"turns":6},{"damage":14,"enemies":"3 Louse","floor":14,"turns":5},{"damage":24,"enemies":"The Guardian","floor":16,"turns":13},{"damage":0,"enemies":"Shell Parasite","floor":18,"turns":11},{"damage":16,"enemies":"Spheric Guardian","floor":19,"turns":7},{"damage":27,"enemies":"Snecko","floor":20,"turns":7},{"damage":2,"enemies":"3 Cultists","floor":22,"turns":6},{"damage":59,"enemies":"Book of Stabbing","floor":23,"turns":6},{"damage":61,"enemies":"Slavers","floor":25,"turns":3}],"seed_played":"7102601931245908546","potions_obtained":[{"floor":1,"key":"Weak Potion"},{"floor":7,"key":"SkillPotion"},{"floor":12,"key":"Poison Potion"},{"floor":18,"key":"Fire Potion"},{"floor":22,"key":"EssenceOfSteel"}],"is_trial":false,"path_per_floor":["M","$","M","?","M","R","E","M","T","R","?","M","R","M","R","B",null,"M","M","M","?","M","E","R","E"],"character_chosen":"IRONCLAD","items_purchased":["Enlightenment","Anger"],"campfire_rested":3,"item_purchase_floors":[2,2],"current_hp_per_floor":[47,47,50,34,40,64,49,31,41,41,44,50,50,42,69,51,80,86,79,61,61,68,22,53,0],"gold":366,"neow_bonus":"REMOVE_TWO","is_prod":false,"is_daily":false,"chose_seed":false,"campfire_upgraded":2,"win_rate":0,"timestamp":1555201031,"path_taken":["M","?","M","?","M","R","E","M","T","R","?","M","R","M","R","BOSS","M","M","M","?","M","E","R","E"],"build_version":"2019-01-23","purchased_purges":0,"victory":false,"max_hp_per_floor":[80,80,80,80,80,80,80,80,90,90,90,90,90,90,90,90,90,90,93,96,96,99,106,106,106],"card_choices":[{"not_picked":["Headbutt","Heavy Blade"],"picked":"Metallicize","floor":1},{"not_picked":["Clash","Hemokinesis"],"picked":"Uppercut","floor":3},{"not_picked":["Juggernaut","Anger"],"picked":"True Grit","floor":5},{"not_picked":["Heavy Blade","Reckless Charge"],"picked":"Ghostly Armor","floor":7},{"not_picked":["Carnage","Pommel Strike"],"picked":"Rage","floor":8},{"not_picked":["Corruption","Twin Strike"],"picked":"Armaments","floor":11},{"not_picked":["Thunderclap","Dropkick"],"picked":"Headbutt","floor":12},{"not_picked":["Flex","Warcry"],"picked":"Flame Barrier","floor":14},{"not_picked":["Fiend Fire","Impervious"],"picked":"Feed","floor":16},{"not_picked":["Havoc","Body Slam"],"picked":"Shrug It Off","floor":18},{"not_picked":["Body Slam","Sword Boomerang"],"picked":"Heavy Blade","floor":19},{"not_picked":["Twin Strike","Armaments","Searing Blow"],"picked":"SKIP","floor":20},{"not_picked":["Havoc+1","Headbutt"],"picked":"Blood for Blood","floor":22},{"not_picked":["Armaments+1","Evolve"],"picked":"Seeing Red","floor":23}],"player_experience":250330,"relics_obtained":[{"floor":7,"key":"Whetstone"},{"floor":9,"key":"Pear"},{"floor":11,"key":"FossilizedHelix"},{"floor":23,"key":"Strawberry"}],"event_choices":[{"damage_healed":0,"gold_gain":0,"player_choice":"Entered Light","damage_taken":16,"max_hp_gain":0,"max_hp_loss":0,"event_name":"Shining Light","floor":4,"gold_loss":0,"cards_upgraded":["Defend_R","Strike_R"]},{"damage_healed":0,"gold_gain":0,"player_choice":"Searched \u00271\u0027 times","damage_taken":0,"max_hp_gain":0,"max_hp_loss":0,"event_name":"Dead Adventurer","floor":11,"gold_loss":0},{"damage_healed":0,"gold_gain":0,"player_choice":"Inject Mutagens","damage_taken":0,"relics_obtained":["MutagenicStrength"],"max_hp_gain":0,"max_hp_loss":0,"event_name":"Drug Dealer","floor":21,"gold_loss":0}],"is_beta":false,"boss_relics":[{"not_picked":["Velvet Choker","Orrery"],"picked":"Snecko Eye"}],"items_purged_floors":[],"is_endless":false,"potions_floor_spawned":[1,7,12,18,22],"killed_by":"Slavers","ascension_level":10}