{"gold_per_floor":[117,132,132,15,26,26,43,78,78,78,88,117,132,463,463,539,539,554,574,499,517,74,74,102,114,114,114,143,193,224,239,239,312,312,326,29,29,43,60,93,112,112,112,124,124,159,170,170,170,170,170,170,170,5,33,33],"floor_reached":56,"playtime":3124,"items_purged":["Strike_B","Strike_B"],"score":2103,"play_id":"1552ed46-9a07-470a-8030-f9270cf42122","local_time":"20190111181633","is_ascension_mode":true,"campfire_choices":[{"data":"Fission","floor":6.0,"key":"SMITH"},{"data":"Zap","floor":10.0,"key":"SMITH"},{"floor":15.0,"key":"REST"},{"floor":23.0,"key":"REST"},{"floor":27.0,"key":"REST"},{"floor":32.0,"key":"REST"},{"floor":45.0,"key":"RECALL"},{"floor":49.0,"key":"REST"},{"floor":53,"key":"REST"}],"neow_cost":"TEN_PERCENT_HP_LOSS","seed_source_timestamp":83487464534741,"circlet_count":0,"master_deck":["AscendersBane","Defend_B+1","Defend_B+1","Defend_B+1","Defend_B+1","Zap+1","Dualcast+1","Fission+1","Ball Lightning+1","Ball Lightning+1","Doom and Gloom+1","Leap+1","Capacitor+1","Coolheaded+1","Cold Snap+1","Barrage+1","Self Repair+1","Echo Form+1","Loop+1","Self Repair+1","Defragment+1","Glacier+1","Seek+1","Coolheaded+1","Defragment+1","Glacier","Glacier+1","Tempest+1","Turbo+1"],"special_seed":0,"relics":["Cracked Core","Pantograph","Bottled Tornado","Cables","Old Coin","Fusion Hammer","Mummified Hand","Potion Belt","Blood Vial","Dodecahedron","Snecko Eye","Bag of Preparation","Mark of the Bloom","Darkstone Periapt","Mercury Hourglass","Ice Cream","Kunai"],"potions_floor_usage":[51,54,55,55,55,55,56,56],"damage_taken":[{"damage":4.0,"enemies":"Jaw Worm","floor":1.0,"turns":4.0},{"damage":1.0,"enemies":"2 Louse","floor":2.0,"turns":2.0},{"damage":0.0,"enemies":"Small Slimes","floor":5.0,"turns":2.0},{"damage":15.0,"enemies":"Exordium Wildlife","floor":7.0,"turns":5.0},{"damage":11.0,"enemies":"Lagavulin","floor":8.0,"turns":6.0},{"damage":1.0,"enemies":"2 Fungi Beasts","floor":11.0,"turns":2.0},{"damage":10.0,"enemies":"3 Sentries","floor":12.0,"turns":5.0},{"damage":3.0,"enemies":"Gremlin Gang","floor":13.0,"turns":3.0},{"damage":5.0,"enemies":"Gremlin Nob","floor":14.0,"turns":3.0},{"damage":51.0,"enemies":"Slime Boss","floor":16.0,"turns":9.0},{"damage":0.0,"enemies":"Chosen","floor":18.0,"turns":3.0},{"damage":32.0,"enemies":"2 Thieves","floor":19.0,"turns":3.0},{"damage":0.0,"enemies":"Centurion and Healer","floor":21.0,"turns":5.0},{"damage":49.0,"enemies":"Slavers","floor":24.0,"turns":5.0},{"damage":12.0,"enemies":"Shelled Parasite and Fungi","floor":25.0,"turns":8.0},{"damage":17.0,"enemies":"Book of Stabbing","floor":28.0,"turns":4.0},{"damage":44.0,"enemies":"Gremlin Leader","floor":30.0,"turns":10.0},{"damage":20.0,"enemies":"Chosen and Byrds","floor":31.0,"turns":6.0},{"damage":34.0,"enemies":"Collector","floor":33.0,"turns":9.0},{"damage":34.0,"enemies":"3 Darklings","floor":35.0,"turns":5.0},{"damage":0.0,"enemies":"3 Shapes","floor":38.0,"turns":3.0},{"damage":0.0,"enemies":"Transient","floor":39.0,"turns":6.0},{"damage":0.0,"enemies":"Reptomancer","floor":40.0,"turns":6.0},{"damage":0.0,"enemies":"Maw","floor":41.0,"turns":6.0},{"damage":0.0,"enemies":"Spire Growth","floor":44.0,"turns":3.0},{"damage":0.0,"enemies":"Giant Head","floor":46.0,"turns":8.0},{"damage":0.0,"enemies":"Sphere and 2 Shapes","floor":47.0,"turns":3.0},{"damage":3.0,"enemies":"Donu and Deca","floor":50.0,"turns":10.0},{"damage":47,"enemies":"Awakened One","floor":51,"turns":14},{"damage":2,"enemies":"Shield and Spear","floor":55,"turns":8},{"damage":0,"enemies":"The Heart","floor":56,"turns":2}],"seed_played":"3488953765060171232","potions_obtained":[{"floor":8.0,"key":"Fire Potion"},{"floor":11.0,"key":"LiquidBronze"},{"floor":13.0,"key":"Fire Potion"},{"floor":19.0,"key":"PowerPotion"},{"floor":21.0,"key":"SteroidPotion"},{"floor":30.0,"key":"Poison Potion"},{"floor":31.0,"key":"PowerPotion"},{"floor":33.0,"key":"SpeedPotion"},{"floor":35.0,"key":"EntropicBrew"},{"floor":39.0,"key":"AttackPotion"},{"floor":47.0,"key":"Block Potion"}],"is_trial":false,"path_per_floor":["M","M","?","$","M","R","M","E","T","R","M","E","M","E","R","B",null,"M","M","?","M","$","R","E","M","T","R","E","?","E","M","R","B",null,"M","$","?","M","M","E","M","?","T","M","R","E","M","?","R","B","B",null,"R","$","E","B"],"character_chosen":"DEFECT","items_purchased":["Doom and Gloom","Mummified Hand","Defragment","Defragment","Bag of Preparation","PowerPotion","Fruit Juice","AttackPotion"],"campfire_rested":6,"item_purchase_floors":[4,22,22,36,36,36,54,54],"current_hp_per_floor":[60,59,59,59,59,59,44,33,33,33,32,22,19,14,33,14,52,59,34,34,34,34,53,25,41,41,60,64,64,41,37,56,51,61,57,57,57,57,57,57,57,57,57,57,57,57,57,57,57,54,7,7,7,7,5,5],"gold":33,"neow_bonus":"THREE_RARE_CARDS","is_prod":false,"is_daily":false,"chose_seed":false,"campfire_upgraded":2,"win_rate":0,"timestamp":1547248593,"path_taken":["M","M","?","$","M","R","M","E","T","R","M","E","M","E","R","BOSS","M","M","?","M","$","R","E","M","T","R","E","?","E","M","R","BOSS","M","$","?","M","M","E","M","?","T","M","R","E","M","?","R","BOSS","BOSS","R","$","E","BOSS"],"build_version":"2019-01-10","purchased_purges":2,"victory":false,"max_hp_per_floor":[64,64,64,64,64,64,64,64,64,64,64,64,64,64,64,64,64,64,64,64,64,64,64,64,64,64,64,64,64,64,64,64,64,64,64,64,64,64,64,64,64,64,64,64,64,64,64,64,64,64,64,64,64,69,69,69],"card_choices":[{"not_picked":["Thunder Strike","Multi-Cast"],"picked":"Fission","floor":0.0},{"not_picked":["Redo","White Noise"],"picked":"Ball Lightning","floor":1.0},{"not_picked":["Double Energy","Beam Cell"],"picked":"Ball Lightning","floor":2.0},{"not_picked":["BootSequence","Doom and Gloom"],"picked":"Leap","floor":5.0},{"not_picked":["Cold Snap","Skim"],"picked":"Capacitor","floor":7.0},{"not_picked":["Streamline","Sunder","Heatsinks"],"picked":"SKIP","floor":8.0},{"not_picked":["Streamline","Rebound"],"picked":"Coolheaded","floor":11.0},{"not_picked":["Hologram","Meteor Strike"],"picked":"Cold Snap","floor":12.0},{"not_picked":["Compile Driver","Conserve Battery"],"picked":"Barrage","floor":13.0},{"not_picked":["Go for the Eyes","Cold Snap"],"picked":"Self Repair","floor":14.0},{"not_picked":["Buffer","Electrodynamics"],"picked":"Echo Form","floor":16.0},{"not_picked":["Steam","Turbo","Gash"],"picked":"SKIP","floor":18.0},{"not_picked":["Barrage","Hologram"],"picked":"Loop+1","floor":19.0},{"not_picked":["Coolheaded","Darkness"],"picked":"Self Repair","floor":21.0},{"not_picked":["Chaos","Sunder"],"picked":"Glacier","floor":24.0},{"not_picked":["Steam","Streamline","Beam Cell"],"picked":"SKIP","floor":25.0},{"not_picked":["Lockon+1","Turbo","Self Repair"],"picked":"SKIP","floor":28.0},{"not_picked":["Double Energy+1","Cold Snap","Turbo"],"picked":"SKIP","floor":30.0},{"not_picked":["Turbo","Conserve Battery","Hyperbeam"],"picked":"SKIP","floor":31.0},{"not_picked":["Meteor Strike","Reboot"],"picked":"Seek","floor":33.0},{"not_picked":["Self Repair","Streamline+1"],"picked":"Coolheaded+1","floor":35.0},{"not_picked":["Auto Shields","Streamline","Steam Power"],"picked":"SKIP","floor":38.0},{"not_picked":["Steam+1","Streamline+1","Go for the Eyes"],"picked":"SKIP","floor":39.0},{"not_picked":["Cold Snap+1","Stack"],"picked":"Glacier","floor":40.0},{"not_picked":["Sweeping Beam","Multi-Cast","Hologram"],"picked":"SKIP","floor":41.0},{"not_picked":["Glacier","Streamline","Chill"],"picked":"SKIP","floor":44.0},{"not_picked":["Streamline","Chill"],"picked":"Glacier","floor":44.0},{"not_picked":["Stack","Go for the Eyes"],"picked":"Tempest+1","floor":46.0},{"not_picked":["Compile Driver","Steam Power","Leap"],"picked":"SKIP","floor":47.0},{"not_picked":["Streamline+1","Doom and Gloom+1"],"picked":"Turbo+1","floor":55}],"player_experience":1605223,"relics_obtained":[{"floor":8.0,"key":"Pantograph"},{"floor":9.0,"key":"Bottled Tornado"},{"floor":12.0,"key":"Cables"},{"floor":14.0,"key":"Old Coin"},{"floor":24.0,"key":"Potion Belt"},{"floor":28.0,"key":"Blood Vial"},{"floor":30.0,"key":"Dodecahedron"},{"floor":40.0,"key":"Darkstone Periapt"},{"floor":43.0,"key":"Mercury Hourglass"},{"floor":46.0,"key":"Ice Cream"},{"floor":55,"key":"Kunai"}],"event_choices":[{"cards_removed":["Strike_B"],"damage_healed":0.0,"max_hp_gain":0.0,"max_hp_loss":0.0,"gold_gain":0.0,"event_name":"Living Wall","player_choice":"Forget","floor":3.0,"gold_loss":0.0,"damage_taken":0.0},{"cards_removed":["Strike_B"],"damage_healed":0.0,"max_hp_gain":0.0,"max_hp_loss":0.0,"gold_gain":0.0,"event_name":"Beggar","player_choice":"Gave Gold","floor":20.0,"gold_loss":75.0,"damage_taken":0.0},{"damage_healed":0.0,"max_hp_gain":0.0,"max_hp_loss":0.0,"gold_gain":50.0,"event_name":"Nest","player_choice":"Stole From Cult","floor":29.0,"gold_loss":0.0,"damage_taken":0.0},{"damage_healed":0.0,"max_hp_gain":0.0,"max_hp_loss":0.0,"gold_gain":0.0,"event_name":"MindBloom","player_choice":"Upgrade","floor":37.0,"gold_loss":0.0,"damage_taken":0.0,"cards_upgraded":["Defend_B","Defend_B","Defend_B","Defend_B","Dualcast","Ball Lightning","Ball Lightning","Doom and Gloom","Leap","Capacitor","Coolheaded","Cold Snap","Barrage","Self Repair","Echo Form","Self Repair","Defragment","Glacier","Seek","Defragment"],"relics_obtained":["Mark of the Bloom"]},{"damage_healed":0.0,"max_hp_gain":0.0,"max_hp_loss":0.0,"gold_gain":0.0,"event_name":"Mysterious Sphere","player_choice":"Ignored","floor":42.0,"gold_loss":0.0,"damage_taken":0.0},{"damage_healed":0.0,"max_hp_gain":0.0,"max_hp_loss":0.0,"gold_gain":0.0,"event_name":"Accursed Blacksmith","player_choice":"Forge","floor":48.0,"gold_loss":0.0,"damage_taken":0.0,"cards_upgraded":["Glacier"]}],"is_beta":true,"boss_relics":[{"not_picked":["Tiny House","Black Star"],"picked":"Fusion Hammer"},{"not_picked":["Calling Bell","Empty Cage"],"picked":"Snecko Eye"}],"items_purged_floors":[4,22],"is_endless":false,"potions_floor_spawned":[8,11,13,19,21,30,31,33,35,39,40,46,47],"killed_by":"The Heart","ascension_level":20}