{"gold_per_floor":[117,117,133,147,166,500,500,535,535,535,545,545,577,591,591,668,668,678,678,678],"floor_reached":20,"playtime":728,"items_purged":[],"score":340,"play_id":"81b863fe-339c-4ced-94f6-978e9c890bd1","local_time":"20181027182634","is_ascension_mode":true,"campfire_choices":[{"floor":7.0,"key":"REST"},{"floor":10,"key":"REST"},{"floor":12,"key":"REST"},{"data":"Defragment","floor":15,"key":"SMITH"}],"neow_cost":"NONE","seed_source_timestamp":38553309873122,"circlet_count":0,"master_deck":["Strike_B","Strike_B","Strike_B","Defend_B","Defend_B","Defend_B","Defend_B","Zap","Dualcast","AscendersBane","Gash","Capacitor","Coolheaded","Gash","Ball Lightning","Defragment+1","Compile Driver","Reinforced Body","Go for the Eyes","Conserve Battery","Echo Form","Hologram"],"special_seed":0,"relics":["Cracked Core","Old Coin","Regal Pillow","Vajra","Dodecahedron","Cursed Key","Happy Flower"],"potions_floor_usage":[8,14],"damage_taken":[{"damage":1.0,"enemies":"2 Louse","floor":1.0,"turns":3.0},{"damage":6.0,"enemies":"Cultist","floor":3.0,"turns":3.0},{"damage":10.0,"enemies":"Jaw Worm","floor":4.0,"turns":4.0},{"damage":4.0,"enemies":"Red Slaver","floor":5.0,"turns":4.0},{"damage":16.0,"enemies":"Lagavulin","floor":6.0,"turns":7.0},{"damage":45,"enemies":"Gremlin Nob","floor":8,"turns":5},{"damage":8,"enemies":"2 Fungi Beasts","floor":11,"turns":4},{"damage":16,"enemies":"3 Sentries","floor":13,"turns":8},{"damage":9,"enemies":"Lots of Slimes","floor":14,"turns":6},{"damage":27,"enemies":"The Guardian","floor":16,"turns":11},{"damage":38,"enemies":"2 Thieves","floor":18,"turns":5},{"damage":24,"enemies":"Colosseum Slavers","floor":20,"turns":2}],"seed_played":"2570813891108743565","potions_obtained":[{"floor":1.0,"key":"GamblersBrew"},{"floor":3.0,"key":"SpeedPotion"},{"floor":5.0,"key":"Dexterity Potion"},{"floor":8,"key":"SpeedPotion"},{"floor":13,"key":"Dexterity Potion"},{"floor":16,"key":"Strength Potion"}],"is_trial":false,"path_per_floor":["M","?","M","M","M","E","R","E","T","R","M","R","E","M","R","B",null,"M","?"],"character_chosen":"DEFECT","items_purchased":[],"campfire_rested":3,"item_purchase_floors":[],"current_hp_per_floor":[63,63,57,47,43,27,48,3,3,39,31,67,51,42,42,15,57,19,19,0],"gold":678,"neow_bonus":"THREE_CARDS","is_prod":false,"is_daily":false,"chose_seed":false,"campfire_upgraded":1,"win_rate":0,"timestamp":1540689994,"path_taken":["M","?","M","M","M","E","R","E","T","R","M","R","E","?","R","BOSS","M","?","?"],"build_version":"2018-10-25v2","purchased_purges":0,"victory":false,"max_hp_per_floor":[71,71,71,71,71,71,71,71,71,71,71,71,71,71,71,71,71,71,71,71],"card_choices":[{"not_picked":["Consume","Reprogram"],"picked":"Gash","floor":0.0},{"not_picked":["Lockon","Reprogram"],"picked":"Capacitor","floor":1.0},{"not_picked":["Reprogram","Beam Cell"],"picked":"Coolheaded","floor":3.0},{"not_picked":["Lockon","Leap"],"picked":"Gash","floor":4.0},{"not_picked":["Rebound","Turbo"],"picked":"Ball Lightning","floor":5.0},{"not_picked":["Multi-Cast","Genetic Algorithm"],"picked":"Defragment","floor":6.0},{"not_picked":["Loop","Steam"],"picked":"Compile Driver","floor":8},{"not_picked":["Hologram","Hello World"],"picked":"Reinforced Body","floor":11},{"not_picked":["Melter","Leap"],"picked":"Go for the Eyes","floor":13},{"not_picked":["Darkness","Barrage"],"picked":"Conserve Battery","floor":14},{"not_picked":["Biased Cognition","Creative AI"],"picked":"Echo Form","floor":16},{"not_picked":["Double Energy","Beam Cell"],"picked":"Hologram","floor":18}],"player_experience":1494468,"relics_obtained":[{"floor":6.0,"key":"Old Coin"},{"floor":8,"key":"Regal Pillow"},{"floor":9,"key":"Vajra"},{"floor":13,"key":"Dodecahedron"}],"event_choices":[{"cards_removed":["Strike_B"],"damage_healed":0.0,"max_hp_gain":0.0,"max_hp_loss":0.0,"gold_gain":0.0,"event_name":"Purifier","player_choice":"Purged","floor":2.0,"gold_loss":0.0,"damage_taken":0.0},{"damage_healed":0,"gold_gain":0,"player_choice":"Gave Potion","damage_taken":0,"relics_obtained":["Happy Flower"],"max_hp_gain":0,"max_hp_loss":0,"event_name":"WeMeetAgain","floor":19,"gold_loss":0},{"damage_healed":0,"gold_gain":0,"player_choice":"Fight","damage_taken":0,"max_hp_gain":0,"max_hp_loss":0,"event_name":"Colosseum","floor":20,"gold_loss":0}],"is_beta":false,"boss_relics":[{"not_picked":["Pandora\u0027s Box","Black Star"],"picked":"Cursed Key"}],"items_purged_floors":[],"is_endless":false,"potions_floor_spawned":[1,3,5,8,13,16,18],"killed_by":"Colosseum Slavers","ascension_level":15}