{"gold_per_floor":[111,122,47,64,64,93,93,119,167,194,194,207,207,6,6,85,85,101,101,119,44,62,62,87,104,149,149,149,149,161,187,187,264,264,281,53,0,0,353,379,398,433,488,502,531,543,555,577,589,601,613,625,637,151,178,178],"floor_reached":56,"playtime":4351,"items_purged":["Strike_B","Strike_B","Regret"],"score":2207,"play_id":"cb39637b-3d9f-4f88-bc5a-266de320e79d","local_time":"20190310183019","is_ascension_mode":true,"campfire_choices":[{"data":"Darkness","floor":7.0,"key":"SMITH"},{"data":"Dualcast","floor":11.0,"key":"SMITH"},{"data":"Coolheaded","floor":15.0,"key":"SMITH"},{"data":"Electrodynamics","floor":23.0,"key":"SMITH"},{"data":"Zap","floor":27.0,"key":"SMITH"},{"data":"Glacier","floor":29.0,"key":"SMITH"},{"data":"Leap","floor":32.0,"key":"SMITH"},{"data":"Recycle","floor":47.0,"key":"SMITH"},{"floor":49.0,"key":"RECALL"},{"data":"Heatsinks","floor":53.0,"key":"SMITH"}],"neow_cost":"TEN_PERCENT_HP_LOSS","seed_source_timestamp":3238913171500,"circlet_count":0,"master_deck":["AscendersBane","Defend_B+1","Defend_B","Defend_B","Defend_B","Zap+1","Dualcast+1","Gash+1","Skim+1","Chill","Darkness+1","Compile Driver+1","Leap+1","Coolheaded+1","Self Repair+1","Electrodynamics+1","Hologram+1","Glacier+1","Creative AI","Go for the Eyes+1","Double Energy","Recycle+1","Undo","Heatsinks+1","Defragment"],"special_seed":0,"relics":["Cracked Core","StoneCalendar","Darkstone Periapt","War Paint","Pen Nib","Pear","Sozu","Art of War","Lantern","Blood Vial","Cursed Key","OrangePellets","Red Mask","Old Coin","Ginger","Regal Pillow","MawBank","Torii","Whetstone"],"potions_floor_usage":[],"damage_taken":[{"damage":1.0,"enemies":"Cultist","floor":1.0,"turns":3.0},{"damage":2.0,"enemies":"2 Louse","floor":2.0,"turns":4.0},{"damage":2.0,"enemies":"Jaw Worm","floor":4.0,"turns":3.0},{"damage":13.0,"enemies":"3 Sentries","floor":6.0,"turns":7.0},{"damage":21.0,"enemies":"Lagavulin","floor":8.0,"turns":7.0},{"damage":9.0,"enemies":"Gremlin Nob","floor":10.0,"turns":3.0},{"damage":5.0,"enemies":"Looter","floor":12.0,"turns":4.0},{"damage":16.0,"enemies":"The Guardian","floor":16.0,"turns":8.0},{"damage":1.0,"enemies":"Spheric Guardian","floor":18.0,"turns":3.0},{"damage":11.0,"enemies":"3 Byrds","floor":20.0,"turns":3.0},{"damage":16.0,"enemies":"Snake Plant","floor":22.0,"turns":3.0},{"damage":0.0,"enemies":"Gremlin Leader","floor":24.0,"turns":5.0},{"damage":11.0,"enemies":"Centurion and Healer","floor":25.0,"turns":3.0},{"damage":5.0,"enemies":"Sentry and Sphere","floor":30.0,"turns":6.0},{"damage":19.0,"enemies":"Book of Stabbing","floor":31.0,"turns":6.0},{"damage":25.0,"enemies":"Automaton","floor":33.0,"turns":10.0},{"damage":0.0,"enemies":"3 Shapes","floor":35.0,"turns":4.0},{"damage":37.0,"enemies":"2 Orb Walkers","floor":39.0,"turns":6.0},{"damage":0.0,"enemies":"Nemesis","floor":40.0,"turns":9.0},{"damage":1.0,"enemies":"3 Darklings","floor":41.0,"turns":4.0},{"damage":0.0,"enemies":"Giant Head","floor":42.0,"turns":9.0},{"damage":5.0,"enemies":"Jaw Worm Horde","floor":44.0,"turns":5.0},{"damage":23.0,"enemies":"Nemesis","floor":45.0,"turns":11.0},{"damage":4.0,"enemies":"Maw","floor":48.0,"turns":8.0},{"damage":3.0,"enemies":"Awakened One","floor":50.0,"turns":17.0},{"damage":54.0,"enemies":"Donu and Deca","floor":51.0,"turns":13.0},{"damage":55.0,"enemies":"Shield and Spear","floor":55.0,"turns":8.0},{"damage":23,"enemies":"The Heart","floor":56,"turns":3}],"seed_played":"-7414930325940645780","potions_obtained":[{"floor":4.0,"key":"SkillPotion"},{"floor":6.0,"key":"GamblersBrew"},{"floor":10.0,"key":"SpeedPotion"},{"floor":16.0,"key":"Weak Potion"}],"is_trial":false,"path_per_floor":["M","M","$","M","?","E","R","E","T","E","R","M","?","$","R","B",null,"M","?","M","?","M","R","E","M","T","R","?","R","M","E","R","B",null,"M","$","?","?","?","E","M","E","T","M","E","?","R","M","R","B","B",null,"R","$","E","B"],"character_chosen":"DEFECT","items_purchased":["Coolheaded","Self Repair","OrangePellets","Defragment","Torii"],"campfire_rested":0,"item_purchase_floors":[14,14,36,54,54],"current_hp_per_floor":[63,61,61,59,59,46,46,25,25,26,26,21,21,21,21,12,59,65,65,64,64,58,58,68,67,67,67,67,67,72,63,63,50,68,74,74,74,70,43,55,66,70,76,76,63,63,63,71,71,76,32,65,65,65,22,1],"gold":178,"neow_bonus":"ONE_RARE_RELIC","is_prod":false,"is_daily":false,"chose_seed":false,"campfire_upgraded":9,"win_rate":0,"timestamp":1552213819,"path_taken":["M","M","$","M","?","E","R","E","T","E","R","M","?","$","R","BOSS","M","?","?","?","M","R","E","M","T","R","?","R","M","E","R","BOSS","M","$","?","?","?","E","?","E","T","M","E","?","R","M","R","BOSS","BOSS","R","$","E","BOSS"],"build_version":"2019-01-23","purchased_purges":3,"victory":false,"max_hp_per_floor":[64,64,64,64,64,64,64,64,64,74,74,74,74,74,74,74,74,74,74,74,74,74,74,74,74,74,74,74,74,74,74,74,74,74,74,74,74,70,70,70,70,70,76,76,76,76,76,76,76,76,76,76,76,76,76,76],"card_choices":[{"not_picked":["Conserve Battery","Hologram"],"picked":"Gash","floor":1.0},{"not_picked":["Go for the Eyes","Redo"],"picked":"Skim","floor":2.0},{"not_picked":["Loop","Capacitor"],"picked":"Chill","floor":4.0},{"not_picked":["Compile Driver","Streamline"],"picked":"Darkness","floor":6.0},{"not_picked":["Ball Lightning","Streamline"],"picked":"Compile Driver","floor":8.0},{"not_picked":["Static Discharge","Stack","Storm"],"picked":"SKIP","floor":10.0},{"not_picked":["Ball Lightning","Streamline"],"picked":"Leap","floor":12.0},{"not_picked":["Machine Learning","Core Surge"],"picked":"Electrodynamics","floor":16.0},{"not_picked":["Cold Snap","Stack","Reprogram"],"picked":"SKIP","floor":18.0},{"not_picked":["Leap","Go for the Eyes","Reprogram"],"picked":"SKIP","floor":20.0},{"not_picked":["BootSequence","Conserve Battery"],"picked":"Hologram+1","floor":22.0},{"not_picked":["Barrage","Redo","Beam Cell"],"picked":"SKIP","floor":24.0},{"not_picked":["Conserve Battery","Static Discharge"],"picked":"Glacier","floor":25.0},{"not_picked":["Blizzard+1","Beam Cell","Lockon"],"picked":"SKIP","floor":30.0},{"not_picked":["Blizzard+1","Beam Cell","Lockon"],"picked":"SKIP","floor":30.0},{"not_picked":["Rebound","Genetic Algorithm","Rip and Tear"],"picked":"SKIP","floor":31.0},{"not_picked":["Fission","Machine Learning"],"picked":"Creative AI","floor":33.0},{"not_picked":["Auto Shields","Turbo"],"picked":"Go for the Eyes+1","floor":35.0},{"not_picked":["Chaos","Conserve Battery"],"picked":"Double Energy","floor":39.0},{"not_picked":["Static Discharge","Scrape"],"picked":"Recycle","floor":40.0},{"not_picked":["Beam Cell+1","Recycle","BootSequence"],"picked":"SKIP","floor":41.0},{"not_picked":["Beam Cell+1","Recycle","BootSequence"],"picked":"SKIP","floor":41.0},{"not_picked":["BootSequence","Reinforced Body"],"picked":"Undo","floor":42.0},{"not_picked":["Static Discharge","Beam Cell","Double Energy"],"picked":"SKIP","floor":44.0},{"not_picked":["Rebound+1","Stack+1","Coolheaded"],"picked":"SKIP","floor":45.0},{"not_picked":["Fission","Cold Snap"],"picked":"Heatsinks","floor":48.0},{"not_picked":["Coolheaded","Gash","Streamline"],"picked":"SKIP","floor":55.0}],"player_experience":2782096,"relics_obtained":[{"floor":6.0,"key":"Darkstone Periapt"},{"floor":8.0,"key":"War Paint"},{"floor":9.0,"key":"Pen Nib"},{"floor":10.0,"key":"Pear"},{"floor":24.0,"key":"Art of War"},{"floor":26.0,"key":"Lantern"},{"floor":31.0,"key":"Blood Vial"},{"floor":39.0,"key":"Old Coin"},{"floor":40.0,"key":"Ginger"},{"floor":42.0,"key":"Regal Pillow"},{"floor":45.0,"key":"MawBank"},{"floor":55.0,"key":"Whetstone"}],"event_choices":[{"damage_healed":0.0,"max_hp_gain":0.0,"max_hp_loss":0.0,"gold_gain":0.0,"event_name":"Liars Game","player_choice":"Ignored","floor":5.0,"gold_loss":0.0,"damage_taken":0.0},{"cards_removed":["Strike_B"],"damage_healed":0.0,"max_hp_gain":0.0,"max_hp_loss":0.0,"gold_gain":0.0,"event_name":"Bonfire Elementals","player_choice":"Offered Basic","floor":13.0,"gold_loss":0.0,"damage_taken":0.0},{"damage_healed":0.0,"max_hp_gain":0.0,"max_hp_loss":0.0,"gold_gain":0.0,"event_name":"Upgrade Shrine","player_choice":"Upgraded","floor":19.0,"gold_loss":0.0,"damage_taken":0.0,"cards_upgraded":["Self Repair"]},{"cards_removed":["Strike_B"],"damage_healed":0.0,"max_hp_gain":0.0,"max_hp_loss":0.0,"gold_gain":0.0,"event_name":"Beggar","player_choice":"Gave Gold","floor":21.0,"gold_loss":75.0,"damage_taken":0.0},{"damage_healed":0.0,"max_hp_gain":0.0,"max_hp_loss":0.0,"gold_gain":0.0,"event_name":"The Mausoleum","player_choice":"Ignored","floor":28.0,"gold_loss":0.0,"damage_taken":0.0},{"damage_healed":0.0,"max_hp_gain":0.0,"max_hp_loss":0.0,"gold_gain":0.0,"event_name":"Tomb of Lord Red Mask","player_choice":"Paid","floor":37.0,"gold_loss":53.0,"damage_taken":0.0,"relics_obtained":["Red Mask"]},{"damage_healed":0.0,"max_hp_gain":0.0,"max_hp_loss":4.0,"gold_gain":0.0,"event_name":"Winding Halls","player_choice":"Max HP","floor":38.0,"gold_loss":0.0,"damage_taken":0.0},{"damage_healed":0.0,"max_hp_gain":0.0,"max_hp_loss":0.0,"gold_gain":0.0,"event_name":"Mysterious Sphere","player_choice":"Fight","floor":39.0,"gold_loss":0.0,"damage_taken":0.0},{"damage_healed":0.0,"max_hp_gain":0.0,"max_hp_loss":0.0,"gold_gain":0.0,"event_name":"Duplicator","player_choice":"Ignored","floor":46.0,"gold_loss":0.0,"damage_taken":0.0}],"is_beta":false,"boss_relics":[{"not_picked":["Lizard Tail","Eternal Feather"],"picked":"Sozu"},{"not_picked":["Runic Dome","White Beast Statue"],"picked":"Cursed Key"}],"items_purged_floors":[3,14,54],"is_endless":false,"potions_floor_spawned":[4,6,10,16,18,25,31,40,42,44],"killed_by":"The Heart","ascension_level":20}