{"gold_per_floor":[118,118,132,145,163,163,193,193,193,268,268,288,303,329,329,329],"floor_reached":16,"playtime":621,"items_purged":[],"score":134,"play_id":"9f08f0ff-bb1c-4809-9efa-9d99dc4341c7","local_time":"25611110005844","is_ascension_mode":true,"campfire_choices":[{"floor":6,"key":"REST"},{"floor":8,"key":"REST"},{"floor":15,"key":"REST"}],"neow_cost":"NONE","seed_source_timestamp":34735402109833,"circlet_count":0,"master_deck":["Strike_B","Strike_B","Strike_B","Defend_B","Defend_B","Defend_B","Defend_B","Zap","Dualcast","Sunder","Undo","Conserve Battery","Hello World","Streamline+1","Go for the Eyes"],"relics":["Fusion Hammer","Anchor","Blood Vial","Darkstone Periapt"],"potions_floor_usage":[5,13,16],"damage_taken":[{"damage":1,"enemies":"2 Louse","floor":1,"turns":2},{"damage":0,"enemies":"Cultist","floor":3,"turns":4},{"damage":2,"enemies":"Small Slimes","floor":4,"turns":3},{"damage":3,"enemies":"3 Louse","floor":5,"turns":2},{"damage":15,"enemies":"Lagavulin","floor":7,"turns":4},{"damage":0,"enemies":"Red Slaver","floor":12,"turns":4},{"damage":4,"enemies":"Exordium Thugs","floor":13,"turns":3},{"damage":7,"enemies":"3 Sentries","floor":14,"turns":6},{"damage":79,"enemies":"Slime Boss","floor":16,"turns":10}],"seed_played":"4899344259055923094","potions_obtained":[{"floor":1,"key":"Explosive Potion"},{"floor":12,"key":"Strength Potion"},{"floor":13,"key":"Swift Potion"}],"is_trial":false,"path_per_floor":["M","?","M","M","M","R","E","R","T","?","?","M","M","E","R","B"],"character_chosen":"DEFECT","items_purchased":[],"campfire_rested":3,"item_purchase_floors":[],"current_hp_per_floor":[74,74,74,72,69,75,60,75,75,64,64,66,64,59,75,0],"gold":329,"neow_bonus":"BOSS_RELIC","is_prod":false,"is_daily":false,"chose_seed":false,"campfire_upgraded":0,"win_rate":0,"timestamp":1541786324,"path_taken":["M","?","M","M","?","R","E","R","T","?","?","M","M","E","R","BOSS"],"build_version":"2018-11-08","purchased_purges":0,"victory":false,"max_hp_per_floor":[75,75,75,75,75,75,75,75,75,75,75,75,75,75,75,75],"card_choices":[{"not_picked":["Gash","Sweeping Beam"],"picked":"Sunder","floor":1},{"not_picked":["Capacitor","Rebound"],"picked":"Undo","floor":3},{"not_picked":["Scrape","Hologram"],"picked":"Conserve Battery","floor":4},{"not_picked":["Gash","Sunder"],"picked":"Hello World","floor":5},{"not_picked":["Steam","Leap"],"picked":"Streamline","floor":7},{"not_picked":["Gash","Coolheaded"],"picked":"Go for the Eyes","floor":12},{"not_picked":["Static Discharge","Streamline","Compile Driver"],"picked":"SKIP","floor":13},{"not_picked":["Biased Cognition","Redo","Coolheaded"],"picked":"SKIP","floor":14}],"player_experience":97540,"relics_obtained":[{"floor":7,"key":"Anchor"},{"floor":9,"key":"Blood Vial"},{"floor":14,"key":"Darkstone Periapt"}],"event_choices":[{"cards_removed":["Strike_B"],"damage_healed":0,"gold_gain":0,"player_choice":"Offered Basic","damage_taken":0,"max_hp_gain":0,"max_hp_loss":0,"event_name":"Bonfire Elementals","floor":2,"gold_loss":0},{"damage_healed":0,"gold_gain":75,"player_choice":"Gather Gold","damage_taken":11,"max_hp_gain":0,"max_hp_loss":0,"event_name":"World of Goop","floor":10,"gold_loss":0},{"damage_healed":0,"gold_gain":0,"player_choice":"Upgraded","damage_taken":0,"max_hp_gain":0,"max_hp_loss":0,"event_name":"Upgrade Shrine","floor":11,"gold_loss":0,"cards_upgraded":["Streamline"]}],"is_beta":false,"boss_relics":[],"items_purged_floors":[],"is_endless":false,"potions_floor_spawned":[1,12,13],"killed_by":"Slime Boss","ascension_level":4}