{"gold_per_floor":[110,128,128,142,154,154,188,199,199,199,210,210,239,239],"floor_reached":14,"playtime":450,"items_purged":[],"score":204,"play_id":"568056cf-2325-4213-8daa-cd6ca14e46c5","local_time":"25620216194231","is_ascension_mode":true,"campfire_choices":[{"data":"Rampage","floor":6,"key":"SMITH"},{"data":"Bash","floor":10,"key":"SMITH"},{"data":"Flame Barrier","floor":12,"key":"SMITH"}],"neow_cost":"NONE","seed_source_timestamp":8161103493662,"circlet_count":0,"master_deck":["AscendersBane","Strike_R","Strike_R","Strike_R","Strike_R","Strike_R","Defend_R+1","Defend_R","Defend_R","Defend_R+1","Bash+1","Dark Embrace","Rampage+1","Intimidate","Metallicize","Shrug It Off","Flame Barrier+1","Spot Weakness"],"relics":["Burning Blood","Self Forming Clay","War Paint","Blue Candle","Bird Faced Urn"],"potions_floor_usage":[2,7,13,13],"damage_taken":[{"damage":10,"enemies":"2 Louse","floor":1,"turns":3},{"damage":6,"enemies":"Cultist","floor":2,"turns":3},{"damage":7,"enemies":"Small Slimes","floor":4,"turns":3},{"damage":7,"enemies":"2 Fungi Beasts","floor":5,"turns":4},{"damage":32,"enemies":"3 Sentries","floor":7,"turns":10},{"damage":3,"enemies":"Blue Slaver","floor":8,"turns":6},{"damage":11,"enemies":"Exordium Wildlife","floor":11,"turns":5},{"damage":32,"enemies":"Lagavulin","floor":13,"turns":8},{"damage":15,"enemies":"Lots of Slimes","floor":14,"turns":4}],"seed_played":"-1666461568019895283","potions_obtained":[{"floor":1,"key":"Explosive Potion"},{"floor":2,"key":"SteroidPotion"},{"floor":7,"key":"SkillPotion"},{"floor":8,"key":"BloodPotion"}],"is_trial":false,"path_per_floor":["M","M","?","M","M","R","E","M","T","R","M","R","E","M"],"character_chosen":"IRONCLAD","items_purchased":[],"campfire_rested":0,"item_purchase_floors":[],"current_hp_per_floor":[64,64,59,58,57,57,31,34,34,34,29,29,10,0],"gold":239,"neow_bonus":"ONE_RANDOM_RARE_CARD","is_prod":false,"is_daily":false,"chose_seed":false,"campfire_upgraded":3,"win_rate":0,"timestamp":1550320951,"path_taken":["M","M","?","M","M","R","E","M","T","R","M","R","E","M"],"build_version":"2019-01-23","purchased_purges":0,"victory":false,"max_hp_per_floor":[75,75,75,75,75,75,75,75,75,75,75,75,75,75],"card_choices":[{"not_picked":["Flex","Clothesline"],"picked":"Rampage","floor":1},{"not_picked":["Burning Pact","Fire Breathing"],"picked":"Intimidate","floor":2},{"not_picked":["Rupture","Anger","Rampage"],"picked":"SKIP","floor":4},{"not_picked":["Body Slam","Pommel Strike"],"picked":"Metallicize","floor":5},{"not_picked":["Searing Blow","Bloodletting"],"picked":"Shrug It Off","floor":7},{"not_picked":["Anger","Carnage","Cleave"],"picked":"SKIP","floor":8},{"not_picked":["Hemokinesis","Fire Breathing"],"picked":"Flame Barrier","floor":11},{"not_picked":["Entrench","Intimidate"],"picked":"Spot Weakness","floor":13}],"player_experience":250943,"relics_obtained":[{"floor":7,"key":"War Paint"},{"floor":9,"key":"Blue Candle"},{"floor":13,"key":"Bird Faced Urn"}],"event_choices":[{"damage_healed":0,"gold_gain":0,"player_choice":"Success","damage_taken":5,"relics_obtained":["Self Forming Clay"],"max_hp_gain":0,"max_hp_loss":0,"event_name":"Scrap Ooze","floor":3,"gold_loss":0}],"is_beta":false,"boss_relics":[],"items_purged_floors":[],"is_endless":false,"potions_floor_spawned":[1,2,7,8],"killed_by":"Lots of Slimes","ascension_level":20}