{"gold_per_floor":[112,112,38,51,51,51,79,79,151,168,202,202,213,242,242,321,321,336,355,374,35,35,35,50,84,130,130,161,161,179,192,192,192],"floor_reached":33,"playtime":2242,"items_purged":["Strike_R"],"score":660,"play_id":"7d5c8768-0bd6-4446-a9b3-b25f032b9667","local_time":"20190406184557","is_ascension_mode":true,"campfire_choices":[{"data":"Bash","floor":6.0,"key":"SMITH"},{"floor":12.0,"key":"REST"},{"data":"Carnage","floor":15,"key":"SMITH"},{"floor":23,"key":"REST"},{"floor":27,"key":"REST"},{"data":"Immolate","floor":29,"key":"SMITH"},{"data":"Perfected Strike","floor":32,"key":"SMITH"}],"neow_cost":"CURSE","seed_source_timestamp":1511180413159700,"circlet_count":0,"master_deck":["AscendersBane","Strike_R","Strike_R","Strike_R","Strike_R","Defend_R","Defend_R","Defend_R","Defend_R","Bash+1","Carnage+1","Battle Trance","Headbutt","Second Wind","Perfected Strike+1","Dropkick","Shockwave","True Grit","Corruption","Impervious","Shrug It Off","Shrug It Off","Sentinel","Flame Barrier","Burning Pact","Immolate+1","Battle Trance"],"special_seed":0,"relics":["Burning Blood","Charon\u0027s Ashes","Boot","Mummified Hand","The Courier","Anchor","Omamori","Cursed Key","Letter Opener","Bottled Tornado","Oddly Smooth Stone","Regal Pillow"],"potions_floor_usage":[16,25,25,33,33],"damage_taken":[{"damage":12.0,"enemies":"2 Louse","floor":1.0,"turns":2.0},{"damage":0.0,"enemies":"Cultist","floor":4.0,"turns":2.0},{"damage":32.0,"enemies":"Gremlin Nob","floor":7.0,"turns":4.0},{"damage":12.0,"enemies":"Jaw Worm","floor":10.0,"turns":2.0},{"damage":14.0,"enemies":"Lagavulin","floor":11.0,"turns":6.0},{"damage":3,"enemies":"Large Slime","floor":13,"turns":6},{"damage":0,"enemies":"3 Sentries","floor":14,"turns":4},{"damage":21,"enemies":"Slime Boss","floor":16,"turns":8},{"damage":6,"enemies":"3 Byrds","floor":18,"turns":4},{"damage":11,"enemies":"Spheric Guardian","floor":19,"turns":3},{"damage":12,"enemies":"Snake Plant","floor":20,"turns":5},{"damage":7,"enemies":"3 Cultists","floor":24,"turns":5},{"damage":20,"enemies":"Book of Stabbing","floor":25,"turns":5},{"damage":7,"enemies":"Gremlin Leader","floor":28,"turns":3},{"damage":0,"enemies":"Snecko","floor":30,"turns":4},{"damage":20,"enemies":"Snake Plant","floor":31,"turns":3},{"damage":58,"enemies":"Automaton","floor":33,"turns":8}],"seed_played":"-9125498552741644191","potions_obtained":[{"floor":4.0,"key":"Dexterity Potion"},{"floor":10.0,"key":"Weak Potion"},{"floor":11.0,"key":"FearPotion"},{"floor":19,"key":"Strength Potion"},{"floor":24,"key":"Poison Potion"},{"floor":28,"key":"SteroidPotion"},{"floor":31,"key":"SpeedPotion"}],"is_trial":false,"path_per_floor":["M","?","$","M","?","R","E","?","T","M","E","R","M","E","R","B",null,"M","M","M","$","?","R","M","E","T","R","E","R","M","M","R","B"],"character_chosen":"IRONCLAD","items_purchased":["Battle Trance","Letter Opener","Flame Barrier"],"campfire_rested":3,"item_purchase_floors":[3,21,21],"current_hp_per_floor":[62,55,55,61,50,50,24,24,24,18,10,32,35,41,41,26,63,63,58,52,52,31,55,54,40,40,64,63,63,69,55,55,0],"gold":192,"neow_bonus":"ONE_RARE_RELIC","is_prod":false,"is_daily":false,"chose_seed":false,"campfire_upgraded":4,"win_rate":0,"timestamp":1554572757,"path_taken":["M","?","$","M","?","R","E","?","T","M","E","R","M","E","R","BOSS","M","M","?","$","?","R","M","E","T","R","E","R","M","M","R","BOSS"],"build_version":"2019-01-23","purchased_purges":1,"victory":false,"max_hp_per_floor":[75,75,75,75,75,75,75,75,75,75,75,75,75,75,75,75,75,75,75,75,75,80,80,80,80,80,80,80,80,80,80,80,80],"card_choices":[{"not_picked":["Clothesline","Disarm"],"picked":"Carnage","floor":1.0},{"not_picked":["Anger","Flex"],"picked":"Headbutt","floor":4.0},{"not_picked":["Flex","Carnage"],"picked":"Second Wind","floor":7.0},{"not_picked":["Sword Boomerang","Warcry"],"picked":"Shockwave","floor":10.0},{"not_picked":["Whirlwind","Clash"],"picked":"True Grit","floor":11.0},{"not_picked":["Hemokinesis","Shrug It Off"],"picked":"Corruption","floor":13},{"not_picked":["Iron Wave","Bloodletting","Twin Strike"],"picked":"SKIP","floor":14},{"not_picked":["Brutality","Barricade"],"picked":"Impervious","floor":16},{"not_picked":["Intimidate","Heavy Blade+1"],"picked":"Shrug It Off","floor":18},{"not_picked":["Twin Strike","Ghostly Armor"],"picked":"Shrug It Off","floor":19},{"not_picked":["Warcry","Havoc"],"picked":"Sentinel","floor":20},{"not_picked":["Clash","Armaments","Pommel Strike"],"picked":"SKIP","floor":24},{"not_picked":["Pommel Strike","Second Wind"],"picked":"Burning Pact","floor":25},{"not_picked":["Clash","Flame Barrier"],"picked":"Immolate","floor":28},{"not_picked":["Twin Strike","Sever Soul","Thunderclap"],"picked":"SKIP","floor":30},{"not_picked":["Body Slam","Iron Wave"],"picked":"Battle Trance","floor":31}],"player_experience":2551911,"relics_obtained":[{"floor":7.0,"key":"Mummified Hand"},{"floor":9.0,"key":"The Courier"},{"floor":11.0,"key":"Anchor"},{"floor":14,"key":"Omamori"},{"floor":25,"key":"Bottled Tornado"},{"floor":26,"key":"Oddly Smooth Stone"},{"floor":28,"key":"Regal Pillow"}],"event_choices":[{"cards_removed":["Decay"],"damage_healed":0.0,"max_hp_gain":0.0,"max_hp_loss":0.0,"gold_gain":0.0,"event_name":"Golden Wing","player_choice":"Card Removal","floor":2.0,"gold_loss":0.0,"damage_taken":7.0},{"damage_healed":0.0,"max_hp_gain":0.0,"max_hp_loss":0.0,"gold_gain":0.0,"event_name":"Scrap Ooze","player_choice":"Success","floor":5.0,"gold_loss":0.0,"damage_taken":11.0,"relics_obtained":["Boot"]},{"damage_healed":0.0,"max_hp_gain":0.0,"max_hp_loss":0.0,"gold_gain":0.0,"event_name":"Match and Keep!","player_choice":"2 cards matched","floor":8.0,"gold_loss":0.0,"damage_taken":0.0,"cards_obtained":["Perfected Strike","Dropkick"]},{"damage_healed":0,"gold_gain":0,"player_choice":"Shed Blood","damage_taken":26,"max_hp_gain":5,"max_hp_loss":0,"event_name":"Forgotten Altar","floor":22,"gold_loss":0}],"is_beta":false,"boss_relics":[{"not_picked":["Ectoplasm","Black Blood"],"picked":"Cursed Key"}],"items_purged_floors":[21],"is_endless":false,"potions_floor_spawned":[4,10,11,19,24,28,31],"killed_by":"Automaton","ascension_level":20}