{"gold_per_floor":[117,137,137,153,170,202,202,227,227,238,253,253,253,279,279,352,352,369,379,144,144,156,156,156,184,184,211,227,254,268,297,297,369,369,382,401,418,142,161,191,191,226,226,245,255,272,5,22,22,22,22],"floor_reached":52,"playtime":3358,"items_purged":[],"score":2561,"play_id":"72d96135-dadd-459e-b3e2-4a33659ffdf3","local_time":"20181123142329","daily_mods":["SealedDeck"],"is_ascension_mode":true,"campfire_choices":[{"data":"Dagger Spray","floor":7.0,"key":"SMITH"},{"data":"Malaise","floor":13.0,"key":"SMITH"},{"data":"Cloak And Dagger","floor":15.0,"key":"SMITH"},{"data":"Cloak And Dagger","floor":23.0,"key":"SMITH"},{"data":"1","floor":32.0,"key":"LIFT"},{"data":"2","floor":41.0,"key":"LIFT"},{"data":"3","floor":49,"key":"LIFT"}],"neow_cost":"","seed_source_timestamp":0,"circlet_count":0,"master_deck":["AscendersBane","Dodge and Roll","Dagger Throw","Deflect","Cloak And Dagger+1","Blur","Backflip","Terror+1","Dagger Spray","Blur","Dagger Spray+1","Malaise+1","Cloak And Dagger+1","Well Laid Plans","Sucker Punch+1"],"special_seed":0,"relics":["Ring of the Snake","Oddly Smooth Stone","Orichalcum","Dodecahedron","Kunai","Cursed Key","Anchor","Happy Flower","Art of War","Girya","Lizard Tail","Paper Crane","Vajra","Boot","Shuriken"],"potions_floor_usage":[45,46,51],"damage_taken":[{"damage":2.0,"enemies":"Small Slimes","floor":1.0,"turns":2.0},{"damage":0.0,"enemies":"Cultist","floor":2.0,"turns":3.0},{"damage":0.0,"enemies":"Jaw Worm","floor":4.0,"turns":3.0},{"damage":9.0,"enemies":"Exordium Thugs","floor":5.0,"turns":4.0},{"damage":14.0,"enemies":"Lagavulin","floor":6.0,"turns":8.0},{"damage":21.0,"enemies":"Gremlin Nob","floor":8.0,"turns":4.0},{"damage":0.0,"enemies":"Looter","floor":10.0,"turns":2.0},{"damage":0.0,"enemies":"Red Slaver","floor":11.0,"turns":2.0},{"damage":3.0,"enemies":"3 Sentries","floor":14.0,"turns":5.0},{"damage":5.0,"enemies":"The Guardian","floor":16.0,"turns":11.0},{"damage":0.0,"enemies":"3 Byrds","floor":18.0,"turns":3.0},{"damage":0.0,"enemies":"Spheric Guardian","floor":19.0,"turns":6.0},{"damage":0.0,"enemies":"3 Cultists","floor":22.0,"turns":4.0},{"damage":0.0,"enemies":"Slavers","floor":25.0,"turns":8.0},{"damage":0.0,"enemies":"Book of Stabbing","floor":27.0,"turns":6.0},{"damage":0.0,"enemies":"Snecko","floor":28.0,"turns":4.0},{"damage":0.0,"enemies":"Gremlin Leader","floor":29.0,"turns":7.0},{"damage":0.0,"enemies":"Sentry and Sphere","floor":30.0,"turns":8.0},{"damage":5.0,"enemies":"Slavers","floor":31.0,"turns":12.0},{"damage":0.0,"enemies":"Collector","floor":33.0,"turns":9.0},{"damage":9.0,"enemies":"3 Darklings","floor":35.0,"turns":5.0},{"damage":0.0,"enemies":"3 Shapes","floor":36.0,"turns":10.0},{"damage":0.0,"enemies":"Writhing Mass","floor":37.0,"turns":10.0},{"damage":0.0,"enemies":"3 Darklings","floor":39.0,"turns":4.0},{"damage":0.0,"enemies":"Giant Head","floor":40.0,"turns":12.0},{"damage":2.0,"enemies":"Nemesis","floor":42.0,"turns":9.0},{"damage":0,"enemies":"Maw","floor":44,"turns":9},{"damage":13,"enemies":"4 Shapes","floor":45,"turns":9},{"damage":0,"enemies":"Sphere and 2 Shapes","floor":46,"turns":4},{"damage":0,"enemies":"Jaw Worm Horde","floor":48,"turns":3},{"damage":0,"enemies":"Time Eater","floor":50,"turns":14},{"damage":0,"enemies":"Donu and Deca","floor":51,"turns":9}],"seed_played":"9186837649651692648","potions_obtained":[{"floor":2.0,"key":"Weak Potion"},{"floor":4.0,"key":"FearPotion"},{"floor":6.0,"key":"Ancient Potion"},{"floor":8.0,"key":"GhostInAJar"},{"floor":19.0,"key":"Dexterity Potion"},{"floor":28.0,"key":"GhostInAJar"},{"floor":35.0,"key":"FearPotion"},{"floor":42.0,"key":"Regen Potion"},{"floor":45,"key":"GhostInAJar"}],"is_trial":true,"path_per_floor":["M","M","?","M","M","E","R","E","T","M","M","?","R","E","R","B",null,"M","M","$","?","M","R","$","E","T","E","M","E","M","E","R","B",null,"M","M","M","$","M","E","R","E","T","M","M","M","$","M","R","B","B",null],"character_chosen":"THE_SILENT","items_purchased":["Well Laid Plans","Anchor","Paper Crane","Shuriken"],"campfire_rested":0,"item_purchase_floors":[20,20,38,47],"current_hp_per_floor":[57,57,57,57,48,34,34,13,13,13,13,13,13,10,10,5,51,51,51,51,51,51,51,51,51,51,51,51,51,51,46,46,46,61,52,52,52,52,52,52,52,50,50,50,52,52,52,52,52,52,52],"gold":22,"neow_bonus":"","is_prod":false,"is_daily":false,"chose_seed":false,"campfire_upgraded":4,"win_rate":0,"timestamp":1543011809,"path_taken":["M","M","?","M","?","E","R","E","T","M","?","?","R","E","R","BOSS","M","M","$","?","M","R","$","E","T","E","M","E","M","E","R","BOSS","M","M","M","$","M","E","R","E","T","M","M","M","$","M","R","BOSS","BOSS"],"build_version":"2018-11-15","purchased_purges":0,"victory":true,"max_hp_per_floor":[66,66,66,66,66,66,66,66,66,66,66,66,66,66,66,66,66,66,66,66,66,66,66,66,66,66,66,66,66,66,66,66,66,66,66,66,66,66,66,66,66,66,66,66,66,66,66,66,66,66,66],"card_choices":[{"not_picked":["Eviscerate","Outmaneuver","Blade Dance"],"picked":"SKIP","floor":1.0},{"not_picked":["Terror","Deflect","Prepared"],"picked":"SKIP","floor":2.0},{"not_picked":["Infinite Blades","Quick Slash","Dagger Spray"],"picked":"SKIP","floor":4.0},{"not_picked":["Acrobatics","Blade Dance","Outmaneuver"],"picked":"SKIP","floor":5.0},{"not_picked":["Tactician","Underhanded Strike","Slice"],"picked":"SKIP","floor":6.0},{"not_picked":["Dagger Spray","Noxious Fumes"],"picked":"Malaise","floor":8.0},{"not_picked":["Accuracy","Blade Dance","Poisoned Stab"],"picked":"SKIP","floor":10.0},{"not_picked":["Prepared","Slice","Concentrate"],"picked":"SKIP","floor":11.0},{"not_picked":["Dagger Spray","Calculated Gamble","Catalyst"],"picked":"SKIP","floor":14.0},{"not_picked":["Endless Agony","Bane"],"picked":"Cloak And Dagger","floor":18.0},{"not_picked":["Deadly Poison+1","Poisoned Stab+1","Riddle With Holes"],"picked":"SKIP","floor":19.0},{"not_picked":["Dodge and Roll","Blade Dance","PiercingWail"],"picked":"SKIP","floor":22.0},{"not_picked":["Deadly Poison","All Out Attack","Sucker Punch"],"picked":"SKIP","floor":25.0},{"not_picked":["Riddle With Holes","Acrobatics","Terror"],"picked":"SKIP","floor":27.0},{"not_picked":["Bane","Doppelganger","Escape Plan"],"picked":"SKIP","floor":28.0},{"not_picked":["Deflect","Outmaneuver","Bouncing Flask"],"picked":"SKIP","floor":29.0},{"not_picked":["Dash","Acrobatics","Heel Hook"],"picked":"SKIP","floor":30.0},{"not_picked":["Acrobatics","Cloak And Dagger"],"picked":"Sucker Punch+1","floor":31.0},{"not_picked":["Underhanded Strike","Terror","Cloak And Dagger"],"picked":"SKIP","floor":35.0},{"not_picked":["Caltrops+1","Dagger Throw+1","Underhanded Strike+1"],"picked":"SKIP","floor":36.0},{"not_picked":["Poisoned Stab","Noxious Fumes","Deflect"],"picked":"SKIP","floor":37.0},{"not_picked":["Bane+1","PiercingWail","Dagger Spray"],"picked":"SKIP","floor":39.0},{"not_picked":["Eviscerate+1","Bouncing Flask","Underhanded Strike"],"picked":"SKIP","floor":40.0},{"not_picked":["Cloak And Dagger","Dagger Spray","Choke"],"picked":"SKIP","floor":42.0},{"not_picked":["Setup","Outmaneuver+1","Burst"],"picked":"SKIP","floor":44},{"not_picked":["Endless Agony","Flechettes","Slice"],"picked":"SKIP","floor":45},{"not_picked":["Deadly Poison","Outmaneuver","Tactician"],"picked":"SKIP","floor":46},{"not_picked":["Cloak And Dagger+1","Eviscerate","Acrobatics"],"picked":"SKIP","floor":48}],"player_experience":1658877,"relics_obtained":[{"floor":6.0,"key":"Oddly Smooth Stone"},{"floor":8.0,"key":"Orichalcum"},{"floor":9.0,"key":"Dodecahedron"},{"floor":14.0,"key":"Kunai"},{"floor":25.0,"key":"Happy Flower"},{"floor":27.0,"key":"Art of War"},{"floor":29.0,"key":"Girya"},{"floor":40.0,"key":"Vajra"},{"floor":42.0,"key":"Boot"}],"event_choices":[{"damage_healed":0.0,"max_hp_gain":0.0,"max_hp_loss":0.0,"gold_gain":0.0,"event_name":"Upgrade Shrine","player_choice":"Upgraded","floor":3.0,"gold_loss":0.0,"damage_taken":0.0,"cards_upgraded":["Terror"]},{"damage_healed":0.0,"max_hp_gain":0.0,"max_hp_loss":0.0,"gold_gain":0.0,"event_name":"Match and Keep!","player_choice":"0 cards matched","floor":12.0,"gold_loss":0.0,"damage_taken":0.0,"cards_obtained":[]},{"damage_healed":0.0,"max_hp_gain":0.0,"max_hp_loss":0.0,"gold_gain":0.0,"event_name":"Purifier","player_choice":"Ignored","floor":21.0,"gold_loss":0.0,"damage_taken":0.0}],"is_beta":false,"boss_relics":[{"not_picked":["Velvet Choker","Astrolabe"],"picked":"Cursed Key"},{"not_picked":["Orrery","Coffee Dripper"],"picked":"Lizard Tail"}],"items_purged_floors":[],"is_endless":false,"potions_floor_spawned":[2,4,6,8,14,18,19,22,28,35,36,40,42,45],"ascension_level":20}