{"gold_per_floor":[118,133,133,151,165,196,196,196],"floor_reached":8,"playtime":345,"items_purged":[],"score":116,"play_id":"c369a59c-3da1-4752-8018-d6d5b77facfe","local_time":"20190429201051","is_ascension_mode":true,"campfire_choices":[{"data":"Double Energy","floor":7.0,"key":"SMITH"}],"neow_cost":"NONE","seed_source_timestamp":1383587607679372,"circlet_count":0,"master_deck":["AscendersBane","Strike_B","Strike_B","Strike_B","Strike_B","Defend_B","Defend_B","Defend_B","Defend_B","Zap","Dualcast","Double Energy+1","Ball Lightning","Rebound","Gash","Hyperbeam"],"special_seed":0,"relics":["Runic Pyramid","Singing Bowl"],"potions_floor_usage":[8],"damage_taken":[{"damage":3.0,"enemies":"2 Louse","floor":1.0,"turns":4.0},{"damage":3.0,"enemies":"Cultist","floor":2.0,"turns":5.0},{"damage":7.0,"enemies":"Small Slimes","floor":4.0,"turns":2.0},{"damage":10.0,"enemies":"Gremlin Gang","floor":5.0,"turns":4.0},{"damage":50.0,"enemies":"3 Sentries","floor":6.0,"turns":8.0},{"damage":37,"enemies":"Gremlin Nob","floor":8,"turns":3}],"seed_played":"-8480219973875053997","potions_obtained":[{"floor":1.0,"key":"SpeedPotion"},{"floor":2.0,"key":"FearPotion"},{"floor":3.0,"key":"FairyPotion"},{"floor":3.0,"key":"Fire Potion"},{"floor":6.0,"key":"PowerPotion"}],"is_trial":false,"path_per_floor":["M","M","?","M","M","E","R","E"],"character_chosen":"DEFECT","items_purchased":[],"campfire_rested":0,"item_purchase_floors":[],"current_hp_per_floor":[61,58,58,51,41,2,2,0],"gold":196,"neow_bonus":"BOSS_RELIC","is_prod":false,"is_daily":false,"chose_seed":false,"campfire_upgraded":1,"win_rate":0,"timestamp":1556561451,"path_taken":["M","M","?","?","M","E","R","E"],"build_version":"2019-01-23","purchased_purges":0,"victory":false,"max_hp_per_floor":[71,71,71,71,71,71,71,71],"card_choices":[{"not_picked":["Fusion","Loop"],"picked":"Double Energy","floor":1.0},{"not_picked":["Streamline","Force Field"],"picked":"Ball Lightning","floor":2.0},{"not_picked":["Beam Cell","Redo"],"picked":"Rebound","floor":4.0},{"not_picked":["Hologram","Chaos"],"picked":"Gash","floor":5.0},{"not_picked":["Coolheaded","Storm"],"picked":"Hyperbeam","floor":6.0}],"player_experience":546716,"relics_obtained":[{"floor":6.0,"key":"Singing Bowl"}],"event_choices":[{"damage_healed":0.0,"max_hp_gain":0.0,"max_hp_loss":0.0,"gold_gain":0.0,"event_name":"Lab","player_choice":"Got Potions","floor":3.0,"gold_loss":0.0,"damage_taken":0.0}],"is_beta":false,"boss_relics":[],"items_purged_floors":[],"is_endless":false,"potions_floor_spawned":[1,2,6],"killed_by":"Gremlin Nob","ascension_level":20}