{"gold_per_floor":[118,131,150,150,170,170,205,273,273,290,290,309,344,359,359,359],"floor_reached":16,"playtime":637,"items_purged":[],"score":243,"play_id":"83975c76-6c65-41a8-8f8a-e4219b411655","local_time":"20181003142013","is_ascension_mode":true,"campfire_choices":[{"data":"Riddle With Holes","floor":6,"key":"SMITH"},{"data":"Dagger Spray","floor":15,"key":"SMITH"}],"neow_cost":"NONE","seed_source_timestamp":109748066539676,"circlet_count":0,"master_deck":["Defend_G","Defend_G","Defend_G","Defend_G","Defend_G","Strike_G","Strike_G","Strike_G","Strike_G","Strike_G","Survivor","Neutralize+1","AscendersBane","Riddle With Holes+1","Deflect","PiercingWail","Deflect","Dagger Spray+1","Reflex","Die Die Die","Backstab","Backstab"],"relics":["Ring of the Snake","Thread and Needle","Mummified Hand","Oddly Smooth Stone","Art of War"],"potions_floor_usage":[7,13,13,16],"damage_taken":[{"damage":0,"enemies":"2 Louse","floor":1,"turns":5},{"damage":0,"enemies":"Jaw Worm","floor":2,"turns":4},{"damage":0,"enemies":"Small Slimes","floor":3,"turns":3},{"damage":33,"enemies":"Exordium Wildlife","floor":5,"turns":9},{"damage":27,"enemies":"Lagavulin","floor":7,"turns":10},{"damage":0,"enemies":"3 Louse","floor":10,"turns":5},{"damage":0,"enemies":"Looter","floor":12,"turns":3},{"damage":0,"enemies":"Gremlin Nob","floor":13,"turns":3},{"damage":0,"enemies":"2 Fungi Beasts","floor":14,"turns":1},{"damage":32,"enemies":"Hexaghost","floor":16,"turns":11}],"seed_played":"-497066023363865272","potions_obtained":[{"floor":3,"key":"SteroidPotion"},{"floor":7,"key":"Swift Potion"},{"floor":12,"key":"Fire Potion"},{"floor":14,"key":"SpeedPotion"}],"is_trial":false,"path_per_floor":["M","M","M","?","M","R","E","T","T","M","?","M","E","M","R"],"character_chosen":"THE_SILENT","items_purchased":[],"campfire_rested":0,"item_purchase_floors":[],"current_hp_per_floor":[65,65,65,65,32,32,5,5,5,5,29,29,29,29,29,0],"gold":359,"neow_bonus":"TEN_PERCENT_HP_BONUS","is_prod":false,"is_daily":false,"chose_seed":false,"campfire_upgraded":2,"win_rate":0,"timestamp":1538601613,"path_taken":["M","M","M","?","M","R","E","?","T","M","?","M","E","M","R","BOSS"],"build_version":"2018-09-27","purchased_purges":0,"victory":false,"max_hp_per_floor":[72,72,72,72,72,72,72,72,72,72,72,72,72,72,72,72],"card_choices":[{"not_picked":["Backflip","Setup"],"picked":"Riddle With Holes","floor":1},{"not_picked":["Acrobatics","Flying Knee"],"picked":"Deflect","floor":2},{"not_picked":["Predator","Concentrate"],"picked":"PiercingWail","floor":3},{"not_picked":["PiercingWail","Deadly Poison"],"picked":"Deflect","floor":5},{"not_picked":["Poisoned Stab","Setup"],"picked":"Dagger Spray","floor":7},{"not_picked":["Quick Slash","Setup"],"picked":"Reflex","floor":10},{"not_picked":["Deflect","Slice"],"picked":"Die Die Die","floor":12},{"not_picked":["Backflip","Bullet Time"],"picked":"Backstab","floor":13},{"not_picked":["Quick Slash","Setup"],"picked":"Backstab","floor":14}],"player_experience":1247614,"relics_obtained":[{"floor":7,"key":"Thread and Needle"},{"floor":8,"key":"Mummified Hand"},{"floor":9,"key":"Oddly Smooth Stone"},{"floor":13,"key":"Art of War"}],"event_choices":[{"event_name":"Living Wall","player_choice":"Grow","floor":4,"damage_taken":0},{"event_name":"Big Fish","player_choice":"Banana","floor":11,"damage_taken":0}],"is_beta":false,"boss_relics":[],"items_purged_floors":[],"is_endless":false,"potions_floor_spawned":[3,7,12,14],"killed_by":"Hexaghost","ascension_level":15}