{"gold_per_floor":[110,128,148,51,326,356,356,391,414,314,324,304,315,325,325,399,399,416,435,50,60,110,110,138,149,149,149,166,166,179,195,195,195],"floor_reached":33,"playtime":1246,"items_purged":["Strike_R","Regret","Dropkick"],"score":492,"play_id":"f8cece88-0ab7-4318-bc3d-f8952295913a","local_time":"25611118234526","is_ascension_mode":true,"campfire_choices":[{"data":"True Grit","floor":7.0,"key":"SMITH"},{"data":"Infernal Blade","floor":15.0,"key":"SMITH"},{"floor":23.0,"key":"REST"},{"data":"Dark Embrace","floor":27.0,"key":"SMITH"},{"data":"Seeing Red","floor":29.0,"key":"SMITH"},{"floor":32,"key":"REST"}],"neow_cost":"NONE","seed_source_timestamp":13560162562707,"circlet_count":0,"master_deck":["AscendersBane","Strike_R","Strike_R","Strike_R","Strike_R","Defend_R","Defend_R","Defend_R","Defend_R","Bash","Headbutt","Infernal Blade+1","Shockwave","True Grit+1","Power Through","Burning Pact","Sentinel","Flame Barrier","Dark Embrace+1","Wild Strike+1","Seeing Red+1","Carnage","Carnage+1","Sever Soul"],"special_seed":0,"relics":["Burning Blood","PreservedInsect","Ancient Tea Set","Happy Flower","Bronze Scales","Sozu","Self Forming Clay","Orichalcum","Paper Frog"],"potions_floor_usage":[],"damage_taken":[{"damage":6.0,"enemies":"Jaw Worm","floor":1.0,"turns":5.0},{"damage":1.0,"enemies":"Cultist","floor":2.0,"turns":3.0},{"damage":5.0,"enemies":"Small Slimes","floor":3.0,"turns":5.0},{"damage":24.0,"enemies":"Lagavulin","floor":6.0,"turns":4.0},{"damage":10.0,"enemies":"Gremlin Nob","floor":8.0,"turns":3.0},{"damage":7.0,"enemies":"Gremlin Gang","floor":11.0,"turns":5.0},{"damage":4.0,"enemies":"Exordium Thugs","floor":13.0,"turns":6.0},{"damage":5.0,"enemies":"Blue Slaver","floor":14.0,"turns":4.0},{"damage":56.0,"enemies":"Slime Boss","floor":16.0,"turns":11.0},{"damage":12.0,"enemies":"2 Thieves","floor":18.0,"turns":4.0},{"damage":13.0,"enemies":"Spheric Guardian","floor":19.0,"turns":4.0},{"damage":31.0,"enemies":"Snake Plant","floor":21.0,"turns":4.0},{"damage":14.0,"enemies":"Book of Stabbing","floor":24.0,"turns":3.0},{"damage":3.0,"enemies":"Cultist and Chosen","floor":25.0,"turns":5.0},{"damage":0.0,"enemies":"Chosen and Byrds","floor":28.0,"turns":3.0},{"damage":0,"enemies":"Centurion and Healer","floor":30,"turns":4},{"damage":5,"enemies":"Cultist and Chosen","floor":31,"turns":4},{"damage":92,"enemies":"Champ","floor":33,"turns":11}],"seed_played":"278355881039636412","potions_obtained":[{"floor":2.0,"key":"EssenceOfSteel"},{"floor":3.0,"key":"SpeedPotion"},{"floor":12.0,"key":"FairyPotion"},{"floor":13.0,"key":"Energy Potion"}],"is_trial":false,"path_per_floor":["M","M","M","$","?","E","R","E","T","$","M","?","M","M","R","B",null,"M","M","$","M","?","R","E","M","T","R","M","R","M","M","R","B"],"character_chosen":"IRONCLAD","items_purchased":["True Grit","Self Forming Clay"],"campfire_rested":2,"item_purchase_floors":[4,20],"current_hp_per_floor":[68,73,74,74,74,56,56,52,52,52,51,51,53,54,54,13,60,54,47,47,22,22,44,36,39,39,39,45,45,51,52,74,0],"gold":195,"neow_bonus":"RANDOM_COMMON_RELIC","is_prod":false,"is_daily":false,"chose_seed":false,"campfire_upgraded":4,"win_rate":0,"timestamp":1542559526,"path_taken":["M","M","M","$","?","E","R","E","T","$","?","?","M","M","R","BOSS","M","?","$","M","?","R","E","M","T","R","M","R","M","M","R","BOSS"],"build_version":"2018-11-15","purchased_purges":3,"victory":false,"max_hp_per_floor":[75,75,75,75,75,75,75,75,75,75,75,75,75,75,75,75,75,75,75,75,75,75,75,75,75,75,75,75,75,75,75,75,75],"card_choices":[{"not_picked":["Cleave","Hemokinesis"],"picked":"Headbutt","floor":1.0},{"not_picked":["Seeing Red","Sentinel"],"picked":"Infernal Blade","floor":2.0},{"not_picked":["Clothesline","True Grit"],"picked":"Shockwave","floor":3.0},{"not_picked":["Heavy Blade","Body Slam"],"picked":"Power Through","floor":6.0},{"not_picked":["Clash","Sword Boomerang"],"picked":"Burning Pact","floor":8.0},{"not_picked":["Iron Wave","Pommel Strike"],"picked":"Dropkick","floor":11.0},{"not_picked":["Body Slam","Headbutt"],"picked":"Sentinel","floor":13.0},{"not_picked":["Offering","Sword Boomerang"],"picked":"Flame Barrier","floor":14.0},{"not_picked":["Double Tap","Exhume"],"picked":"Dark Embrace","floor":16.0},{"not_picked":["Heavy Blade","Clothesline"],"picked":"Wild Strike+1","floor":18.0},{"not_picked":["Twin Strike","Iron Wave"],"picked":"Seeing Red","floor":19.0},{"not_picked":["Shockwave","Uppercut"],"picked":"Carnage","floor":21.0},{"not_picked":["Body Slam","True Grit"],"picked":"Carnage+1","floor":24.0},{"not_picked":["Warcry","Reckless Charge","Limit Break"],"picked":"SKIP","floor":25.0},{"not_picked":["Wild Strike","Shrug It Off"],"picked":"Sever Soul","floor":28.0},{"not_picked":["Searing Blow+1","Blood for Blood","Fire Breathing"],"picked":"SKIP","floor":30},{"not_picked":["Pommel Strike","Clothesline","Shockwave"],"picked":"SKIP","floor":31}],"player_experience":163141,"relics_obtained":[{"floor":6.0,"key":"Ancient Tea Set"},{"floor":8.0,"key":"Happy Flower"},{"floor":9.0,"key":"Bronze Scales"},{"floor":24.0,"key":"Orichalcum"},{"floor":26.0,"key":"Paper Frog"}],"event_choices":[{"damage_healed":0.0,"max_hp_gain":0.0,"max_hp_loss":0.0,"gold_gain":275.0,"event_name":"Golden Shrine","player_choice":"Desecrate","floor":5.0,"gold_loss":0.0,"damage_taken":0.0,"cards_obtained":["Regret"]},{"damage_healed":0.0,"max_hp_gain":0.0,"max_hp_loss":0.0,"gold_gain":0.0,"event_name":"The Woman in Blue","player_choice":"Bought 1 Potion","floor":12.0,"gold_loss":0.0,"damage_taken":0.0},{"damage_healed":0.0,"max_hp_gain":0.0,"max_hp_loss":0.0,"gold_gain":50.0,"event_name":"Nest","player_choice":"Stole From Cult","floor":22.0,"gold_loss":0.0,"damage_taken":0.0}],"is_beta":false,"boss_relics":[{"not_picked":["Orrery","Lizard Tail"],"picked":"Sozu"}],"items_purged_floors":[4,10,20],"is_endless":false,"potions_floor_spawned":[2,3,13,14,21,24,28,30],"killed_by":"Champ","ascension_level":15}