{"gold_per_floor":[116,135,135,148,164,164,194,194,194,225,225,225,243,270,270,342,342,354,354,354,370,370,403,403],"floor_reached":24,"playtime":1902,"items_purged":[],"score":435,"play_id":"80eabc31-2dce-465a-a7b9-78b610937364","local_time":"20180718123114","is_ascension_mode":true,"campfire_choices":[{"data":"Zap","floor":6.0,"key":"SMITH"},{"data":"Dualcast","floor":8.0,"key":"SMITH"},{"data":"Conserve Battery","floor":12.0,"key":"SMITH"},{"data":"Ball Lightning","floor":15.0,"key":"SMITH"}],"neow_cost":"NONE","seed_source_timestamp":14297431010470,"circlet_count":0,"master_deck":["Strike_B","Strike_B","Strike_B","Strike_B","Defend_B","Defend_B","Defend_B","Zap+1","Dualcast+1","AscendersBane","Conserve Battery+1","Conserve Battery+1","Sweeping Beam","Conserve Battery","Reboot","Rebound","Ball Lightning+1","Multi-Cast","Conserve Battery","Steam","Cold Snap","Conserve Battery","Skim","Double Energy+1"],"special_seed":0,"relics":["Cracked Core","Thread and Needle","Girya","Prayer Wheel","Bottled Flame","Nuclear Battery","Juzu Bracelet"],"potions_floor_usage":[23,24],"damage_taken":[{"damage":3.0,"enemies":"2 Louse","floor":1.0,"turns":3.0},{"damage":3.0,"enemies":"Small Slimes","floor":2.0,"turns":5.0},{"damage":1.0,"enemies":"Cultist","floor":4.0,"turns":3.0},{"damage":0.0,"enemies":"Large Slime","floor":5.0,"turns":4.0},{"damage":13.0,"enemies":"3 Sentries","floor":7.0,"turns":7.0},{"damage":5.0,"enemies":"Lagavulin","floor":10.0,"turns":8.0},{"damage":0.0,"enemies":"Exordium Wildlife","floor":13.0,"turns":3.0},{"damage":4.0,"enemies":"3 Sentries","floor":14.0,"turns":6.0},{"damage":23.0,"enemies":"Hexaghost","floor":16.0,"turns":10.0},{"damage":7.0,"enemies":"Shell Parasite","floor":18.0,"turns":5.0},{"damage":0.0,"enemies":"3 Byrds","floor":21.0,"turns":3.0},{"damage":37,"enemies":"Gremlin Leader","floor":23,"turns":12},{"damage":15,"enemies":"Snecko","floor":24,"turns":4}],"seed_played":"-4018084020888685076","potions_obtained":[{"floor":1.0,"key":"Explosive Potion"},{"floor":2.0,"key":"SpeedPotion"},{"floor":14.0,"key":"SkillPotion"},{"floor":16.0,"key":"SkillPotion"},{"floor":18.0,"key":"GamblersBrew"}],"is_trial":false,"path_per_floor":["M","M","?","M","M","R","E","R","T","E","?","R","M","E","R","B",null,"M","?","?","M","?","E"],"character_chosen":"DEFECT","items_purchased":[],"campfire_rested":0,"item_purchase_floors":[],"current_hp_per_floor":[61,58,51,50,50,50,37,37,37,32,32,32,32,28,28,5,55,48,48,48,48,48,11,0],"gold":403,"neow_bonus":"THREE_CARDS","is_prod":false,"is_daily":false,"chose_seed":false,"campfire_upgraded":4,"win_rate":0,"timestamp":1531942274,"path_taken":["M","M","?","M","M","R","E","R","T","E","?","R","M","E","R","BOSS","M","?","?","M","?","E","M"],"build_version":"2018-07-12","purchased_purges":0,"victory":false,"max_hp_per_floor":[71,71,71,71,71,71,71,71,71,71,71,71,71,71,71,71,71,71,71,71,71,71,71,71],"card_choices":[{"not_picked":["Self Repair","Reinforced Body"],"picked":"Conserve Battery","floor":0.0},{"not_picked":["Static Discharge","Force Field","Doom and Gloom"],"picked":"SKIP","floor":1.0},{"not_picked":["Beam Cell","Scrape"],"picked":"Conserve Battery","floor":2.0},{"not_picked":["Turbo","Skim"],"picked":"Sweeping Beam","floor":4.0},{"not_picked":["Barrage","Meteor Strike"],"picked":"Conserve Battery","floor":5.0},{"not_picked":["Go for the Eyes","Capacitor"],"picked":"Reboot","floor":7.0},{"not_picked":["Leap","Undo"],"picked":"Rebound","floor":10.0},{"not_picked":["Storm","Rebound"],"picked":"Ball Lightning","floor":13.0},{"not_picked":["Force Field","Rebound","Redo"],"picked":"SKIP","floor":13.0},{"not_picked":["Buffer","Force Field","Gash"],"picked":"SKIP","floor":14.0},{"not_picked":["Meteor Strike","Rainbow"],"picked":"Multi-Cast","floor":16.0},{"not_picked":["Self Repair","Stack"],"picked":"Conserve Battery","floor":18.0},{"not_picked":["Gash","Stack"],"picked":"Steam","floor":18.0},{"not_picked":["Beam Cell","Streamline"],"picked":"Conserve Battery","floor":21.0},{"not_picked":["Steam","Ball Lightning"],"picked":"Skim","floor":21.0},{"not_picked":["Fusion","Redo"],"picked":"Double Energy+1","floor":23}],"player_experience":788412,"relics_obtained":[{"floor":7.0,"key":"Thread and Needle"},{"floor":9.0,"key":"Girya"},{"floor":10.0,"key":"Prayer Wheel"},{"floor":14.0,"key":"Bottled Flame"},{"floor":23,"key":"Juzu Bracelet"}],"event_choices":[{"event_name":"Golden Wing","player_choice":"Card Removal","floor":3.0,"damage_taken":0.0},{"event_name":"Accursed Blacksmith","player_choice":"Forge","floor":11.0,"damage_taken":0.0},{"event_name":"Drug Dealer","player_choice":"Ignored","floor":19.0,"damage_taken":0.0},{"event_name":"The Library","player_choice":"Read","floor":20.0,"damage_taken":0.0},{"event_name":"Ghosts","player_choice":"Ignored","floor":22.0,"damage_taken":0.0}],"boss_relics":[{"not_picked":["Runic Pyramid","Calling Bell"],"picked":"Nuclear Battery"}],"items_purged_floors":[],"is_endless":false,"potions_floor_spawned":[1,2,14,16,18],"killed_by":"Snecko","ascension_level":15}