{"gold_per_floor":[119,394,410,171,171,201,276,306,306,336,355,382,382,40,40,40],"floor_reached":16,"playtime":514,"items_purged":["Regret","Strike_R"],"score":282,"play_id":"3c2a7741-0ab0-440c-a40b-408783fd8816","local_time":"20190109152652","is_ascension_mode":true,"campfire_choices":[{"data":"Rage","floor":15,"key":"SMITH"}],"neow_cost":"NONE","seed_source_timestamp":644957794666,"circlet_count":0,"master_deck":["AscendersBane","Strike_R","Strike_R","Strike_R","Strike_R","Defend_R","Defend_R","Defend_R","Defend_R","Bash","Evolve","Uppercut+1","Twin Strike","Feel No Pain","Body Slam+1","Dropkick+1","Immolate+1","Rage+1"],"relics":["Burning Blood","NeowsBlessing","Lantern","Juzu Bracelet","Odd Mushroom","Molten Egg 2","Bronze Scales","Girya","CultistMask"],"potions_floor_usage":[8,12,16],"damage_taken":[{"damage":0,"enemies":"Small Slimes","floor":1,"turns":2},{"damage":0,"enemies":"Cultist","floor":3,"turns":1},{"damage":0,"enemies":"3 Sentries","floor":6,"turns":1},{"damage":35,"enemies":"The Mushroom Lair","floor":8,"turns":7},{"damage":23,"enemies":"Gremlin Nob","floor":10,"turns":4},{"damage":7,"enemies":"Jaw Worm","floor":11,"turns":3},{"damage":17,"enemies":"3 Sentries","floor":12,"turns":6},{"damage":18,"enemies":"The Guardian","floor":16,"turns":8}],"seed_played":"229982238047409033","potions_obtained":[{"floor":1,"key":"Weak Potion"},{"floor":3,"key":"Regen Potion"},{"floor":10,"key":"Block Potion"},{"floor":12,"key":"GamblersBrew"}],"is_trial":false,"path_per_floor":["M","?","M","$","?","E","?","?","T","E","M","E","?","$","R","B"],"character_chosen":"IRONCLAD","items_purchased":["Lantern","Immolate+1","Rage"],"campfire_rested":0,"item_purchase_floors":[4,14,14],"current_hp_per_floor":[74,74,75,75,75,75,64,50,50,33,32,21,21,21,21,3],"gold":40,"neow_bonus":"THREE_ENEMY_KILL","is_prod":false,"is_daily":false,"chose_seed":false,"campfire_upgraded":1,"win_rate":0,"timestamp":1547018812,"path_taken":["M","?","M","?","?","E","?","?","T","E","M","E","?","$","R","BOSS"],"build_version":"2019-01-08","purchased_purges":2,"victory":false,"max_hp_per_floor":[75,75,75,75,75,75,75,75,75,75,75,75,75,75,75,75],"card_choices":[{"not_picked":["Havoc","True Grit"],"picked":"Evolve","floor":1},{"not_picked":["Pummel","Entrench"],"picked":"Uppercut","floor":3},{"not_picked":["Warcry","Cleave"],"picked":"Twin Strike","floor":6},{"not_picked":["Hemokinesis","Cleave"],"picked":"Feel No Pain","floor":8},{"not_picked":["Corruption","Shockwave"],"picked":"Body Slam+1","floor":10},{"not_picked":["Iron Wave+1","Fire Breathing"],"picked":"Dropkick+1","floor":11},{"not_picked":["Warcry","Carnage+1","Inflame"],"picked":"SKIP","floor":12}],"player_experience":1235588,"relics_obtained":[{"floor":6,"key":"Juzu Bracelet"},{"floor":8,"key":"Odd Mushroom"},{"floor":9,"key":"Molten Egg 2"},{"floor":10,"key":"Bronze Scales"},{"floor":12,"key":"Girya"}],"event_choices":[{"damage_healed":0,"gold_gain":275,"player_choice":"Desecrate","damage_taken":0,"max_hp_gain":0,"max_hp_loss":0,"event_name":"Golden Shrine","floor":2,"gold_loss":0,"cards_obtained":["Regret"]},{"damage_healed":0,"gold_gain":0,"player_choice":"Forge","damage_taken":0,"max_hp_gain":0,"max_hp_loss":0,"event_name":"Accursed Blacksmith","floor":5,"gold_loss":0,"cards_upgraded":["Uppercut"]},{"damage_healed":0,"gold_gain":75,"player_choice":"Gather Gold","damage_taken":11,"max_hp_gain":0,"max_hp_loss":0,"event_name":"World of Goop","floor":7,"gold_loss":0},{"damage_healed":0,"gold_gain":0,"player_choice":"Fought Mushrooms","damage_taken":0,"max_hp_gain":0,"max_hp_loss":0,"event_name":"Mushrooms","floor":8,"gold_loss":0},{"damage_healed":0,"gold_gain":0,"player_choice":"Trade","damage_taken":0,"relics_obtained":["CultistMask"],"max_hp_gain":0,"max_hp_loss":0,"event_name":"FaceTrader","floor":13,"gold_loss":0}],"is_beta":true,"boss_relics":[],"items_purged_floors":[4,14],"is_endless":false,"potions_floor_spawned":[1,3,10,12],"killed_by":"The Guardian","ascension_level":20}