{"gold_per_floor":[112,69,84,84,102,137,137,165,190,218,236,293,312,339,339,417,417,436,449,183,233,249,284,284,312,357,390,390,424,524,267,267,346,346,359,373,373,34,51,82,82,115,115,149,169,204,204,233,233,233,233],"floor_reached":52,"playtime":3020,"items_purged":["Bane"],"score":2678,"play_id":"b058e5b6-6996-4b0e-acea-22891da9ce96","local_time":"20190123191218","daily_mods":["SealedDeck","DeadlyEvents","Elite Swarm"],"is_ascension_mode":true,"campfire_choices":[{"data":"Noxious Fumes","floor":7.0,"key":"SMITH"},{"data":"Bouncing Flask","floor":15.0,"key":"SMITH"},{"data":"Crippling Poison","floor":24.0,"key":"SMITH"},{"data":"Malaise","floor":28.0,"key":"SMITH"},{"data":"Leg Sweep","floor":32.0,"key":"SMITH"},{"data":"PiercingWail","floor":41.0,"key":"SMITH"},{"data":"Malaise","floor":47.0,"key":"SMITH"},{"data":"Burst","floor":49,"key":"SMITH"}],"neow_cost":"","seed_source_timestamp":0,"circlet_count":0,"master_deck":["AscendersBane","Calculated Gamble","Backstab","Dodge and Roll","Cloak And Dagger","Deadly Poison","Bouncing Flask+1","Deadly Poison","Crippling Poison+1","PiercingWail+1","Leg Sweep","Noxious Fumes+1","After Image","Die Die Die","Malaise+1","Leg Sweep+1","Corpse Explosion","Adrenaline","Wraith Form v2+1","Backflip","Well Laid Plans+1","Footwork+1","Wraith Form v2+1","Malaise+1","Burst+1"],"special_seed":0,"relics":["Ring of the Snake","Paper Crane","Dream Catcher","Bag of Preparation","Frozen Egg 2","Tiny Chest","The Courier","Velvet Choker","Bird Faced Urn","Blood Vial","PreservedInsect","Orichalcum","Art of War","Tough Bandages","Du-Vu Doll","Meat on the Bone","Snake Skull","Cursed Key","Oddly Smooth Stone","Bronze Scales","Centennial Puzzle","Ornamental Fan","Lantern","Ice Cream","Letter Opener"],"potions_floor_usage":[],"damage_taken":[{"damage":0.0,"enemies":"Jaw Worm","floor":1.0,"turns":3.0},{"damage":0.0,"enemies":"Small Slimes","floor":3.0,"turns":3.0},{"damage":0.0,"enemies":"2 Louse","floor":5.0,"turns":1.0},{"damage":13.0,"enemies":"Lagavulin","floor":6.0,"turns":5.0},{"damage":6.0,"enemies":"Gremlin Nob","floor":8.0,"turns":3.0},{"damage":0.0,"enemies":"Lagavulin","floor":10.0,"turns":6.0},{"damage":0.0,"enemies":"2 Fungi Beasts","floor":11.0,"turns":3.0},{"damage":12.0,"enemies":"Gremlin Nob","floor":12.0,"turns":5.0},{"damage":0.0,"enemies":"3 Louse","floor":13.0,"turns":2.0},{"damage":5.0,"enemies":"Lagavulin","floor":14.0,"turns":6.0},{"damage":17.0,"enemies":"Slime Boss","floor":16.0,"turns":9.0},{"damage":5.0,"enemies":"3 Byrds","floor":18.0,"turns":4.0},{"damage":4.0,"enemies":"2 Thieves","floor":19.0,"turns":4.0},{"damage":3.0,"enemies":"Chosen and Byrds","floor":22.0,"turns":6.0},{"damage":2.0,"enemies":"Book of Stabbing","floor":23.0,"turns":6.0},{"damage":11.0,"enemies":"Gremlin Leader","floor":25.0,"turns":7.0},{"damage":3.0,"enemies":"Slavers","floor":27.0,"turns":2.0},{"damage":3.0,"enemies":"Gremlin Leader","floor":29.0,"turns":5.0},{"damage":7.0,"enemies":"Colosseum Slavers","floor":30.0,"turns":4.0},{"damage":0.0,"enemies":"Colosseum Nobs","floor":30.0,"turns":3.0},{"damage":14.0,"enemies":"Collector","floor":33.0,"turns":6.0},{"damage":0.0,"enemies":"3 Shapes","floor":35.0,"turns":3.0},{"damage":0.0,"enemies":"3 Darklings","floor":36.0,"turns":2.0},{"damage":0.0,"enemies":"Sphere and 2 Shapes","floor":39.0,"turns":3.0},{"damage":0.0,"enemies":"Reptomancer","floor":40.0,"turns":5.0},{"damage":0.0,"enemies":"Giant Head","floor":42.0,"turns":7.0},{"damage":0.0,"enemies":"Reptomancer","floor":44.0,"turns":6.0},{"damage":0.0,"enemies":"4 Shapes","floor":45.0,"turns":4.0},{"damage":0.0,"enemies":"Giant Head","floor":46.0,"turns":6.0},{"damage":0.0,"enemies":"Reptomancer","floor":48.0,"turns":5.0},{"damage":21,"enemies":"Awakened One","floor":50,"turns":11},{"damage":0,"enemies":"Time Eater","floor":51,"turns":13}],"seed_played":"7487413938689358837","potions_obtained":[{"floor":1.0,"key":"Fire Potion"},{"floor":3.0,"key":"GhostInAJar"},{"floor":8.0,"key":"PowerPotion"},{"floor":13.0,"key":"AttackPotion"},{"floor":16.0,"key":"Weak Potion"},{"floor":19.0,"key":"Regen Potion"},{"floor":44.0,"key":"LiquidBronze"}],"is_trial":true,"path_per_floor":["M","$","M","?","M","E","R","E","T","E","M","E","M","E","R","B",null,"M","M","$","?","M","E","R","E","T","E","R","E","?","$","R","B",null,"M","M","?","$","M","E","R","E","T","E","M","E","R","E","R","B","B",null],"character_chosen":"THE_SILENT","items_purchased":["Leg Sweep","Bird Faced Urn","Snake Skull","Well Laid Plans+1","Footwork+1","Oddly Smooth Stone","Bronze Scales"],"campfire_rested":0,"item_purchase_floors":[2,20,31,31,38,38,38],"current_hp_per_floor":[59,59,59,64,64,51,51,45,45,45,45,33,33,28,28,11,56,51,47,47,47,48,50,50,45,45,44,44,47,52,52,52,48,65,71,71,71,71,71,71,71,71,71,71,71,71,71,71,71,54,68],"gold":233,"neow_bonus":"","is_prod":false,"is_daily":false,"chose_seed":false,"campfire_upgraded":8,"win_rate":0,"timestamp":1548299538,"path_taken":["M","$","M","?","M","E","R","E","T","E","M","E","M","E","R","BOSS","M","M","$","?","M","E","R","E","T","E","R","E","?","?","R","BOSS","M","M","?","$","M","E","R","E","T","E","M","E","R","E","R","BOSS","BOSS"],"build_version":"2019-01-23","purchased_purges":1,"victory":true,"max_hp_per_floor":[66,66,66,71,71,71,71,71,71,71,71,71,71,71,71,71,71,71,71,71,71,71,71,71,71,71,71,71,71,71,71,71,71,71,71,71,71,71,71,71,71,71,71,71,71,71,71,71,71,71,71],"card_choices":[{"not_picked":["Finisher","Caltrops"],"picked":"PiercingWail","floor":1.0},{"not_picked":["Quick Slash","Prepared"],"picked":"Noxious Fumes","floor":3.0},{"not_picked":["Blade Dance","PiercingWail"],"picked":"After Image","floor":5.0},{"not_picked":["Storm of Steel","Envenom","Die Die Die"],"picked":"SKIP","floor":6.0},{"not_picked":["Storm of Steel","Envenom"],"picked":"Die Die Die","floor":6.0},{"not_picked":["Wraith Form v2","Unload","After Image"],"picked":"SKIP","floor":8.0},{"not_picked":["Night Terror","Die Die Die","Phantasmal Killer"],"picked":"SKIP","floor":10.0},{"not_picked":["Blade Dance","Reflex","Setup"],"picked":"SKIP","floor":11.0},{"not_picked":["Tools of the Trade+1","Die Die Die","Unload"],"picked":"SKIP","floor":12.0},{"not_picked":["Blade Dance","Outmaneuver","Bane"],"picked":"SKIP","floor":13.0},{"not_picked":["A Thousand Cuts+1","Venomology","After Image+1"],"picked":"SKIP","floor":14.0},{"not_picked":["After Image+1","Wraith Form v2+1"],"picked":"Malaise","floor":16.0},{"not_picked":["Flying Knee","Underhanded Strike","Dagger Throw"],"picked":"SKIP","floor":18.0},{"not_picked":["Endless Agony+1","Underhanded Strike","Dagger Throw"],"picked":"SKIP","floor":19.0},{"not_picked":["Masterful Stab+1","Bane"],"picked":"Leg Sweep","floor":22.0},{"not_picked":["Venomology","Doppelganger","Die Die Die"],"picked":"SKIP","floor":23.0},{"not_picked":["Storm of Steel","Burst"],"picked":"Corpse Explosion","floor":25.0},{"not_picked":["Storm of Steel","Glass Knife"],"picked":"Adrenaline","floor":27.0},{"not_picked":["Grand Finale","Venomology"],"picked":"Wraith Form v2+1","floor":29.0},{"not_picked":["Accuracy+1","Skewer"],"picked":"Backflip","floor":30.0},{"not_picked":["Cloak And Dagger","Blade Dance","Underhanded Strike+1"],"picked":"SKIP","floor":35.0},{"not_picked":["Eviscerate","Deadly Poison","Expertise"],"picked":"SKIP","floor":36.0},{"not_picked":["Poisoned Stab","Crippling Poison","Skewer"],"picked":"SKIP","floor":39.0},{"not_picked":["Night Terror","Malaise"],"picked":"Wraith Form v2+1","floor":40.0},{"not_picked":["Unload","Night Terror"],"picked":"Malaise","floor":42.0},{"not_picked":["Phantasmal Killer","After Image+1","Corpse Explosion"],"picked":"SKIP","floor":44.0},{"not_picked":["Distraction","Quick Slash","Acrobatics"],"picked":"SKIP","floor":45.0},{"not_picked":["Glass Knife","Tools of the Trade+1","Phantasmal Killer"],"picked":"SKIP","floor":46.0},{"not_picked":["Phantasmal Killer","Unload"],"picked":"Burst","floor":48.0}],"player_experience":2038607,"relics_obtained":[{"floor":6.0,"key":"Paper Crane"},{"floor":8.0,"key":"Dream Catcher"},{"floor":9.0,"key":"Bag of Preparation"},{"floor":10.0,"key":"Frozen Egg 2"},{"floor":12.0,"key":"Tiny Chest"},{"floor":14.0,"key":"The Courier"},{"floor":23.0,"key":"Blood Vial"},{"floor":25.0,"key":"PreservedInsect"},{"floor":26.0,"key":"Orichalcum"},{"floor":27.0,"key":"Art of War"},{"floor":29.0,"key":"Tough Bandages"},{"floor":30.0,"key":"Du-Vu Doll"},{"floor":30.0,"key":"Meat on the Bone"},{"floor":40.0,"key":"Centennial Puzzle"},{"floor":42.0,"key":"Ornamental Fan"},{"floor":44.0,"key":"Lantern"},{"floor":46.0,"key":"Ice Cream"},{"floor":48.0,"key":"Letter Opener"}],"event_choices":[{"damage_healed":0.0,"max_hp_gain":5.0,"max_hp_loss":0.0,"gold_gain":0.0,"event_name":"Big Fish","player_choice":"Donut","floor":4.0,"gold_loss":0.0,"damage_taken":0.0},{"damage_healed":0.0,"max_hp_gain":0.0,"max_hp_loss":0.0,"gold_gain":50.0,"event_name":"Nest","player_choice":"Stole From Cult","floor":21.0,"gold_loss":0.0,"damage_taken":0.0},{"damage_healed":0.0,"max_hp_gain":0.0,"max_hp_loss":0.0,"gold_gain":0.0,"event_name":"Colosseum","player_choice":"Fight","floor":30.0,"gold_loss":0.0,"damage_taken":0.0},{"damage_healed":0.0,"max_hp_gain":0.0,"max_hp_loss":0.0,"gold_gain":0.0,"event_name":"Colosseum","player_choice":"Fought Nobs","floor":30.0,"gold_loss":0.0,"damage_taken":0.0},{"cards_removed":["Deflect"],"damage_healed":0.0,"max_hp_gain":0.0,"max_hp_loss":0.0,"gold_gain":0.0,"event_name":"Falling","player_choice":"Removed Skill","floor":37.0,"gold_loss":0.0,"damage_taken":0.0}],"is_beta":false,"boss_relics":[{"not_picked":["White Beast Statue","Runic Dome"],"picked":"Velvet Choker"},{"not_picked":["Orrery","Coffee Dripper"],"picked":"Cursed Key"}],"items_purged_floors":[31],"is_endless":false,"potions_floor_spawned":[1,3,8,13,16,19,23,25,27,30,33,42,44,45,46],"ascension_level":20}