{"gold_per_floor":[119,294,294,294,313,343,343,371,394,394,125,200,2,30,30,132,132,149,149,161,161,161],"floor_reached":22,"playtime":525,"items_purged":["Defend_B"],"score":372,"play_id":"0eaaf895-389b-4245-9b3d-584cfdd3be04","local_time":"25611217163725","is_ascension_mode":true,"campfire_choices":[{"data":"Streamline","floor":7.0,"key":"SMITH"},{"data":"Loop","floor":10.0,"key":"SMITH"},{"data":"Loop","floor":15.0,"key":"SMITH"}],"neow_cost":"NONE","seed_source_timestamp":15476353126264,"circlet_count":0,"master_deck":["AscendersBane","Strike_B+1","Strike_B","Strike_B","Strike_B+1","Defend_B","Defend_B","Defend_B","Zap","Dualcast","Loop+1","Glacier","Streamline+1","Heatsinks","Loop","Loop+1","Force Field","Ball Lightning","Creative AI","Coolheaded+1","Steam+1"],"special_seed":0,"relics":["Cracked Core","NeowsBlessing","PreservedInsect","Potion Belt","Bag of Marbles","Tiny Chest","Omamori","Cursed Key"],"potions_floor_usage":[22],"damage_taken":[{"damage":0.0,"enemies":"2 Louse","floor":1.0,"turns":1.0},{"damage":0.0,"enemies":"Small Slimes","floor":5.0,"turns":1.0},{"damage":0.0,"enemies":"Gremlin Nob","floor":6.0,"turns":1.0},{"damage":10.0,"enemies":"3 Sentries","floor":8.0,"turns":5.0},{"damage":0.0,"enemies":"Gremlin Nob","floor":14.0,"turns":3.0},{"damage":5.0,"enemies":"The Guardian","floor":16.0,"turns":8.0},{"damage":12.0,"enemies":"Chosen","floor":18.0,"turns":3.0},{"damage":40,"enemies":"3 Byrds","floor":20,"turns":6},{"damage":18,"enemies":"Centurion and Healer","floor":22,"turns":2}],"seed_played":"-2896062541297573979","potions_obtained":[{"floor":1.0,"key":"Fire Potion"},{"floor":8.0,"key":"SpeedPotion"},{"floor":14.0,"key":"PowerPotion"},{"floor":20,"key":"Poison Potion"}],"is_trial":false,"path_per_floor":["M","?","?","?","M","E","R","E","T","R","$","?","$","E","R","B",null,"M","T","M","?","M"],"character_chosen":"DEFECT","items_purchased":["Tiny Chest","Loop","Poison Potion","Loop","Force Field"],"campfire_rested":0,"item_purchase_floors":[11,11,13,13,13],"current_hp_per_floor":[68,68,68,53,53,53,53,43,43,43,43,36,36,36,36,31,64,52,52,12,12,0],"gold":161,"neow_bonus":"THREE_ENEMY_KILL","is_prod":false,"is_daily":false,"chose_seed":false,"campfire_upgraded":3,"win_rate":0,"timestamp":1545039445,"path_taken":["M","?","?","?","M","E","R","E","T","R","$","?","$","E","R","BOSS","M","?","M","?","M"],"build_version":"2018-12-13","purchased_purges":1,"victory":false,"max_hp_per_floor":[75,75,75,75,75,75,75,75,75,75,75,75,75,75,75,75,75,75,75,75,75,75],"card_choices":[{"not_picked":["Leap","Beam Cell"],"picked":"Loop","floor":1.0},{"not_picked":["Stack","Melter"],"picked":"Glacier","floor":5.0},{"not_picked":["Rebound","Thunder Strike"],"picked":"Streamline","floor":6.0},{"not_picked":["Go for the Eyes","Turbo"],"picked":"Heatsinks","floor":8.0},{"not_picked":["Coolheaded","Genetic Algorithm"],"picked":"Ball Lightning","floor":14.0},{"not_picked":["Biased Cognition","Buffer"],"picked":"Creative AI","floor":16.0},{"not_picked":["Doom and Gloom+1","Hello World"],"picked":"Coolheaded+1","floor":18.0},{"not_picked":["Coolheaded","Beam Cell"],"picked":"Steam+1","floor":20}],"player_experience":214122,"relics_obtained":[{"floor":6.0,"key":"PreservedInsect"},{"floor":8.0,"key":"Potion Belt"},{"floor":9.0,"key":"Bag of Marbles"},{"floor":14.0,"key":"Omamori"}],"event_choices":[{"damage_healed":0.0,"max_hp_gain":0.0,"max_hp_loss":0.0,"gold_gain":175.0,"event_name":"Liars Game","player_choice":"AGREE","floor":2.0,"gold_loss":0.0,"damage_taken":0.0,"cards_obtained":["Doubt"]},{"cards_removed":["Doubt"],"damage_healed":0.0,"max_hp_gain":0.0,"max_hp_loss":0.0,"gold_gain":0.0,"event_name":"Living Wall","player_choice":"Forget","floor":3.0,"gold_loss":0.0,"damage_taken":0.0},{"damage_healed":0.0,"max_hp_gain":0.0,"max_hp_loss":0.0,"gold_gain":0.0,"event_name":"Shining Light","player_choice":"Entered Light","floor":4.0,"gold_loss":0.0,"damage_taken":15.0,"cards_upgraded":["Strike_B","Strike_B"]},{"damage_healed":0.0,"max_hp_gain":0.0,"max_hp_loss":0.0,"gold_gain":75.0,"event_name":"FaceTrader","player_choice":"Touch","floor":12.0,"gold_loss":0.0,"damage_taken":7.0},{"damage_healed":0,"gold_gain":0,"player_choice":"Ignored","damage_taken":0,"max_hp_gain":0,"max_hp_loss":0,"event_name":"N\u0027loth","floor":21,"gold_loss":0}],"is_beta":false,"boss_relics":[{"not_picked":["Snecko Eye","Tiny House"],"picked":"Cursed Key"}],"items_purged_floors":[11],"is_endless":false,"potions_floor_spawned":[1,8,14,20],"killed_by":"Centurion and Healer","ascension_level":10}