{"gold_per_floor":[115,115,145,28,45,45,72,72,72,72,86,106,140,140,140,211,211,151,151,30,30,30,30,30,30,30,30,30,30,30,30,30,30],"floor_reached":33,"playtime":1358,"items_purged":["Strike_G"],"score":560,"play_id":"3cfc7a33-d53a-4bbf-9272-d703e226d2a7","local_time":"20181201174532","is_ascension_mode":true,"campfire_choices":[{"data":"Neutralize","floor":6.0,"key":"SMITH"},{"data":"Skewer","floor":8.0,"key":"SMITH"},{"data":"Sucker Punch","floor":10.0,"key":"SMITH"},{"data":"Cloak And Dagger","floor":15.0,"key":"SMITH"},{"floor":23.0,"key":"REST"},{"floor":29.0,"key":"REST"},{"floor":32,"key":"REST"}],"neow_cost":"NONE","seed_source_timestamp":36087665913562,"circlet_count":0,"master_deck":["AscendersBane","Defend_G","Defend_G","Defend_G","Defend_G","Defend_G","Strike_G","Strike_G","Strike_G+1","Strike_G+1","Survivor","Neutralize+1","Sucker Punch+1","Dagger Spray","Well Laid Plans","Cloak And Dagger+1","Skewer+1","Cloak And Dagger","Caltrops","Corpse Explosion","Die Die Die","A Thousand Cuts","Finisher","Dodge and Roll","Acrobatics","Dodge and Roll+1","Distraction+1","Escape Plan"],"special_seed":0,"relics":["Ring of the Snake","NeowsBlessing","Tiny Chest","Regal Pillow","The Courier","Art of War","Ectoplasm","Meat on the Bone","Vajra","Orichalcum","Boot"],"potions_floor_usage":[31,31,33],"damage_taken":[{"damage":0.0,"enemies":"Jaw Worm","floor":1.0,"turns":1.0},{"damage":0.0,"enemies":"Cultist","floor":5.0,"turns":1.0},{"damage":0.0,"enemies":"Gremlin Nob","floor":7.0,"turns":1.0},{"damage":0.0,"enemies":"2 Louse","floor":11.0,"turns":2.0},{"damage":1.0,"enemies":"Large Slime","floor":12.0,"turns":5.0},{"damage":8.0,"enemies":"3 Sentries","floor":13.0,"turns":7.0},{"damage":18.0,"enemies":"Slime Boss","floor":16.0,"turns":6.0},{"damage":14.0,"enemies":"2 Thieves","floor":18.0,"turns":4.0},{"damage":2.0,"enemies":"3 Byrds","floor":19.0,"turns":3.0},{"damage":8.0,"enemies":"Centurion and Healer","floor":21.0,"turns":6.0},{"damage":19.0,"enemies":"Snake Plant","floor":22.0,"turns":5.0},{"damage":3.0,"enemies":"Chosen and Byrds","floor":24.0,"turns":6.0},{"damage":33.0,"enemies":"Slavers","floor":25.0,"turns":4.0},{"damage":10.0,"enemies":"Centurion and Healer","floor":27.0,"turns":5.0},{"damage":15,"enemies":"Gremlin Leader","floor":31,"turns":7},{"damage":89,"enemies":"Champ","floor":33,"turns":14}],"seed_played":"8039987139854256804","potions_obtained":[{"floor":5.0,"key":"LiquidBronze"},{"floor":12.0,"key":"Explosive Potion"},{"floor":13.0,"key":"SkillPotion"},{"floor":19.0,"key":"Explosive Potion"},{"floor":21.0,"key":"GhostInAJar"},{"floor":24.0,"key":"Swift Potion"},{"floor":27.0,"key":"Block Potion"},{"floor":31,"key":"Block Potion"}],"is_trial":false,"path_per_floor":["M","?","?","$","M","R","E","R","T","R","M","M","E","?","R","B",null,"M","M","$","M","M","R","M","E","T","M","T","R","?","E","R","B"],"character_chosen":"THE_SILENT","items_purchased":["Dagger Spray","Well Laid Plans","Regen Potion"],"campfire_rested":3,"item_purchase_floors":[4,4,20],"current_hp_per_floor":[59,39,34,34,34,34,34,34,34,34,34,33,25,25,25,7,51,37,35,35,27,8,42,39,18,18,20,20,54,54,39,66,0],"gold":30,"neow_bonus":"THREE_ENEMY_KILL","is_prod":false,"is_daily":false,"chose_seed":false,"campfire_upgraded":4,"win_rate":0,"timestamp":1543715132,"path_taken":["M","?","?","$","M","R","E","R","T","R","?","M","E","?","R","BOSS","M","M","$","M","M","R","M","E","T","?","?","R","?","E","R","BOSS"],"build_version":"2018-11-15","purchased_purges":1,"victory":false,"max_hp_per_floor":[66,66,66,66,66,66,66,66,66,66,66,66,66,66,66,66,66,66,66,66,66,66,66,66,66,66,66,66,66,66,66,66,66],"card_choices":[{"not_picked":["Riddle With Holes","Slice"],"picked":"Sucker Punch","floor":1.0},{"not_picked":["Endless Agony","Prepared"],"picked":"Cloak And Dagger","floor":5.0},{"not_picked":["Night Terror","All Out Attack"],"picked":"Skewer","floor":7.0},{"not_picked":["Dodge and Roll","Poisoned Stab"],"picked":"Cloak And Dagger","floor":11.0},{"not_picked":["Dagger Spray","Acrobatics"],"picked":"Caltrops","floor":12.0},{"not_picked":["Eviscerate","Endless Agony"],"picked":"Corpse Explosion","floor":13.0},{"not_picked":["Glass Knife","Night Terror"],"picked":"A Thousand Cuts","floor":16.0},{"not_picked":["Sucker Punch+1","Choke"],"picked":"Finisher","floor":18.0},{"not_picked":["Prepared","Deadly Poison"],"picked":"Dodge and Roll","floor":19.0},{"not_picked":["Skewer+1","Dodge and Roll"],"picked":"Acrobatics","floor":21.0},{"not_picked":["Acrobatics","Backstab"],"picked":"Dodge and Roll+1","floor":22.0},{"not_picked":["Underhanded Strike","Masterful Stab"],"picked":"Distraction+1","floor":24.0},{"not_picked":["Setup","Accuracy"],"picked":"Escape Plan","floor":25.0},{"not_picked":["Slice","Flying Knee","Glass Knife"],"picked":"SKIP","floor":27.0},{"not_picked":["Sucker Punch","Dodge and Roll","Blade Dance"],"picked":"SKIP","floor":31}],"player_experience":1699254,"relics_obtained":[{"floor":7.0,"key":"Regal Pillow"},{"floor":9.0,"key":"The Courier"},{"floor":13.0,"key":"Art of War"},{"floor":25.0,"key":"Meat on the Bone"},{"floor":26.0,"key":"Vajra"},{"floor":28.0,"key":"Orichalcum"},{"floor":31,"key":"Boot"}],"event_choices":[{"damage_healed":0.0,"max_hp_gain":0.0,"max_hp_loss":0.0,"gold_gain":0.0,"event_name":"Shining Light","player_choice":"Entered Light","floor":2.0,"gold_loss":0.0,"damage_taken":20.0,"cards_upgraded":["Strike_G","Strike_G"]},{"damage_healed":0.0,"max_hp_gain":0.0,"max_hp_loss":0.0,"gold_gain":0.0,"event_name":"Scrap Ooze","player_choice":"Success","floor":3.0,"gold_loss":0.0,"damage_taken":5.0,"relics_obtained":["Tiny Chest"]},{"damage_healed":0.0,"max_hp_gain":0.0,"max_hp_loss":0.0,"gold_gain":0.0,"event_name":"Match and Keep!","player_choice":"1 cards matched","floor":14.0,"gold_loss":0.0,"damage_taken":0.0,"cards_obtained":["Die Die Die"]},{"damage_healed":0.0,"max_hp_gain":0.0,"max_hp_loss":0.0,"gold_gain":0.0,"event_name":"Beggar","player_choice":"Ignored","floor":30.0,"gold_loss":0.0,"damage_taken":0.0}],"is_beta":false,"boss_relics":[{"not_picked":["Fusion Hammer","Runic Dome"],"picked":"Ectoplasm"}],"items_purged_floors":[20],"is_endless":false,"potions_floor_spawned":[5,12,13,19,21,24,27,31],"killed_by":"Champ","ascension_level":15}