{"gold_per_floor":[116,131,131,149,74,99,113,113,113,113,132,158,158,171,171,249,249,262,84,94,94,19,19,48,67,67,98,111,36,61,71,71,145,145,162,212,225,235,250,285,297,297,297,32,51,64,93,93,93,93,93,93,5,34,34],"floor_reached":56,"playtime":2837,"items_purged":["Strike_R","Strike_R","Hemokinesis","Anger+1"],"score":2323,"play_id":"fbb60bc0-e7d0-4616-b7ff-bdc997eff14c","local_time":"20190201205619","is_ascension_mode":true,"campfire_choices":[{"data":"Combust","floor":8.0,"key":"SMITH"},{"data":"Anger","floor":10.0,"key":"SMITH"},{"data":"Uppercut","floor":15.0,"key":"SMITH"},{"data":"Corruption","floor":23.0,"key":"SMITH"},{"data":"True Grit","floor":32,"key":"SMITH"},{"data":"Feel No Pain","floor":42,"key":"SMITH"},{"floor":49,"key":"RECALL"},{"data":"Juggernaut","floor":52,"key":"SMITH"}],"neow_cost":"NONE","seed_source_timestamp":47885296525467,"circlet_count":0,"master_deck":["AscendersBane","Defend_R","Defend_R","Defend_R","Defend_R","Bash+1","Headbutt","Combust+1","Spot Weakness","Battle Trance","Uppercut+1","Spot Weakness","Impervious","Armaments","Corruption+1","Shrug It Off","True Grit+1","Rupture","Corruption+1","Warcry","Entrench","Juggernaut+1","Feel No Pain+1","Shrug It Off","Burning Pact","Havoc","Limit Break","Flame Barrier+1","Shrug It Off","True Grit","Feel No Pain+1","Second Wind","Impervious","Battle Trance","Flame Barrier+1"],"special_seed":0,"relics":["Burning Blood","Smiling Mask","Letter Opener","Thread and Needle","Dead Branch","Runic Dome","Torii","Ancient Tea Set","The Courier","Art of War","Orrery","Paper Frog","Orichalcum","DollysMirror","Gremlin Horn","Unceasing Top"],"potions_floor_usage":[40,55,55],"damage_taken":[{"damage":1.0,"enemies":"Small Slimes","floor":1.0,"turns":5.0},{"damage":6.0,"enemies":"Cultist","floor":2.0,"turns":3.0},{"damage":2.0,"enemies":"Jaw Worm","floor":4.0,"turns":2.0},{"damage":13.0,"enemies":"Gremlin Nob","floor":6.0,"turns":3.0},{"damage":13.0,"enemies":"Red Slaver","floor":7.0,"turns":4.0},{"damage":2.0,"enemies":"Exordium Wildlife","floor":11.0,"turns":2.0},{"damage":13.0,"enemies":"3 Sentries","floor":12.0,"turns":4.0},{"damage":10.0,"enemies":"Gremlin Gang","floor":14.0,"turns":3.0},{"damage":17.0,"enemies":"Slime Boss","floor":16.0,"turns":7.0},{"damage":5.0,"enemies":"Chosen","floor":18.0,"turns":4.0},{"damage":0.0,"enemies":"Spheric Guardian","floor":20.0,"turns":3.0},{"damage":10.0,"enemies":"Book of Stabbing","floor":24.0,"turns":5.0},{"damage":10.0,"enemies":"Cultist and Chosen","floor":25.0,"turns":5.0},{"damage":3.0,"enemies":"Gremlin Leader","floor":27.0,"turns":5.0},{"damage":1,"enemies":"Snake Plant","floor":28,"turns":4},{"damage":6,"enemies":"Book of Stabbing","floor":30,"turns":2},{"damage":9,"enemies":"Snecko","floor":31,"turns":3},{"damage":12,"enemies":"Automaton","floor":33,"turns":4},{"damage":13,"enemies":"Orb Walker","floor":35,"turns":3},{"damage":10,"enemies":"3 Shapes","floor":37,"turns":3},{"damage":0,"enemies":"3 Darklings","floor":38,"turns":3},{"damage":14,"enemies":"Spire Growth","floor":39,"turns":3},{"damage":17,"enemies":"Reptomancer","floor":40,"turns":5},{"damage":9,"enemies":"Writhing Mass","floor":41,"turns":3},{"damage":0,"enemies":"Maw","floor":45,"turns":4},{"damage":0,"enemies":"Spire Growth","floor":46,"turns":3},{"damage":3,"enemies":"Nemesis","floor":47,"turns":7},{"damage":2,"enemies":"Awakened One","floor":50,"turns":6},{"damage":0,"enemies":"Shield and Spear","floor":54,"turns":3},{"damage":58,"enemies":"The Heart","floor":55,"turns":9}],"seed_played":"-96331701367592872","potions_obtained":[{"floor":0.0,"key":"Block Potion"},{"floor":0.0,"key":"AttackPotion"},{"floor":6.0,"key":"Weak Potion"},{"floor":16.0,"key":"EssenceOfSteel"},{"floor":20.0,"key":"Dexterity Potion"},{"floor":28,"key":"Regen Potion"},{"floor":41,"key":"FairyPotion"},{"floor":47,"key":"SpeedPotion"}],"is_trial":false,"path_per_floor":["M","M","?","M","$","E","M","R","T","R","M","E","?","M","R","B",null,"M","$","M","T","?","R","E","M","T","E","M","?","E","M","R","B",null,"M","?","M","M","M","E","M","R","T","$","M","M","E","?","R","B",null,"R","$","E","B",null],"character_chosen":"IRONCLAD","items_purchased":["Corruption","Shrug It Off","DollysMirror","Second Wind","Block Potion"],"campfire_rested":0,"item_purchase_floors":[19,19,44,44,53],"current_hp_per_floor":[73,73,73,75,75,68,61,61,61,61,65,58,58,54,54,43,67,68,68,74,74,74,74,70,66,66,69,74,74,74,71,71,65,73,66,66,62,68,60,63,60,60,60,60,66,72,75,75,75,75,75,75,75,75,23],"gold":34,"neow_bonus":"THREE_SMALL_POTIONS","is_prod":false,"is_daily":false,"chose_seed":false,"campfire_upgraded":7,"win_rate":0,"timestamp":1549083379,"path_taken":["M","M","?","M","$","E","?","R","T","R","M","E","?","M","R","BOSS","M","$","M","?","?","R","E","M","T","E","?","?","E","M","R","BOSS","M","?","?","M","M","E","M","R","T","?","M","M","E","?","R","BOSS","R","$","E","BOSS"],"build_version":"2019-01-23","purchased_purges":4,"victory":true,"max_hp_per_floor":[75,75,75,75,75,75,75,75,75,75,75,75,75,75,75,75,75,75,75,75,75,75,75,75,75,75,75,75,75,75,75,75,75,75,75,75,75,75,75,75,75,75,75,75,75,75,75,75,75,75,75,75,75,75,75],"card_choices":[{"not_picked":["Thunderclap","Shrug It Off"],"picked":"Anger","floor":1.0},{"not_picked":["Shrug It Off","Anger"],"picked":"Headbutt","floor":2.0},{"not_picked":["True Grit","Sentinel"],"picked":"Combust","floor":4.0},{"not_picked":["Hemokinesis","Anger"],"picked":"Spot Weakness","floor":6.0},{"not_picked":["Headbutt","Second Wind"],"picked":"Battle Trance","floor":7.0},{"not_picked":["Bloodletting","True Grit"],"picked":"Uppercut","floor":11.0},{"not_picked":["Flex","Wild Strike"],"picked":"Spot Weakness","floor":12.0},{"not_picked":["Anger","Twin Strike","Searing Blow"],"picked":"SKIP","floor":14.0},{"not_picked":["Dark Embrace","Double Tap"],"picked":"Impervious","floor":16.0},{"not_picked":["Iron Wave+1","Wild Strike"],"picked":"Armaments","floor":18.0},{"not_picked":["Thunderclap+1","Heavy Blade"],"picked":"True Grit","floor":20.0},{"not_picked":["Heavy Blade","Fire Breathing","Cleave+1"],"picked":"SKIP","floor":24.0},{"not_picked":["Brutality","Iron Wave+1"],"picked":"Corruption+1","floor":25.0},{"not_picked":["Sever Soul","Rage","Twin Strike"],"picked":"SKIP","floor":27},{"not_picked":["Cleave","Whirlwind","Spot Weakness"],"picked":"SKIP","floor":28},{"not_picked":["Rupture+1","Sword Boomerang"],"picked":"Warcry","floor":30},{"not_picked":["Clothesline","Intimidate"],"picked":"Entrench","floor":31},{"not_picked":["Impervious","Bludgeon"],"picked":"Juggernaut","floor":33},{"not_picked":["Metallicize","Power Through"],"picked":"Feel No Pain","floor":34},{"not_picked":["Fire Breathing","Sever Soul"],"picked":"Shrug It Off","floor":34},{"not_picked":["Iron Wave","Twin Strike"],"picked":"Burning Pact","floor":34},{"not_picked":["Metallicize","Fire Breathing"],"picked":"Havoc","floor":34},{"not_picked":["Heavy Blade","Sword Boomerang","Anger+1"],"picked":"SKIP","floor":35},{"not_picked":["Warcry","Heavy Blade"],"picked":"Limit Break","floor":37},{"not_picked":["Clash+1","Twin Strike"],"picked":"Flame Barrier+1","floor":38},{"not_picked":["Headbutt+1","Rupture","Power Through"],"picked":"SKIP","floor":39},{"not_picked":["Reckless Charge","Warcry"],"picked":"Shrug It Off","floor":40},{"not_picked":["Body Slam","Blood for Blood"],"picked":"True Grit","floor":41},{"not_picked":["Headbutt","Rage"],"picked":"Impervious","floor":45},{"not_picked":["Body Slam+1","Sword Boomerang"],"picked":"Battle Trance","floor":46},{"not_picked":["Body Slam","Feed"],"picked":"Flame Barrier+1","floor":47},{"not_picked":["Rampage","Carnage","Fire Breathing"],"picked":"SKIP","floor":54}],"player_experience":2124194,"relics_obtained":[{"floor":6.0,"key":"Smiling Mask"},{"floor":9.0,"key":"Letter Opener"},{"floor":12.0,"key":"Thread and Needle"},{"floor":13.0,"key":"Dead Branch"},{"floor":21.0,"key":"Torii"},{"floor":24.0,"key":"Ancient Tea Set"},{"floor":27,"key":"The Courier"},{"floor":30,"key":"Art of War"},{"floor":40,"key":"Paper Frog"},{"floor":43,"key":"Orichalcum"},{"floor":47,"key":"Gremlin Horn"},{"floor":54,"key":"Unceasing Top"}],"event_choices":[{"damage_healed":0.0,"max_hp_gain":0.0,"max_hp_loss":0.0,"gold_gain":0.0,"event_name":"Upgrade Shrine","player_choice":"Upgraded","floor":3.0,"gold_loss":0.0,"damage_taken":0.0,"cards_upgraded":["Bash"]},{"damage_healed":0.0,"max_hp_gain":0.0,"max_hp_loss":0.0,"gold_gain":0.0,"event_name":"Wheel of Change","player_choice":"Relic","floor":13.0,"gold_loss":0.0,"damage_taken":0.0},{"damage_healed":0.0,"max_hp_gain":0.0,"max_hp_loss":0.0,"gold_gain":0.0,"cards_transformed":["Strike_R","Strike_R"],"event_name":"Designer","player_choice":"Transformed Cards","floor":22.0,"gold_loss":75.0,"damage_taken":0.0,"cards_obtained":["Hemokinesis","Rupture"]},{"cards_removed":["Strike_R"],"damage_healed":0,"gold_gain":0,"player_choice":"Gave Gold","damage_taken":0,"max_hp_gain":0,"max_hp_loss":0,"event_name":"Beggar","floor":29,"gold_loss":75},{"damage_healed":0,"gold_gain":50,"player_choice":"Pray","damage_taken":0,"max_hp_gain":0,"max_hp_loss":0,"event_name":"Golden Shrine","floor":36,"gold_loss":0},{"damage_healed":0,"gold_gain":0,"player_choice":"Memory 1","damage_taken":0,"max_hp_gain":0,"max_hp_loss":0,"event_name":"SensoryStone","floor":48,"gold_loss":0}],"is_beta":false,"boss_relics":[{"not_picked":["Black Blood","Calling Bell"],"picked":"Runic Dome"},{"not_picked":["Runic Cube","Black Star"],"picked":"Orrery"}],"items_purged_floors":[5,19,44,53],"is_endless":false,"potions_floor_spawned":[4,6,16,20,24,28,30,37,38,39,41,47],"ascension_level":15}