{"gold_per_floor":[113,129,143,143,157,157,189,201,237,266,310,403,434,4,4,81,81,95,95,113,113,133,164,164,189,189,201,231,231,195,11,11,85,85,102,112,112,36,0,27,27,62,62,62,75,45,71,71],"floor_reached":48,"playtime":2852,"items_purged":["Strike_B","Strike_B"],"score":1472,"play_id":"e2f61cf8-1feb-4a6d-afc4-3dcb48a913ea","local_time":"20190321185613","is_ascension_mode":true,"campfire_choices":[{"data":"Consume","floor":6.0,"key":"SMITH"},{"data":"Doom and Gloom","floor":8.0,"key":"SMITH"},{"data":"Dualcast","floor":15.0,"key":"SMITH"},{"data":"Coolheaded","floor":24.0,"key":"SMITH"},{"data":"Fission","floor":29.0,"key":"SMITH"},{"data":"Blizzard","floor":32.0,"key":"SMITH"}],"neow_cost":"NONE","seed_source_timestamp":12997725811800,"circlet_count":0,"master_deck":["AscendersBane","Strike_B","Defend_B","Defend_B","Defend_B","Defend_B","Zap","Dualcast+1","Glacier","Consume+1","Doom and Gloom+1","Cold Snap","Multi-Cast","Coolheaded","Hologram","Loop+1","Electrodynamics+1","Go for the Eyes+1","Skim","Coolheaded+1","Amplify","Fission+1","Heatsinks+1","Blizzard+1","Creative AI+1","Glacier","Glacier","Creative AI+1","Regret","Hologram"],"special_seed":0,"relics":["Runic Dome","MawBank","Oddly Smooth Stone","Juzu Bracelet","Frozen Egg 2","Gremlin Horn","Cursed Key","Centennial Puzzle","Anchor","Lantern","Inserter","Red Mask","Du-Vu Doll","Vajra","Pantograph"],"potions_floor_usage":[],"damage_taken":[{"damage":0.0,"enemies":"Jaw Worm","floor":1.0,"turns":4.0},{"damage":0.0,"enemies":"Cultist","floor":2.0,"turns":4.0},{"damage":0.0,"enemies":"Small Slimes","floor":3.0,"turns":4.0},{"damage":4.0,"enemies":"Exordium Wildlife","floor":5.0,"turns":2.0},{"damage":4.0,"enemies":"Gremlin Nob","floor":7.0,"turns":3.0},{"damage":15.0,"enemies":"Exordium Thugs","floor":10.0,"turns":4.0},{"damage":0.0,"enemies":"3 Sentries","floor":11.0,"turns":8.0},{"damage":10.0,"enemies":"2 Fungi Beasts","floor":13.0,"turns":4.0},{"damage":21.0,"enemies":"Slime Boss","floor":16.0,"turns":4.0},{"damage":1.0,"enemies":"Shell Parasite","floor":18.0,"turns":5.0},{"damage":0.0,"enemies":"Spheric Guardian","floor":20.0,"turns":2.0},{"damage":13.0,"enemies":"Centurion and Healer","floor":22.0,"turns":3.0},{"damage":6.0,"enemies":"Book of Stabbing","floor":23.0,"turns":4.0},{"damage":9.0,"enemies":"Gremlin Leader","floor":25.0,"turns":4.0},{"damage":0.0,"enemies":"Snake Plant","floor":27.0,"turns":4.0},{"damage":6.0,"enemies":"Book of Stabbing","floor":28.0,"turns":6.0},{"damage":0.0,"enemies":"Champ","floor":33.0,"turns":19.0},{"damage":9.0,"enemies":"3 Shapes","floor":35.0,"turns":3.0},{"damage":0.0,"enemies":"Orb Walker","floor":36.0,"turns":6.0},{"damage":0.0,"enemies":"Giant Head","floor":40.0,"turns":12.0},{"damage":0.0,"enemies":"Nemesis","floor":42.0,"turns":11.0},{"damage":27.0,"enemies":"Jaw Worm Horde","floor":45.0,"turns":3.0},{"damage":14,"enemies":"Giant Head","floor":47,"turns":10},{"damage":16,"enemies":"Maw","floor":48,"turns":2}],"seed_played":"-4956970276427425281","potions_obtained":[{"floor":1.0,"key":"GamblersBrew"},{"floor":3.0,"key":"AttackPotion"},{"floor":16.0,"key":"Poison Potion"},{"floor":20.0,"key":"Swift Potion"},{"floor":25.0,"key":"Explosive Potion"},{"floor":27.0,"key":"FearPotion"},{"floor":35.0,"key":"FocusPotion"},{"floor":45.0,"key":"Dexterity Potion"}],"is_trial":false,"path_per_floor":["M","M","M","?","M","R","E","R","T","M","E","T","M","$","R","B",null,"M","T","M","?","M","E","R","E","T","M","E","R","$","$","R","B",null,"M","M","?","$","?","E","$","E","T","$","M","$","E","M"],"character_chosen":"DEFECT","items_purchased":["Loop+1","Gremlin Horn","Heatsinks+1","Blizzard","Glacier","Hologram"],"campfire_rested":0,"item_purchase_floors":[14,14,30,31,38,46],"current_hp_per_floor":[64,64,64,69,65,65,61,61,61,46,46,46,36,36,36,15,61,60,60,60,60,47,41,41,32,32,32,26,26,26,26,26,26,64,55,55,55,55,55,55,55,55,55,55,28,28,14,0],"gold":71,"neow_bonus":"BOSS_RELIC","is_prod":false,"is_daily":false,"chose_seed":false,"campfire_upgraded":6,"win_rate":0,"timestamp":1553165773,"path_taken":["M","M","M","?","M","R","E","R","T","M","E","?","M","$","R","BOSS","M","?","M","?","M","E","R","E","T","M","E","R","?","$","R","BOSS","M","M","?","$","?","E","?","E","T","?","M","$","E","M"],"build_version":"2019-01-23","purchased_purges":2,"victory":false,"max_hp_per_floor":[71,71,71,76,76,76,76,76,76,76,76,76,76,76,76,76,76,76,76,76,76,76,76,76,76,76,76,76,76,76,76,76,76,76,76,76,76,76,76,76,76,76,76,76,76,76,76,76],"card_choices":[{"not_picked":["Barrage","Darkness"],"picked":"Glacier","floor":1.0},{"not_picked":["Self Repair","Leap"],"picked":"Consume","floor":2.0},{"not_picked":["Undo","Double Energy"],"picked":"Doom and Gloom","floor":3.0},{"not_picked":["Stack","Cold Snap","Undo"],"picked":"SKIP","floor":5.0},{"not_picked":["Stack","Undo"],"picked":"Cold Snap","floor":5.0},{"not_picked":["Reinforced Body","Tempest"],"picked":"Multi-Cast","floor":7.0},{"not_picked":["Redo","Conserve Battery","Turbo"],"picked":"SKIP","floor":10.0},{"not_picked":["Sweeping Beam","Streamline"],"picked":"Coolheaded","floor":11.0},{"not_picked":["Aggregate","Beam Cell"],"picked":"Hologram","floor":13.0},{"not_picked":["Hyperbeam","Creative AI+1"],"picked":"Electrodynamics+1","floor":16.0},{"not_picked":["FTL","Ball Lightning"],"picked":"Go for the Eyes+1","floor":18.0},{"not_picked":["Barrage","Turbo"],"picked":"Skim","floor":20.0},{"not_picked":["Streamline","Beam Cell"],"picked":"Coolheaded","floor":22.0},{"not_picked":["Gash","Leap+1"],"picked":"Amplify","floor":23.0},{"not_picked":["Redo","Sweeping Beam"],"picked":"Fission","floor":25.0},{"not_picked":["Steam","Beam Cell","Ball Lightning"],"picked":"SKIP","floor":27.0},{"not_picked":["Storm+1","Lockon+1","Reprogram"],"picked":"SKIP","floor":28.0},{"not_picked":["Rainbow","All For One"],"picked":"Creative AI+1","floor":33.0},{"not_picked":["Cold Snap","Coolheaded","Ball Lightning"],"picked":"SKIP","floor":35.0},{"not_picked":["Go for the Eyes","Coolheaded","Compile Driver+1"],"picked":"SKIP","floor":36.0},{"not_picked":["Barrage+1","Cold Snap"],"picked":"Glacier","floor":40.0},{"not_picked":["Sunder","Static Discharge+1"],"picked":"Creative AI+1","floor":42.0},{"not_picked":["FTL","BootSequence","Streamline"],"picked":"SKIP","floor":45.0},{"not_picked":["Lockon","Barrage","Hello World+1"],"picked":"SKIP","floor":47}],"player_experience":2865127,"relics_obtained":[{"floor":7.0,"key":"MawBank"},{"floor":9.0,"key":"Oddly Smooth Stone"},{"floor":11.0,"key":"Juzu Bracelet"},{"floor":12.0,"key":"Frozen Egg 2"},{"floor":23.0,"key":"Centennial Puzzle"},{"floor":25.0,"key":"Anchor"},{"floor":28.0,"key":"Lantern"},{"floor":40.0,"key":"Du-Vu Doll"},{"floor":42.0,"key":"Vajra"},{"floor":47,"key":"Pantograph"}],"event_choices":[{"damage_healed":0.0,"max_hp_gain":5.0,"max_hp_loss":0.0,"gold_gain":0.0,"event_name":"Big Fish","player_choice":"Donut","floor":4.0,"gold_loss":0.0,"damage_taken":0.0},{"damage_healed":0.0,"max_hp_gain":0.0,"max_hp_loss":0.0,"gold_gain":0.0,"event_name":"The Mausoleum","player_choice":"Ignored","floor":21.0,"gold_loss":0.0,"damage_taken":0.0},{"cards_removed":["Strike_B"],"damage_healed":0.0,"max_hp_gain":0.0,"max_hp_loss":0.0,"gold_gain":0.0,"event_name":"Falling","player_choice":"Removed Attack","floor":37.0,"gold_loss":0.0,"damage_taken":0.0},{"damage_healed":0.0,"max_hp_gain":0.0,"max_hp_loss":0.0,"gold_gain":0.0,"event_name":"Tomb of Lord Red Mask","player_choice":"Paid","floor":39.0,"gold_loss":36.0,"damage_taken":0.0,"relics_obtained":["Red Mask"]}],"is_beta":false,"boss_relics":[{"not_picked":["Philosopher\u0027s Stone","Velvet Choker"],"picked":"Cursed Key"},{"not_picked":["Lizard Tail","Coffee Dripper"],"picked":"Inserter"}],"items_purged_floors":[14,31],"is_endless":false,"potions_floor_spawned":[1,3,5,16,20,25,27,35,36,40,45],"killed_by":"Maw","ascension_level":20}