{"gold_per_floor":[110,124,0,16,91,121,121,121,121,133,133,152,152,152,152,254,554,566,580,580],"floor_reached":20,"playtime":783,"items_purged":[],"score":235,"play_id":"9a9823b7-9f22-432b-a553-9fe172bf8ec1","local_time":"20180802194800","is_ascension_mode":true,"campfire_choices":[{"data":"Crippling Poison","floor":8,"key":"SMITH"},{"data":"PiercingWail","floor":11,"key":"SMITH"},{"data":"Neutralize","floor":13,"key":"SMITH"},{"data":"Poisoned Stab","floor":15,"key":"SMITH"}],"neow_cost":"NONE","seed_source_timestamp":500925150744781,"circlet_count":0,"master_deck":["Defend_G","Defend_G","Defend_G","Defend_G","Defend_G","Strike_G","Strike_G","Strike_G","Strike_G","Strike_G","Survivor","Neutralize+1","Cloak And Dagger","Poisoned Stab+1","Noxious Fumes+1","PiercingWail+1","Crippling Poison+1","Noxious Fumes+1","Escape Plan","Wraith Form v2+1","Normality","Regret","Decay","Dodge and Roll+1","Venomology"],"relics":["Ring of the Snake","Bag of Marbles","Pantograph","Frozen Egg 2","Centennial Puzzle","Calling Bell","Potion Belt","Shuriken","Old Coin"],"potions_floor_usage":[16,20],"damage_taken":[{"damage":1,"enemies":"Cultist","floor":1,"turns":3},{"damage":0,"enemies":"2 Louse","floor":2,"turns":2},{"damage":3,"enemies":"Small Slimes","floor":4,"turns":4},{"damage":19,"enemies":"Lagavulin","floor":6,"turns":7},{"damage":3,"enemies":"Looter","floor":10,"turns":4},{"damage":9,"enemies":"Red Slaver","floor":12,"turns":4},{"damage":4,"enemies":"Hexaghost","floor":16,"turns":8},{"damage":22,"enemies":"Chosen","floor":18,"turns":7},{"damage":21,"enemies":"3 Byrds","floor":19,"turns":4},{"damage":21,"floor":20,"turns":5}],"seed_played":"-4464349001417913521","potions_obtained":[{"floor":2,"key":"Strength Potion"},{"floor":10,"key":"SkillPotion"}],"is_trial":false,"path_per_floor":["M","M","$","M","?","E","?","R","T","M","R","M","R","?","R","B",null,"M","M"],"character_chosen":"THE_SILENT","items_purchased":["Noxious Fumes","PiercingWail"],"campfire_rested":0,"item_purchase_floors":[3,3],"current_hp_per_floor":[62,62,62,59,48,29,29,29,29,26,26,17,17,17,17,38,62,40,19,0],"gold":580,"neow_bonus":"RANDOM_COMMON_RELIC","is_prod":false,"is_daily":false,"chose_seed":false,"campfire_upgraded":4,"win_rate":0,"timestamp":1533232080,"path_taken":["M","M","$","M","?","E","?","R","T","M","R","?","R","?","R","BOSS","M","M","?"],"build_version":"2018-07-26","purchased_purges":0,"victory":false,"max_hp_per_floor":[70,70,70,70,70,70,70,70,70,70,70,70,70,70,70,70,70,70,70,70],"card_choices":[{"not_picked":["Dagger Spray","Distraction"],"picked":"Cloak And Dagger","floor":1},{"not_picked":["Dash","Eviscerate"],"picked":"Poisoned Stab","floor":2},{"not_picked":["Infinite Blades","Leg Sweep"],"picked":"Crippling Poison","floor":4},{"not_picked":["Endless Agony","Sucker Punch","Grand Finale"],"picked":"SKIP","floor":6},{"not_picked":["Bane","Deflect"],"picked":"Noxious Fumes+1","floor":10},{"not_picked":["Dodge and Roll","Leg Sweep"],"picked":"Escape Plan","floor":12},{"not_picked":["Grand Finale","After Image+1"],"picked":"Wraith Form v2+1","floor":16},{"not_picked":["Expertise","Flying Knee"],"picked":"Dodge and Roll+1","floor":18},{"not_picked":["Acrobatics","Poisoned Stab"],"picked":"Venomology","floor":19}],"player_experience":232374,"relics_obtained":[{"floor":6,"key":"Pantograph"},{"floor":9,"key":"Frozen Egg 2"},{"floor":17,"key":"Potion Belt"},{"floor":17,"key":"Shuriken"},{"floor":17,"key":"Old Coin"}],"event_choices":[{"event_name":"World of Goop","player_choice":"Gather Gold","floor":5,"damage_taken":0},{"event_name":"Accursed Blacksmith","player_choice":"Forge","floor":7,"damage_taken":0},{"event_name":"Dead Adventurer","player_choice":"Searched \u00271\u0027 times","floor":14,"damage_taken":0},{"event_name":"Masked Bandits","player_choice":"Fought over 580 gold","floor":20,"damage_taken":0}],"is_beta":false,"boss_relics":[{"not_picked":["Snecko Eye","Ectoplasm"],"picked":"Calling Bell"}],"items_purged_floors":[],"is_endless":false,"potions_floor_spawned":[2,10],"ascension_level":7}