{"gold_per_floor":[114,36,36,48,48,48,78,78,151,151,151,151,166,176,176,250,250,261,272,272,272,291,325,198,198,222,222,222,248,63,92,92,169,169,181,181,181,199,199,199,599,283,283,312,162,189,189,202,202,202,202,202,128,128,128],"floor_reached":56,"playtime":2289,"items_purged":["Strike_G","Decay","Slice","Cloak And Dagger+1"],"score":2290,"play_id":"8fe0d63a-695e-4104-9ea8-daabc9a5c645","local_time":"20190413213326","is_ascension_mode":true,"campfire_choices":[{"data":"Bouncing Flask","floor":6,"key":"SMITH"},{"data":"Catalyst","floor":8,"key":"SMITH"},{"data":"Envenom","floor":12,"key":"SMITH"},{"data":"Neutralize","floor":15,"key":"SMITH"},{"floor":25,"key":"REST"},{"data":"Wraith Form v2","floor":27,"key":"SMITH"},{"data":"Cloak And Dagger","floor":32,"key":"SMITH"},{"floor":40,"key":"REST"},{"data":"Night Terror","floor":47,"key":"SMITH"},{"floor":49,"key":"RECALL"},{"data":"Concentrate","floor":52,"key":"SMITH"}],"neow_cost":"TEN_PERCENT_HP_LOSS","seed_source_timestamp":0,"circlet_count":0,"master_deck":["AscendersBane","Defend_G+1","Defend_G","Defend_G+1","Survivor","Neutralize+1","Catalyst+1","Bouncing Flask+1","Blur","Doppelganger","Envenom+1","Wraith Form v2+1","Backflip","Noxious Fumes","Concentrate+1","PiercingWail","Backstab","Escape Plan","Night Terror+1"],"relics":["Ring of the Snake","Ornamental Fan","Shuriken","Runic Pyramid","Boot","Bronze Scales","Question Card","Unceasing Top","Velvet Choker","Old Coin","TwistedFunnel","Prayer Wheel","Molten Egg 2"],"potions_floor_usage":[14,23,23,31,33,38,44,54,55],"damage_taken":[{"damage":0,"enemies":"2 Louse","floor":1,"turns":3},{"damage":0,"enemies":"Cultist","floor":4,"turns":3},{"damage":21,"enemies":"Gremlin Nob","floor":7,"turns":4},{"damage":0,"enemies":"Jaw Worm","floor":13,"turns":5},{"damage":0,"enemies":"Lots of Slimes","floor":14,"turns":3},{"damage":6,"enemies":"Hexaghost","floor":16,"turns":7},{"damage":0,"enemies":"Shell Parasite","floor":18,"turns":3},{"damage":9,"enemies":"3 Byrds","floor":19,"turns":6},{"damage":0,"enemies":"Snake Plant","floor":22,"turns":4},{"damage":36,"enemies":"Gremlin Leader","floor":23,"turns":7},{"damage":5,"enemies":"Book of Stabbing","floor":29,"turns":5},{"damage":0,"enemies":"Gremlin Leader","floor":31,"turns":7},{"damage":2,"enemies":"Automaton","floor":33,"turns":9},{"damage":3,"enemies":"Orb Walker","floor":35,"turns":4},{"damage":32,"enemies":"3 Darklings","floor":38,"turns":8},{"damage":0,"enemies":"Mind Bloom Boss Battle","floor":41,"turns":6},{"damage":0,"enemies":"Nemesis","floor":44,"turns":5},{"damage":0,"enemies":"Giant Head","floor":46,"turns":4},{"damage":0,"enemies":"Jaw Worm Horde","floor":48,"turns":5},{"damage":0,"enemies":"Time Eater","floor":50,"turns":5},{"damage":0,"enemies":"Shield and Spear","floor":54,"turns":5},{"damage":7,"enemies":"The Heart","floor":55,"turns":6}],"seed_played":"-4576070618429677835","potions_obtained":[{"floor":1,"key":"Dexterity Potion"},{"floor":7,"key":"Explosive Potion"},{"floor":16,"key":"PowerPotion"},{"floor":18,"key":"Ancient Potion"},{"floor":23,"key":"Strength Potion"},{"floor":33,"key":"SneckoOil"},{"floor":35,"key":"Weak Potion"},{"floor":41,"key":"SmokeBomb"},{"floor":48,"key":"Weak Potion"}],"is_trial":false,"path_per_floor":["M","$","?","M","?","R","E","R","T","?","?","R","M","M","R","B",null,"M","M","?","?","M","E","$","R","T","R","?","E","$","E","R","B",null,"M","?","?","M","?","R","?","$","T","E","$","E","R","M","R","B",null,"R","$","E","B",null],"character_chosen":"THE_SILENT","items_purchased":["Bouncing Flask","PiercingWail","Escape Plan","Block Potion","TwistedFunnel","GhostInAJar"],"campfire_rested":2,"item_purchase_floors":[2,24,30,30,42,53],"current_hp_per_floor":[59,59,41,41,60,60,39,39,39,39,39,39,39,39,39,33,53,53,44,44,44,44,8,8,26,26,26,26,21,21,21,21,19,50,47,47,47,15,15,33,33,33,33,33,33,33,33,33,33,33,53,53,53,53,46],"gold":128,"neow_bonus":"REMOVE_TWO","is_prod":false,"is_daily":false,"chose_seed":true,"campfire_upgraded":8,"win_rate":0,"timestamp":1555162406,"path_taken":["M","$","?","M","?","R","E","R","T","?","?","R","M","M","R","BOSS","M","M","?","?","?","E","$","R","T","R","?","E","?","E","R","BOSS","M","?","?","M","?","R","?","$","T","E","$","E","R","?","R","BOSS","R","$","E","BOSS"],"build_version":"2019-01-23","purchased_purges":4,"victory":true,"max_hp_per_floor":[60,60,60,60,60,60,60,60,60,60,60,60,60,60,60,60,60,60,60,60,60,60,60,60,60,60,60,60,60,60,60,60,60,60,60,60,60,60,60,60,60,60,60,60,60,60,60,60,60,60,60,60,60,60,60],"card_choices":[{"not_picked":["Eviscerate","Well Laid Plans"],"picked":"Catalyst","floor":1},{"not_picked":["Sucker Punch","Flechettes","Outmaneuver"],"picked":"SKIP","floor":4},{"not_picked":["Poisoned Stab","Calculated Gamble"],"picked":"Blur","floor":7},{"not_picked":["Outmaneuver","Dodge and Roll","Flying Knee"],"picked":"SKIP","floor":13},{"not_picked":["Slice","Expertise","Sucker Punch"],"picked":"SKIP","floor":14},{"not_picked":["Phantasmal Killer","Night Terror"],"picked":"Wraith Form v2","floor":16},{"not_picked":["Dagger Throw","Flying Knee","Underhanded Strike"],"picked":"SKIP","floor":18},{"not_picked":["Dodge and Roll","Choke","Masterful Stab"],"picked":"SKIP","floor":19},{"not_picked":["All Out Attack","A Thousand Cuts"],"picked":"Noxious Fumes","floor":22},{"not_picked":["Tactician","Riddle With Holes"],"picked":"Concentrate","floor":23},{"not_picked":["Malaise","Poisoned Stab+1"],"picked":"Backstab","floor":29},{"not_picked":["Skewer","Bouncing Flask","Prepared"],"picked":"Cloak And Dagger","floor":31},{"not_picked":["Unload","Phantasmal Killer","Wraith Form v2"],"picked":"Night Terror","floor":33},{"not_picked":["Deadly Poison+1","Blade Dance","Footwork","Acrobatics"],"picked":"SKIP","floor":35},{"not_picked":["Caltrops","Eviscerate","Sucker Punch+1","Quick Slash+1"],"picked":"SKIP","floor":38},{"not_picked":["Dodge and Roll","Underhanded Strike","Dagger Throw","Leg Sweep+1"],"picked":"SKIP","floor":44},{"not_picked":["All Out Attack","Terror","Heel Hook","Poisoned Stab+1"],"picked":"SKIP","floor":46},{"not_picked":["Terror+1","Tactician+1","Slice+1","Acrobatics"],"picked":"SKIP","floor":48},{"not_picked":["Grand Finale+1","Masterful Stab+1","PiercingWail","Finisher+1"],"picked":"SKIP","floor":48}],"player_experience":2968181,"relics_obtained":[{"floor":7,"key":"Ornamental Fan"},{"floor":9,"key":"Shuriken"},{"floor":23,"key":"Boot"},{"floor":26,"key":"Bronze Scales"},{"floor":29,"key":"Question Card"},{"floor":31,"key":"Unceasing Top"},{"floor":41,"key":"Old Coin"},{"floor":44,"key":"Prayer Wheel"},{"floor":46,"key":"Molten Egg 2"}],"event_choices":[{"damage_healed":0,"gold_gain":0,"player_choice":"Entered Light","damage_taken":18,"max_hp_gain":0,"max_hp_loss":0,"event_name":"Shining Light","floor":3,"gold_loss":0,"cards_upgraded":["Defend_G","Defend_G"]},{"damage_healed":20,"gold_gain":0,"player_choice":"Banana","damage_taken":0,"max_hp_gain":0,"max_hp_loss":0,"event_name":"Big Fish","floor":5,"gold_loss":0},{"damage_healed":0,"gold_gain":0,"cards_transformed":["Strike_G"],"player_choice":"Change","damage_taken":0,"max_hp_gain":0,"max_hp_loss":0,"event_name":"Living Wall","floor":10,"gold_loss":0,"cards_obtained":["Doppelganger"]},{"damage_healed":0,"gold_gain":0,"player_choice":"2 cards matched","damage_taken":0,"max_hp_gain":0,"max_hp_loss":0,"event_name":"Match and Keep!","floor":11,"gold_loss":0,"cards_obtained":["Slice","Envenom"]},{"damage_healed":0,"gold_gain":0,"player_choice":"2 cards matched","damage_taken":0,"max_hp_gain":0,"max_hp_loss":0,"event_name":"Match and Keep!","floor":11,"gold_loss":0,"cards_obtained":["Slice","Envenom"]},{"cards_removed":["Strike_G"],"damage_healed":0,"gold_gain":0,"player_choice":"Elegance","damage_taken":0,"max_hp_gain":0,"max_hp_loss":0,"event_name":"Back to Basics","floor":20,"gold_loss":0},{"damage_healed":0,"gold_gain":0,"cards_transformed":["Strike_G"],"player_choice":"Transformed","damage_taken":0,"max_hp_gain":0,"max_hp_loss":0,"event_name":"Transmorgrifier","floor":21,"gold_loss":0,"cards_obtained":["Backflip"]},{"damage_healed":0,"gold_gain":0,"player_choice":"Smashed Altar","damage_taken":0,"max_hp_gain":0,"max_hp_loss":0,"event_name":"Forgotten Altar","floor":28,"gold_loss":0,"cards_obtained":["Decay"]},{"damage_healed":0,"gold_gain":0,"player_choice":"Ignored","damage_taken":0,"max_hp_gain":0,"max_hp_loss":0,"event_name":"Tomb of Lord Red Mask","floor":36,"gold_loss":0},{"cards_removed":["Defend_G"],"damage_healed":0,"gold_gain":0,"player_choice":"Removed Skill","damage_taken":0,"max_hp_gain":0,"max_hp_loss":0,"event_name":"Falling","floor":37,"gold_loss":0},{"damage_healed":0,"gold_gain":0,"player_choice":"Ignored","damage_taken":0,"max_hp_gain":0,"max_hp_loss":0,"event_name":"Mysterious Sphere","floor":39,"gold_loss":0},{"damage_healed":0,"gold_gain":0,"player_choice":"Fight","damage_taken":0,"max_hp_gain":0,"max_hp_loss":0,"event_name":"MindBloom","floor":41,"gold_loss":0}],"is_beta":false,"boss_relics":[{"not_picked":["Snecko Eye","Busted Crown"],"picked":"Runic Pyramid"},{"not_picked":["Pandora\u0027s Box","Tiny House"],"picked":"Velvet Choker"}],"items_purged_floors":[24,30,42,45],"is_endless":false,"potions_floor_spawned":[1,7,13,16,18,23,33,35,41,48],"ascension_level":15}