{"gold_per_floor":[13,24,43,54,69,69,85,97,124,152,152,152,164,179,179,278,278,288,303,29,43,43,43,57,57,57,57,68,8,107,107],"floor_reached":31,"playtime":2172,"items_purged":[],"score":243,"play_id":"d4a98dbd-7a78-43d1-bde0-9e2fd7b48634","local_time":"20190322220731","is_ascension_mode":false,"campfire_choices":[{"data":"Survivor","floor":6,"key":"SMITH"},{"floor":15,"key":"REST"},{"floor":23,"key":"REST"},{"floor":25,"key":"REST"},{"data":"Noxious Fumes","floor":27,"key":"SMITH"}],"neow_cost":"NO_GOLD","seed_source_timestamp":652410544355100,"circlet_count":0,"master_deck":["Defend_G","Defend_G","Defend_G","Defend_G","Defend_G","Strike_G","Strike_G","Survivor+1","Neutralize","Bouncing Flask","Deadly Poison","Backflip","Backflip","Parasite","Tactician+1","Noxious Fumes+1","Crippling Poison+1","Calculated Gamble","Footwork"],"relics":["Ring of the Snake","Bag of Preparation","Ninja Scroll","Regal Pillow","Orrery","Membership Card","Blue Candle"],"potions_floor_usage":[4,8,10,16,16,18,21,21,24,31],"damage_taken":[{"damage":0,"enemies":"Jaw Worm","floor":1,"turns":7},{"damage":0,"enemies":"Small Slimes","floor":2,"turns":6},{"damage":0,"enemies":"2 Louse","floor":3,"turns":4},{"damage":15,"enemies":"Lots of Slimes","floor":4,"turns":8},{"damage":9,"enemies":"Exordium Wildlife","floor":5,"turns":5},{"damage":1,"enemies":"2 Fungi Beasts","floor":7,"turns":3},{"damage":7,"enemies":"Exordium Thugs","floor":8,"turns":4},{"damage":7,"enemies":"Lagavulin","floor":10,"turns":7},{"damage":0,"enemies":"3 Louse","floor":13,"turns":4},{"damage":4,"enemies":"2 Fungi Beasts","floor":14,"turns":4},{"damage":4,"enemies":"Hexaghost","floor":16,"turns":9},{"damage":39,"enemies":"3 Byrds","floor":18,"turns":6},{"damage":5,"enemies":"Spheric Guardian","floor":19,"turns":5},{"damage":23,"enemies":"Snecko","floor":21,"turns":6},{"damage":23,"enemies":"Snake Plant","floor":24,"turns":6},{"damage":46,"enemies":"Cultist and Chosen","floor":28,"turns":8},{"damage":21,"enemies":"Gremlin Leader","floor":31,"turns":2}],"seed_played":"3764864578061695836","potions_obtained":[{"floor":1,"key":"Block Potion"},{"floor":2,"key":"GamblersBrew"},{"floor":4,"key":"Dexterity Potion"},{"floor":5,"key":"EssenceOfSteel"},{"floor":14,"key":"Regen Potion"},{"floor":16,"key":"Poison Potion"},{"floor":18,"key":"Energy Potion"},{"floor":19,"key":"Explosive Potion"},{"floor":21,"key":"Regen Potion"}],"is_trial":false,"path_per_floor":["M","M","M","M","M","R","M","M","T","E","?","?","M","M","R","B",null,"M","M","$","M","?","R","M","R","T","R","M","$","?","E"],"character_chosen":"THE_SILENT","items_purchased":["Noxious Fumes","Membership Card","Footwork","Strength Potion"],"campfire_rested":3,"item_purchase_floors":[20,20,29,29],"current_hp_per_floor":[70,70,70,55,46,46,45,38,38,31,6,23,23,19,55,66,70,31,26,26,3,3,39,31,67,67,67,21,21,21,0],"gold":107,"neow_bonus":"REMOVE_TWO","is_prod":false,"is_daily":false,"chose_seed":false,"campfire_upgraded":2,"win_rate":0.0,"timestamp":1553285251,"path_taken":["M","M","M","M","M","R","M","M","T","E","?","?","M","M","R","BOSS","M","M","$","M","?","R","M","R","T","R","?","$","?","E"],"build_version":"2019-01-23","purchased_purges":0,"victory":false,"max_hp_per_floor":[70,70,70,70,70,70,70,70,70,70,70,70,70,70,70,70,70,70,70,70,70,70,70,70,70,70,70,70,70,70,70],"card_choices":[{"not_picked":["Skewer","Outmaneuver","Poisoned Stab"],"picked":"SKIP","floor":1},{"not_picked":["Quick Slash","Slice","Blade Dance"],"picked":"SKIP","floor":2},{"not_picked":["Dagger Throw","Calculated Gamble"],"picked":"Bouncing Flask","floor":3},{"not_picked":["Prepared","PiercingWail"],"picked":"Deadly Poison","floor":4},{"not_picked":["Predator","Phantasmal Killer","Reflex"],"picked":"SKIP","floor":5},{"not_picked":["Terror","Prepared"],"picked":"Backflip","floor":7},{"not_picked":["Choke","Terror"],"picked":"Backflip","floor":8},{"not_picked":["Deadly Poison","Die Die Die","Quick Slash"],"picked":"SKIP","floor":10},{"not_picked":["Masterful Stab","Dagger Throw","Dodge and Roll"],"picked":"SKIP","floor":13},{"not_picked":["Dagger Spray","Blade Dance","Dagger Throw"],"picked":"SKIP","floor":14},{"not_picked":["Underhanded Strike","Calculated Gamble+1"],"picked":"Tactician+1","floor":18},{"not_picked":["Poisoned Stab","Outmaneuver","Prepared"],"picked":"SKIP","floor":19},{"not_picked":["Doppelganger","Distraction","Dagger Spray"],"picked":"SKIP","floor":21},{"not_picked":["Prepared","Deflect"],"picked":"Crippling Poison+1","floor":24},{"not_picked":["Poisoned Stab","Deadly Poison"],"picked":"Calculated Gamble","floor":28}],"player_experience":56330,"relics_obtained":[{"floor":9,"key":"Bag of Preparation"},{"floor":10,"key":"Ninja Scroll"},{"floor":26,"key":"Blue Candle"}],"event_choices":[{"damage_healed":0,"gold_gain":0,"player_choice":"Success","damage_taken":25,"relics_obtained":["Regal Pillow"],"max_hp_gain":0,"max_hp_loss":0,"event_name":"Scrap Ooze","floor":11,"gold_loss":0},{"damage_healed":17,"gold_gain":0,"player_choice":"Healed and dodged fight","damage_taken":0,"max_hp_gain":0,"max_hp_loss":0,"event_name":"Mushrooms","floor":12,"gold_loss":0,"cards_obtained":["Parasite"]},{"cards_removed":["Strike_G"],"damage_healed":0,"gold_gain":0,"player_choice":"Purged","damage_taken":0,"max_hp_gain":0,"max_hp_loss":0,"event_name":"Purifier","floor":22,"gold_loss":0},{"damage_healed":0,"gold_gain":99,"player_choice":"Stole From Cult","damage_taken":0,"max_hp_gain":0,"max_hp_loss":0,"event_name":"Nest","floor":30,"gold_loss":0}],"is_beta":false,"boss_relics":[{"not_picked":["Tiny House","Eternal Feather"],"picked":"Orrery"}],"items_purged_floors":[],"is_endless":false,"potions_floor_spawned":[1,2,4,5,14,16,18,19,21],"killed_by":"Gremlin Leader","ascension_level":0}