{"gold_per_floor":[362,381,396,21,33,63,14,45,117,117,97,97,158,233,233,310,310,325,200,220,233,30,62,62,87,111,139,151,161,177,207,207,286,286,300,316,1315,1315,893,918,933,962,1011,1011,1028,1028,75,86,86,86],"floor_reached":51,"playtime":3226,"items_purged":["Doubt","Strike_R","Strike_R","Normality","Normality"],"score":1606,"play_id":"98fed30d-9cb3-41aa-b678-645b2090a3a6","local_time":"20190416130255","is_ascension_mode":true,"campfire_choices":[{"data":"Bash","floor":10.0,"key":"SMITH"},{"data":"Clothesline","floor":12.0,"key":"SMITH"},{"data":"Disarm","floor":15.0,"key":"SMITH"},{"data":"Feel No Pain","floor":24.0,"key":"SMITH"},{"data":"Defend_R","floor":32,"key":"SMITH"},{"data":"Demon Form","floor":44,"key":"SMITH"},{"data":"Metallicize","floor":49,"key":"SMITH"}],"neow_cost":"CURSE","seed_source_timestamp":778245326865,"circlet_count":0,"master_deck":["AscendersBane","Strike_R","Strike_R","Strike_R","Defend_R","Defend_R","Defend_R","Defend_R+1","Iron Wave","Wild Strike","Disarm+1","Armaments+1","Clothesline+1","Anger","Shrug It Off+1","Intimidate+1","Exhume+1","Offering+1","Second Wind+1","True Grit+1","Feel No Pain+1","Impervious+1","Rage+1","Disarm+1","Second Wind+1","Armaments+1","Spot Weakness+1","Intimidate+1","Reaper","Flame Barrier+1","Warcry+1","Demon Form+1","Fiend Fire","Metallicize+1","True Grit+1","Shockwave+1","Finesse+1","Sadistic Nature","Burning Pact+1"],"special_seed":0,"relics":["Burning Blood","Toxic Egg 2","Peace Pipe","Dead Branch","Pantograph","Tiny Chest","Black Star","Dodecahedron","Mummified Hand","Singing Bowl","Bronze Scales","Bag of Marbles","Ornamental Fan","Thread and Needle","Vajra","Sundial","Philosopher\u0027s Stone","Bag of Preparation","Blood Vial","Anchor","Bird Faced Urn","Meat on the Bone","Oddly Smooth Stone","HandDrill","Omamori"],"potions_floor_usage":[25,30,31,33,42,50],"damage_taken":[{"damage":6.0,"enemies":"Cultist","floor":1.0,"turns":4.0},{"damage":6.0,"enemies":"2 Louse","floor":2.0,"turns":4.0},{"damage":5.0,"enemies":"Small Slimes","floor":3.0,"turns":3.0},{"damage":3.0,"enemies":"2 Fungi Beasts","floor":5.0,"turns":4.0},{"damage":23.0,"enemies":"Lagavulin","floor":6.0,"turns":9.0},{"damage":21.0,"enemies":"3 Sentries","floor":8.0,"turns":10.0},{"damage":14.0,"enemies":"Exordium Thugs","floor":11.0,"turns":4.0},{"damage":5.0,"enemies":"Lagavulin","floor":13.0,"turns":7.0},{"damage":7.0,"enemies":"Hexaghost","floor":16.0,"turns":11.0},{"damage":11.0,"enemies":"3 Byrds","floor":18.0,"turns":7.0},{"damage":6.0,"enemies":"Chosen","floor":20.0,"turns":6.0},{"damage":6.0,"enemies":"Centurion and Healer","floor":21.0,"turns":5.0},{"damage":11.0,"enemies":"Gremlin Leader","floor":23.0,"turns":10.0},{"damage":39,"enemies":"Slavers","floor":25,"turns":13},{"damage":1,"enemies":"Book of Stabbing","floor":27,"turns":7},{"damage":0,"enemies":"Snake Plant","floor":28,"turns":6},{"damage":1,"enemies":"Snecko","floor":29,"turns":9},{"damage":0,"enemies":"Chosen and Byrds","floor":30,"turns":8},{"damage":6,"enemies":"Gremlin Leader","floor":31,"turns":7},{"damage":25,"enemies":"Champ","floor":33,"turns":20},{"damage":7,"enemies":"3 Darklings","floor":35,"turns":6},{"damage":0,"enemies":"Orb Walker","floor":36,"turns":2},{"damage":25,"enemies":"Reptomancer","floor":40,"turns":10},{"damage":6,"enemies":"Spire Growth","floor":41,"turns":3},{"damage":6,"enemies":"Giant Head","floor":42,"turns":6},{"damage":31,"enemies":"Writhing Mass","floor":45,"turns":10},{"damage":6,"enemies":"Jaw Worm Horde","floor":48,"turns":4},{"damage":16,"enemies":"Time Eater","floor":50,"turns":11}],"seed_played":"4077180129426916666","potions_obtained":[{"floor":5.0,"key":"SmokeBomb"},{"floor":6.0,"key":"SteroidPotion"},{"floor":11.0,"key":"Energy Potion"},{"floor":20.0,"key":"Weak Potion"},{"floor":21.0,"key":"Energy Potion"},{"floor":28,"key":"EntropicBrew"},{"floor":29,"key":"BloodPotion"},{"floor":30,"key":"Swift Potion"},{"floor":42,"key":"Explosive Potion"},{"floor":48,"key":"Swift Potion"}],"is_trial":false,"path_per_floor":["M","M","M","$","M","E","$","E","T","R","M","R","E","?","R","B",null,"M","$","M","M","$","E","R","E","T","E","M","M","M","E","R","B",null,"M","M","?","?","$","E","M","E","T","R","M","?","$","M","R","B",null],"character_chosen":"IRONCLAD","items_purchased":["Toxic Egg 2","Armaments+1","Shrug It Off+1","True Grit+1","Impervious+1","Bag of Preparation","Flame Barrier+1","Warcry+1","Dexterity Potion","HandDrill","True Grit+1","Shockwave+1","Finesse+1","Sadistic Nature","Omamori"],"campfire_rested":0,"item_purchase_floors":[4,4,7,19,22,39,39,39,47,47,47,47,47,47,47],"current_hp_per_floor":[68,68,69,69,72,55,55,40,40,40,32,32,33,22,22,46,68,63,63,63,63,63,58,58,25,25,30,36,41,54,56,56,58,72,79,81,81,81,81,68,81,83,83,83,83,83,83,83,83,81],"gold":86,"neow_bonus":"TWO_FIFTY_GOLD","is_prod":false,"is_daily":false,"chose_seed":false,"campfire_upgraded":7,"win_rate":0,"timestamp":1555444975,"path_taken":["M","?","M","$","M","E","?","E","T","R","M","R","E","?","R","BOSS","M","$","M","M","$","E","R","E","T","E","M","M","M","E","R","BOSS","M","M","?","?","$","E","M","E","T","R","M","?","$","M","R","BOSS"],"build_version":"2019-01-23","purchased_purges":5,"victory":true,"max_hp_per_floor":[75,75,75,75,75,75,75,75,75,75,75,75,75,75,75,75,75,75,75,75,75,75,75,75,75,75,75,75,75,75,77,77,77,77,79,81,81,81,81,81,83,83,83,83,83,83,83,83,83,83],"card_choices":[{"not_picked":["Perfected Strike","Havoc"],"picked":"Iron Wave","floor":1.0},{"not_picked":["Body Slam","Clash"],"picked":"Wild Strike","floor":2.0},{"not_picked":["Entrench","Pommel Strike"],"picked":"Disarm","floor":3.0},{"not_picked":["Uppercut","Sword Boomerang"],"picked":"Clothesline","floor":5.0},{"not_picked":["Barricade","Dual Wield+1"],"picked":"Anger","floor":6.0},{"not_picked":["Reckless Charge","Body Slam","Sever Soul"],"picked":"SKIP","floor":8.0},{"not_picked":["Headbutt","Combust"],"picked":"Intimidate+1","floor":11.0},{"not_picked":["Body Slam","Battle Trance+1"],"picked":"Exhume+1","floor":13.0},{"not_picked":["Immolate","Berserk"],"picked":"Offering+1","floor":16.0},{"not_picked":["Thunderclap+1","Perfected Strike"],"picked":"Second Wind+1","floor":18.0},{"not_picked":["Inflame","Anger","Iron Wave"],"picked":"SKIP","floor":20.0},{"not_picked":["Burning Pact+1","Thunderclap"],"picked":"Feel No Pain","floor":21.0},{"not_picked":["Body Slam","Hemokinesis"],"picked":"Rage+1","floor":23.0},{"not_picked":["Body Slam","Offering+1"],"picked":"Disarm+1","floor":25},{"not_picked":["Heavy Blade","Rupture"],"picked":"Second Wind+1","floor":27},{"not_picked":["Flex+1","Perfected Strike"],"picked":"Armaments+1","floor":28},{"not_picked":["Seeing Red+1","Headbutt"],"picked":"Spot Weakness+1","floor":29},{"not_picked":["Body Slam","Clash"],"picked":"Intimidate+1","floor":30},{"not_picked":["Combust+1","Clash+1","Body Slam"],"picked":"Singing Bowl","floor":31},{"not_picked":["Barricade","Berserk"],"picked":"Reaper","floor":33},{"not_picked":["Infernal Blade+1","Perfected Strike+1","Sword Boomerang"],"picked":"Singing Bowl","floor":35},{"not_picked":["Wild Strike","Intimidate+1","Body Slam"],"picked":"Singing Bowl","floor":36},{"not_picked":["Iron Wave","Reckless Charge"],"picked":"Demon Form","floor":40},{"not_picked":["Blood for Blood+1","Heavy Blade","Anger"],"picked":"Singing Bowl","floor":41},{"not_picked":["Rage+1","Searing Blow"],"picked":"Fiend Fire","floor":42},{"not_picked":["Sword Boomerang","Iron Wave+1"],"picked":"Metallicize","floor":45},{"not_picked":["Warcry+1","Thunderclap+1"],"picked":"Burning Pact+1","floor":48}],"player_experience":2448457,"relics_obtained":[{"floor":6.0,"key":"Peace Pipe"},{"floor":8.0,"key":"Dead Branch"},{"floor":9.0,"key":"Pantograph"},{"floor":13.0,"key":"Tiny Chest"},{"floor":23.0,"key":"Dodecahedron"},{"floor":23.0,"key":"Mummified Hand"},{"floor":25,"key":"Singing Bowl"},{"floor":25,"key":"Bronze Scales"},{"floor":26,"key":"Bag of Marbles"},{"floor":27,"key":"Ornamental Fan"},{"floor":27,"key":"Thread and Needle"},{"floor":31,"key":"Vajra"},{"floor":31,"key":"Sundial"},{"floor":40,"key":"Blood Vial"},{"floor":40,"key":"Anchor"},{"floor":42,"key":"Bird Faced Urn"},{"floor":42,"key":"Meat on the Bone"},{"floor":43,"key":"Oddly Smooth Stone"}],"event_choices":[{"damage_healed":0.0,"max_hp_gain":0.0,"max_hp_loss":0.0,"gold_gain":75.0,"event_name":"World of Goop","player_choice":"Gather Gold","floor":14.0,"gold_loss":0.0,"damage_taken":11.0},{"damage_healed":0,"gold_gain":999,"player_choice":"Gold","damage_taken":0,"max_hp_gain":0,"max_hp_loss":0,"event_name":"MindBloom","floor":37,"gold_loss":0,"cards_obtained":["Normality","Normality"]},{"damage_healed":0,"gold_gain":0,"player_choice":"Ignored","damage_taken":0,"max_hp_gain":0,"max_hp_loss":0,"event_name":"Tomb of Lord Red Mask","floor":38,"gold_loss":0},{"cards_removed":["Bash"],"damage_healed":0,"gold_gain":0,"player_choice":"Removed Attack","damage_taken":0,"max_hp_gain":0,"max_hp_loss":0,"event_name":"Falling","floor":46,"gold_loss":0}],"is_beta":false,"boss_relics":[{"not_picked":["Tiny House","Astrolabe"],"picked":"Black Star"},{"not_picked":["Sozu","Mark of Pain"],"picked":"Philosopher\u0027s Stone"}],"items_purged_floors":[4,19,22,39,47],"is_endless":false,"potions_floor_spawned":[5,6,11,20,21,28,29,30,42,48],"ascension_level":15}