{"gold_per_floor":[110,35,35,48,59,59,72,72,72,72,104,114,146,146,146,247,247,267,285,285,285,305,305,405,405,405,436,44,44,76,76,76,177,177,195,205,225,175,188,222,297,323,323,340,340,375,395,422,422,422,422,422,166,195,195],"floor_reached":56,"playtime":3121,"items_purged":["Strike_G","Strike_G","Choke+1","Dagger Spray+1"],"score":1575,"play_id":"e6dc9dd8-4b88-4005-8a91-d16c9ce5e7ce","local_time":"20190326222928","is_ascension_mode":true,"campfire_choices":[{"data":"Dagger Spray","floor":6.0,"key":"SMITH"},{"data":"Choke","floor":8.0,"key":"SMITH"},{"data":"Tactician","floor":10.0,"key":"SMITH"},{"data":"Neutralize","floor":15.0,"key":"SMITH"},{"data":"Acrobatics","floor":23.0,"key":"SMITH"},{"data":"Prepared","floor":25.0,"key":"SMITH"},{"data":"Acrobatics","floor":29.0,"key":"SMITH"},{"data":"Purity","floor":32.0,"key":"SMITH"},{"floor":49.0,"key":"RECALL"},{"data":"Footwork","floor":52.0,"key":"SMITH"}],"neow_cost":"NONE","seed_source_timestamp":0,"circlet_count":0,"master_deck":["Defend_G","Defend_G","Defend_G","Defend_G","Defend_G","Survivor","Neutralize+1","Tactician+1","PiercingWail","Prepared+1","Acrobatics+1","Heel Hook+1","Grand Finale","Acrobatics+1","Escape Plan","Purity+1","Footwork+1","Backflip+1","Well Laid Plans+1"],"special_seed":0,"relics":["Ring of the Serpent","NeowsBlessing","Meat on the Bone","Smiling Mask","WingedGreaves","Darkstone Periapt","Ornamental Fan","Blue Candle","Gremlin Horn","Ancient Tea Set","Art of War","Empty Cage","Omamori","Blood Vial","Question Card","Toxic Egg 2","Mummified Hand","Cauldron","Lantern"],"potions_floor_usage":[55,55,55,55,55],"damage_taken":[{"damage":0.0,"enemies":"Cultist","floor":1.0,"turns":1.0},{"damage":0.0,"enemies":"2 Louse","floor":4.0,"turns":2.0},{"damage":0.0,"enemies":"Jaw Worm","floor":5.0,"turns":1.0},{"damage":3.0,"enemies":"3 Louse","floor":7.0,"turns":3.0},{"damage":31.0,"enemies":"Lagavulin","floor":11.0,"turns":7.0},{"damage":0.0,"enemies":"Lots of Slimes","floor":12.0,"turns":4.0},{"damage":13.0,"enemies":"3 Sentries","floor":13.0,"turns":8.0},{"damage":2.0,"enemies":"Slime Boss","floor":16.0,"turns":9.0},{"damage":5.0,"enemies":"Chosen","floor":18.0,"turns":6.0},{"damage":12.0,"enemies":"2 Thieves","floor":19.0,"turns":3.0},{"damage":9.0,"enemies":"Shelled Parasite and Fungi","floor":22.0,"turns":4.0},{"damage":1.0,"enemies":"Colosseum Slavers","floor":24.0,"turns":4.0},{"damage":10.0,"enemies":"Colosseum Nobs","floor":24.0,"turns":5.0},{"damage":20.0,"enemies":"Book of Stabbing","floor":27.0,"turns":7.0},{"damage":0.0,"enemies":"Gremlin Leader","floor":30.0,"turns":4.0},{"damage":0.0,"enemies":"Automaton","floor":33.0,"turns":3.0},{"damage":4.0,"enemies":"3 Darklings","floor":35.0,"turns":2.0},{"damage":0.0,"enemies":"3 Shapes","floor":36.0,"turns":2.0},{"damage":12.0,"enemies":"Transient","floor":37.0,"turns":5.0},{"damage":0.0,"enemies":"Spire Growth","floor":39.0,"turns":2.0},{"damage":0.0,"enemies":"Nemesis","floor":40.0,"turns":3.0},{"damage":0.0,"enemies":"Giant Head","floor":42.0,"turns":2.0},{"damage":0.0,"enemies":"Writhing Mass","floor":44.0,"turns":2.0},{"damage":0.0,"enemies":"Nemesis","floor":46.0,"turns":3.0},{"damage":0.0,"enemies":"4 Shapes","floor":47.0,"turns":3.0},{"damage":0.0,"enemies":"Reptomancer","floor":48.0,"turns":2.0},{"damage":16.0,"enemies":"Donu and Deca","floor":50.0,"turns":3.0},{"damage":0.0,"enemies":"Shield and Spear","floor":54.0,"turns":2.0},{"damage":8,"enemies":"The Heart","floor":55,"turns":5}],"seed_played":"-5466460721073291354","potions_obtained":[{"floor":1.0,"key":"SpeedPotion"},{"floor":4.0,"key":"SkillPotion"},{"floor":12.0,"key":"Regen Potion"},{"floor":16.0,"key":"Regen Potion"},{"floor":19.0,"key":"SkillPotion"},{"floor":22.0,"key":"FearPotion"},{"floor":30.0,"key":"Block Potion"},{"floor":35.0,"key":"FearPotion"},{"floor":36.0,"key":"Strength Potion"},{"floor":37.0,"key":"AttackPotion"},{"floor":53.0,"key":"EntropicBrew"},{"floor":53.0,"key":"AttackPotion"},{"floor":53.0,"key":"EssenceOfSteel"}],"is_trial":false,"path_per_floor":["M","$","?","M","M","R","M","R","T","R","E","M","E","?","R","B",null,"M","M","?","?","M","R","?","R","T","E","$","R","E","?","R","B",null,"M","M","M","$","M","E","?","E","T","M","?","E","M","E","R","B",null,"R","$","E","B",null],"character_chosen":"THE_SILENT","items_purchased":["Purity","Gremlin Horn","Cauldron"],"campfire_rested":0,"item_purchase_floors":[28,28,53],"current_hp_per_floor":[70,70,70,70,70,70,67,67,67,67,36,36,38,24,24,34,70,65,53,53,53,56,56,45,45,45,37,37,37,37,37,37,37,70,66,66,54,54,54,54,47,47,47,49,49,51,53,55,55,41,70,70,70,70,70],"gold":195,"neow_bonus":"THREE_ENEMY_KILL","is_prod":false,"is_daily":false,"chose_seed":false,"campfire_upgraded":9,"win_rate":0,"timestamp":1553610568,"path_taken":["M","$","?","M","?","R","M","R","T","R","E","M","E","?","R","BOSS","M","M","?","?","?","R","?","R","T","E","$","R","E","?","R","BOSS","M","?","M","$","M","E","?","E","T","?","?","E","M","E","R","BOSS","R","$","E","BOSS"],"build_version":"2019-03-15","purchased_purges":4,"victory":true,"max_hp_per_floor":[70,70,70,70,70,70,70,70,70,70,70,70,70,70,70,70,70,70,70,70,70,70,70,70,70,70,70,70,70,70,70,70,70,70,70,70,70,70,70,70,70,70,70,70,70,70,70,70,70,70,70,70,70,70,70],"card_choices":[{"not_picked":["Bane","Slice"],"picked":"Tactician","floor":1.0},{"not_picked":["Quick Slash","Deflect"],"picked":"Dagger Spray","floor":4.0},{"not_picked":["Quick Slash","Backstab"],"picked":"Choke","floor":5.0},{"not_picked":["Expertise","Predator","Outmaneuver"],"picked":"SKIP","floor":7.0},{"not_picked":["Dagger Spray","Deadly Poison"],"picked":"Prepared","floor":11.0},{"not_picked":["Bouncing Flask","Cloak And Dagger"],"picked":"Acrobatics","floor":12.0},{"not_picked":["Unload","Well Laid Plans"],"picked":"Heel Hook","floor":13.0},{"not_picked":["Storm of Steel","Die Die Die"],"picked":"Grand Finale","floor":16.0},{"not_picked":["Endless Agony+1","Deadly Poison"],"picked":"Acrobatics","floor":18.0},{"not_picked":["Dagger Throw","PiercingWail","Terror+1"],"picked":"SKIP","floor":19.0},{"not_picked":["Dodge and Roll","Backstab","Masterful Stab"],"picked":"SKIP","floor":22.0},{"not_picked":["Acrobatics","Dagger Spray+1","Underhanded Strike+1"],"picked":"SKIP","floor":27.0},{"not_picked":["Glass Knife","Underhanded Strike"],"picked":"Footwork","floor":30.0},{"not_picked":["Flying Knee","Footwork"],"picked":"Backflip+1","floor":35.0},{"not_picked":["Caltrops+1","Infinite Blades+1","PiercingWail"],"picked":"SKIP","floor":36.0},{"not_picked":["Finisher+1","Dagger Spray+1","Bane+1"],"picked":"SKIP","floor":37.0},{"not_picked":["Bane","Underhanded Strike+1","Deflect+1"],"picked":"SKIP","floor":39.0},{"not_picked":["PiercingWail+1","Underhanded Strike+1","Bane+1"],"picked":"SKIP","floor":40.0},{"not_picked":["Cloak And Dagger+1","Dash+1","Crippling Poison"],"picked":"SKIP","floor":42.0},{"not_picked":["Accuracy","Blade Dance+1","Noxious Fumes+1","Dagger Throw+1"],"picked":"SKIP","floor":44.0},{"not_picked":["Finisher+1","Cloak And Dagger","Deadly Poison+1","Dodge and Roll"],"picked":"SKIP","floor":46.0},{"not_picked":["Reflex+1","Outmaneuver+1","Riddle With Holes"],"picked":"Well Laid Plans+1","floor":47.0},{"not_picked":["Heel Hook+1","Bouncing Flask+1","Bane","Night Terror+1"],"picked":"SKIP","floor":48.0},{"not_picked":["Dagger Spray+1","Terror+1","Unload","Bane"],"picked":"SKIP","floor":54.0}],"player_experience":1299650,"relics_obtained":[{"floor":11.0,"key":"Meat on the Bone"},{"floor":13.0,"key":"Smiling Mask"},{"floor":24.0,"key":"WingedGreaves"},{"floor":24.0,"key":"Darkstone Periapt"},{"floor":26.0,"key":"Ornamental Fan"},{"floor":27.0,"key":"Blue Candle"},{"floor":30.0,"key":"Ancient Tea Set"},{"floor":40.0,"key":"Omamori"},{"floor":42.0,"key":"Blood Vial"},{"floor":43.0,"key":"Question Card"},{"floor":46.0,"key":"Toxic Egg 2"},{"floor":48.0,"key":"Mummified Hand"},{"floor":54.0,"key":"Lantern"}],"event_choices":[{"damage_healed":0.0,"max_hp_gain":0.0,"max_hp_loss":0.0,"gold_gain":0.0,"cards_transformed":["Strike_G"],"event_name":"Transmorgrifier","player_choice":"Transformed","floor":3.0,"gold_loss":0.0,"damage_taken":0.0,"cards_obtained":["PiercingWail"]},{"damage_healed":0.0,"max_hp_gain":0.0,"max_hp_loss":0.0,"gold_gain":0.0,"event_name":"Shining Light","player_choice":"Entered Light","floor":14.0,"gold_loss":0.0,"damage_taken":14.0,"cards_upgraded":["Strike_G","Heel Hook"]},{"damage_healed":0.0,"max_hp_gain":0.0,"max_hp_loss":0.0,"gold_gain":0.0,"event_name":"The Library","player_choice":"Read","floor":20.0,"gold_loss":0.0,"damage_taken":0.0,"cards_obtained":["Escape Plan"]},{"damage_healed":0.0,"max_hp_gain":0.0,"max_hp_loss":0.0,"gold_gain":0.0,"event_name":"Duplicator","player_choice":"Ignored","floor":21.0,"gold_loss":0.0,"damage_taken":0.0},{"damage_healed":0.0,"max_hp_gain":0.0,"max_hp_loss":0.0,"gold_gain":0.0,"event_name":"Colosseum","player_choice":"Fight","floor":24.0,"gold_loss":0.0,"damage_taken":0.0},{"damage_healed":0.0,"max_hp_gain":0.0,"max_hp_loss":0.0,"gold_gain":0.0,"event_name":"Colosseum","player_choice":"Fought Nobs","floor":24.0,"gold_loss":0.0,"damage_taken":0.0},{"damage_healed":0.0,"max_hp_gain":0.0,"max_hp_loss":0.0,"gold_gain":0.0,"event_name":"WeMeetAgain","player_choice":"Gave Potion","floor":31.0,"gold_loss":0.0,"damage_taken":0.0,"relics_obtained":["Art of War"]},{"damage_healed":0.0,"max_hp_gain":0.0,"max_hp_loss":0.0,"gold_gain":75.0,"event_name":"FaceTrader","player_choice":"Touch","floor":41.0,"gold_loss":0.0,"damage_taken":7.0},{"damage_healed":0.0,"max_hp_gain":0.0,"max_hp_loss":0.0,"gold_gain":0.0,"event_name":"Tomb of Lord Red Mask","player_choice":"Ignored","floor":45.0,"gold_loss":0.0,"damage_taken":0.0}],"is_beta":true,"boss_relics":[{"not_picked":["Orrery","Calling Bell"],"picked":"Ring of the Serpent"},{"not_picked":["WristBlade","Fusion Hammer"],"picked":"Empty Cage"}],"items_purged_floors":[2,28,38,53],"is_endless":false,"potions_floor_spawned":[1,4,12,16,19,22,24,30,35,36,37,44,46],"ascension_level":1}