{"gold_per_floor":[214,214,2,15,32,32,57,57,57,57,72,105,120,140,140,212,212,231,201,218,250,250,250,279,296,321,352,369,379,0,10,10,86,86,99,112,162,162,180,212,212,34,61,93,93,121,121,134,134,134,134,134,9,36,36],"floor_reached":56,"playtime":4522,"items_purged":["Pain","Strike_B","Strike_B"],"score":2268,"play_id":"19c0cb19-9e97-4531-aad3-ca5399bb3eeb","local_time":"20190303193023","is_ascension_mode":true,"campfire_choices":[{"data":"Melter","floor":6,"key":"SMITH"},{"floor":8,"key":"REST"},{"data":"Heatsinks","floor":10,"key":"SMITH"},{"data":"Loop","floor":15,"key":"SMITH"},{"floor":23,"key":"REST"},{"data":"Defragment","floor":32,"key":"SMITH"},{"floor":41,"key":"REST"},{"floor":45,"key":"RECALL"},{"data":"Buffer","floor":47,"key":"SMITH"},{"floor":49,"key":"REST"},{"data":"Echo Form","floor":52,"key":"SMITH"}],"neow_cost":"NONE","seed_source_timestamp":26287249706700,"circlet_count":0,"master_deck":["AscendersBane","Strike_B","Strike_B","Defend_B","Defend_B","Defend_B+1","Defend_B","Zap","Dualcast+1","Auto Shields","Heatsinks+1","Melter+1","Loop+1","Self Repair","Buffer+1","Leap+1","Ball Lightning","Coolheaded+1","Fission+1","Double Energy+1","Coolheaded+1","Stack+1","Reprogram+1","Genetic Algorithm+1","Darkness+1","Undo+1","Go for the Eyes+1","Double Energy+1","Skim+1","Conserve Battery+1","Hologram+1","Turbo+1","Skim+1","Defragment+1","Turbo+1","Coolheaded+1","Echo Form+1","Aggregate+1","Defragment+1","Stack+1","Steam Power+1","Rainbow+1","Undo+1","Redo+1","Glacier+1","Darkness+1"],"relics":["Cracked Core","WarpedTongs","Toxic Egg 2","Art of War","Dream Catcher","Orrery","Red Mask","Blood Vial","War Paint","PreservedInsect","Emotion Chip","ClockworkSouvenir","Philosopher\u0027s Stone","Girya","Potion Belt","Happy Flower","Pantograph","Pen Nib"],"potions_floor_usage":[16,27,33,37,39,55,55,55],"damage_taken":[{"damage":12,"enemies":"Small Slimes","floor":1,"turns":3},{"damage":0,"enemies":"Cultist","floor":4,"turns":3},{"damage":4,"enemies":"2 Louse","floor":5,"turns":3},{"damage":37,"enemies":"3 Sentries","floor":7,"turns":11},{"damage":5,"enemies":"Gremlin Gang","floor":11,"turns":7},{"damage":0,"enemies":"Lagavulin","floor":12,"turns":7},{"damage":4,"enemies":"Large Slime","floor":13,"turns":6},{"damage":6,"enemies":"3 Louse","floor":14,"turns":4},{"damage":12,"enemies":"The Guardian","floor":16,"turns":11},{"damage":0,"enemies":"Spheric Guardian","floor":18,"turns":2},{"damage":17,"enemies":"2 Thieves","floor":19,"turns":5},{"damage":13,"enemies":"Centurion and Healer","floor":20,"turns":7},{"damage":26,"enemies":"Masked Bandits","floor":21,"turns":7},{"damage":0,"enemies":"Book of Stabbing","floor":24,"turns":6},{"damage":18,"enemies":"Snake Plant","floor":25,"turns":5},{"damage":6,"enemies":"Slavers","floor":27,"turns":4},{"damage":0,"enemies":"Snecko","floor":28,"turns":8},{"damage":6,"enemies":"Shelled Parasite and Fungi","floor":29,"turns":4},{"damage":0,"enemies":"Cultist and Chosen","floor":31,"turns":5},{"damage":0,"enemies":"Automaton","floor":33,"turns":12},{"damage":0,"enemies":"Orb Walker","floor":35,"turns":4},{"damage":1,"enemies":"3 Darklings","floor":36,"turns":5},{"damage":24,"enemies":"2 Orb Walkers","floor":37,"turns":6},{"damage":49,"enemies":"Sphere and 2 Shapes","floor":39,"turns":7},{"damage":6,"enemies":"Nemesis","floor":40,"turns":7},{"damage":0,"enemies":"Giant Head","floor":44,"turns":6},{"damage":12,"enemies":"Reptomancer","floor":46,"turns":7},{"damage":45,"enemies":"Writhing Mass","floor":48,"turns":5},{"damage":6,"enemies":"Time Eater","floor":50,"turns":20},{"damage":14,"enemies":"Shield and Spear","floor":54,"turns":7},{"damage":29,"enemies":"The Heart","floor":55,"turns":13}],"seed_played":"8735475389410238933","potions_obtained":[{"floor":4,"key":"Ancient Potion"},{"floor":7,"key":"AttackPotion"},{"floor":16,"key":"Ancient Potion"},{"floor":24,"key":"FearPotion"},{"floor":28,"key":"Regen Potion"},{"floor":29,"key":"SkillPotion"},{"floor":36,"key":"PowerPotion"},{"floor":39,"key":"Weak Potion"},{"floor":40,"key":"FocusPotion"},{"floor":44,"key":"SpeedPotion"}],"is_trial":false,"path_per_floor":["M","?","$","M","M","R","E","R","T","R","M","E","M","M","R","B",null,"M","M","M","?","?","R","E","M","T","E","M","M","$","M","R","B",null,"M","M","?","?","M","E","R","$","T","E","R","E","R","M","R","B",null,"R","$","E","B",null],"character_chosen":"DEFECT","items_purchased":["Heatsinks","Melter","Defragment","ClockworkSouvenir","Turbo+1","PowerPotion","GamblersBrew"],"campfire_rested":4,"item_purchase_floors":[3,3,30,30,30,30,42],"current_hp_per_floor":[52,52,52,52,48,48,21,42,42,42,44,54,50,51,51,49,66,71,64,58,39,39,60,71,53,53,56,68,71,71,71,71,71,71,71,71,54,54,27,33,54,54,54,71,71,71,71,26,47,71,71,71,71,71,49],"gold":36,"neow_bonus":"HUNDRED_GOLD","is_prod":false,"is_daily":false,"chose_seed":false,"campfire_upgraded":6,"win_rate":0,"timestamp":1551612623,"path_taken":["M","?","$","M","?","R","E","R","T","R","M","E","M","M","R","BOSS","M","M","M","?","?","R","E","?","T","E","M","M","$","M","R","BOSS","M","M","?","?","?","E","R","$","T","E","R","E","R","?","R","BOSS","R","$","E","BOSS"],"build_version":"2019-01-23","purchased_purges":3,"victory":true,"max_hp_per_floor":[71,71,71,71,71,71,71,71,71,71,71,71,71,71,71,71,71,71,71,71,71,71,71,71,71,71,71,71,71,71,71,71,71,71,71,71,71,71,71,71,71,71,71,71,71,71,71,71,71,71,71,71,71,71,71],"card_choices":[{"not_picked":["Ball Lightning","Turbo"],"picked":"Auto Shields","floor":1},{"not_picked":["Aggregate","Go for the Eyes"],"picked":"Loop","floor":4},{"not_picked":["Conserve Battery","Storm"],"picked":"Self Repair","floor":5},{"not_picked":["Redo","Recycle"],"picked":"Buffer","floor":7},{"not_picked":["Streamline","Sweeping Beam","Lockon"],"picked":"SKIP","floor":11},{"not_picked":["Rebound","Redo+1"],"picked":"Leap+1","floor":12},{"not_picked":["Leap+1","Reboot+1"],"picked":"Ball Lightning","floor":13},{"not_picked":["Steam Power+1","Redo+1"],"picked":"Coolheaded+1","floor":14},{"not_picked":["Machine Learning","Meteor Strike"],"picked":"Fission+1","floor":16},{"not_picked":["Undo+1","Beam Cell"],"picked":"Double Energy+1","floor":17},{"not_picked":["Streamline","Storm"],"picked":"Coolheaded+1","floor":17},{"not_picked":["Cold Snap","Lockon"],"picked":"Stack+1","floor":17},{"not_picked":["Stack+1","Ball Lightning"],"picked":"Reprogram+1","floor":17},{"not_picked":["Rebound","Rip and Tear"],"picked":"Genetic Algorithm+1","floor":17},{"not_picked":["Storm","Hyperbeam"],"picked":"Darkness+1","floor":18},{"not_picked":["Streamline","Gash"],"picked":"Undo+1","floor":19},{"not_picked":["Streamline","Rebound"],"picked":"Go for the Eyes+1","floor":20},{"not_picked":["Beam Cell","Steam+1"],"picked":"Double Energy+1","floor":21},{"not_picked":["Chaos+1","Machine Learning"],"picked":"Skim+1","floor":23},{"not_picked":["Rebound","Cold Snap","Scrape"],"picked":"SKIP","floor":24},{"not_picked":["Gash","Leap+1"],"picked":"Conserve Battery+1","floor":25},{"not_picked":["Hyperbeam","Leap+1"],"picked":"Hologram+1","floor":27},{"not_picked":["Auto Shields+1","Stack+1"],"picked":"Turbo+1","floor":28},{"not_picked":["Steam+1","Streamline"],"picked":"Skim+1","floor":29},{"not_picked":["Compile Driver","Steam Power+1"],"picked":"Coolheaded+1","floor":31},{"not_picked":["Core Surge","Multi-Cast+1"],"picked":"Echo Form","floor":33},{"not_picked":["Turbo+1","Cold Snap"],"picked":"Aggregate+1","floor":35},{"not_picked":["Chill+1","Scrape+1"],"picked":"Defragment","floor":36},{"not_picked":["Cold Snap","Redo+1"],"picked":"Stack+1","floor":37},{"not_picked":["Conserve Battery+1","Ball Lightning"],"picked":"Steam Power+1","floor":39},{"not_picked":["Gash","Barrage"],"picked":"Rainbow+1","floor":40},{"not_picked":["Conserve Battery+1","Steam+1"],"picked":"Undo+1","floor":41},{"not_picked":["Go for the Eyes","Hyperbeam"],"picked":"Redo+1","floor":44},{"not_picked":["Rebound","Steam+1","Beam Cell+1"],"picked":"SKIP","floor":46},{"not_picked":["Rebound","Steam+1","Beam Cell+1"],"picked":"SKIP","floor":46},{"not_picked":["Beam Cell","Stack+1"],"picked":"Glacier+1","floor":48},{"not_picked":["Double Energy+1","Go for the Eyes"],"picked":"Darkness+1","floor":54}],"player_experience":2701555,"relics_obtained":[{"floor":7,"key":"Toxic Egg 2"},{"floor":9,"key":"Art of War"},{"floor":12,"key":"Dream Catcher"},{"floor":21,"key":"Red Mask"},{"floor":24,"key":"War Paint"},{"floor":26,"key":"PreservedInsect"},{"floor":27,"key":"Emotion Chip"},{"floor":37,"key":"Girya"},{"floor":40,"key":"Potion Belt"},{"floor":44,"key":"Happy Flower"},{"floor":46,"key":"Pantograph"},{"floor":54,"key":"Pen Nib"}],"event_choices":[{"damage_healed":0,"gold_gain":0,"player_choice":"Rummage","damage_taken":0,"relics_obtained":["WarpedTongs"],"max_hp_gain":0,"max_hp_loss":0,"event_name":"Accursed Blacksmith","floor":2,"gold_loss":0,"cards_obtained":["Pain"]},{"damage_healed":0,"gold_gain":0,"player_choice":"Fought Bandits","damage_taken":0,"max_hp_gain":0,"max_hp_loss":0,"event_name":"Masked Bandits","floor":21,"gold_loss":0},{"damage_healed":0,"gold_gain":0,"player_choice":"Gave Potion","damage_taken":0,"relics_obtained":["Blood Vial"],"max_hp_gain":0,"max_hp_loss":0,"event_name":"WeMeetAgain","floor":22,"gold_loss":0},{"damage_healed":0,"gold_gain":0,"player_choice":"Fight","damage_taken":0,"max_hp_gain":0,"max_hp_loss":0,"event_name":"Mysterious Sphere","floor":37,"gold_loss":0},{"damage_healed":0,"gold_gain":0,"player_choice":"Upgraded","damage_taken":0,"max_hp_gain":0,"max_hp_loss":0,"event_name":"Upgrade Shrine","floor":38,"gold_loss":0,"cards_upgraded":["Defragment"]}],"is_beta":false,"boss_relics":[{"not_picked":["Tiny House","Busted Crown"],"picked":"Orrery"},{"not_picked":["White Beast Statue","Empty Cage"],"picked":"Philosopher\u0027s Stone"}],"items_purged_floors":[3,42,53],"is_endless":false,"potions_floor_spawned":[4,7,14,16,24,25,28,29,31,36,39,40,44,46],"ascension_level":15}