{"gold_per_floor":[118,134,84,95,107,141,153,213,236,252,252,315,315,327,327,327],"floor_reached":16,"playtime":1750,"items_purged":[],"score":131,"play_id":"5633499e-45d2-4289-b84f-af27763ea84b","local_time":"20190317152555","is_ascension_mode":true,"campfire_choices":[{"floor":11,"key":"REST"},{"floor":15,"key":"REST"}],"neow_cost":"NONE","seed_source_timestamp":11555572611368,"circlet_count":0,"master_deck":["Defend_G","Defend_G","Defend_G","Defend_G+1","Defend_G","Strike_G","Strike_G","Strike_G","Strike_G","Survivor+1","Neutralize","Caltrops","Sucker Punch","Footwork","Noxious Fumes","Flying Knee","Slice","Prepared","PiercingWail","Poisoned Stab"],"relics":["White Beast Statue","Boot","Tiny Chest","War Paint","Happy Flower","Smiling Mask"],"potions_floor_usage":[5,6,6,8,10,12,12,12,16],"damage_taken":[{"damage":1,"enemies":"Small Slimes","floor":1,"turns":5},{"damage":4,"enemies":"2 Louse","floor":2,"turns":3},{"damage":2,"enemies":"Jaw Worm","floor":4,"turns":5},{"damage":1,"enemies":"3 Louse","floor":5,"turns":4},{"damage":19,"enemies":"Gremlin Nob","floor":6,"turns":5},{"damage":23,"enemies":"Lots of Slimes","floor":7,"turns":5},{"damage":14,"enemies":"3 Sentries","floor":8,"turns":7},{"damage":1,"enemies":"Blue Slaver","floor":10,"turns":4},{"damage":12,"enemies":"Lagavulin Event","floor":12,"turns":6},{"damage":7,"enemies":"Looter","floor":14,"turns":4},{"damage":35,"enemies":"Slime Boss","floor":16,"turns":3}],"seed_played":"4457450059897815404","potions_obtained":[{"floor":1,"key":"SkillPotion"},{"floor":2,"key":"Energy Potion"},{"floor":4,"key":"Fire Potion"},{"floor":5,"key":"AttackPotion"},{"floor":6,"key":"SpeedPotion"},{"floor":7,"key":"PowerPotion"},{"floor":8,"key":"PowerPotion"},{"floor":10,"key":"Weak Potion"},{"floor":12,"key":"Dexterity Potion"},{"floor":14,"key":"Poison Potion"}],"is_trial":false,"path_per_floor":["M","M","?","M","M","E","M","E","T","M","R","?","T","M","R","B"],"character_chosen":"THE_SILENT","items_purchased":[],"campfire_rested":2,"item_purchase_floors":[],"current_hp_per_floor":[69,65,65,63,62,43,20,6,6,5,26,14,14,7,28,0],"gold":327,"neow_bonus":"BOSS_RELIC","is_prod":false,"is_daily":false,"chose_seed":false,"campfire_upgraded":0,"win_rate":0,"timestamp":1552847155,"path_taken":["M","M","?","M","M","E","M","E","T","M","R","?","?","M","R","BOSS"],"build_version":"2019-01-23","purchased_purges":0,"victory":false,"max_hp_per_floor":[70,70,70,70,70,70,70,70,70,70,70,70,70,70,70,70],"card_choices":[{"not_picked":["Dodge and Roll","Catalyst"],"picked":"Caltrops","floor":1},{"not_picked":["Predator","Bane"],"picked":"Sucker Punch","floor":2},{"not_picked":["Predator","Slice"],"picked":"Footwork","floor":4},{"not_picked":["Slice","Crippling Poison"],"picked":"Noxious Fumes","floor":5},{"not_picked":["Masterful Stab","Deflect"],"picked":"Flying Knee","floor":6},{"not_picked":["Caltrops","Predator"],"picked":"Slice","floor":7},{"not_picked":["Burst","Sucker Punch"],"picked":"Prepared","floor":8},{"not_picked":["Footwork","Predator"],"picked":"PiercingWail","floor":10},{"not_picked":["All Out Attack","Terror"],"picked":"Poisoned Stab","floor":12},{"not_picked":["All Out Attack","Underhanded Strike","PiercingWail"],"picked":"SKIP","floor":14}],"player_experience":164240,"relics_obtained":[{"floor":6,"key":"Boot"},{"floor":8,"key":"Tiny Chest"},{"floor":9,"key":"War Paint"},{"floor":12,"key":"Happy Flower"},{"floor":13,"key":"Smiling Mask"}],"event_choices":[{"cards_removed":["Strike_G"],"damage_healed":0,"gold_gain":0,"player_choice":"Card Removal","damage_taken":0,"max_hp_gain":0,"max_hp_loss":0,"event_name":"The Cleric","floor":3,"gold_loss":50},{"damage_healed":0,"gold_gain":0,"player_choice":"Searched \u00272\u0027 times","damage_taken":0,"max_hp_gain":0,"max_hp_loss":0,"event_name":"Dead Adventurer","floor":12,"gold_loss":0}],"is_beta":false,"boss_relics":[],"items_purged_floors":[],"is_endless":false,"potions_floor_spawned":[1,2,4,5,6,7,8,10,12,14],"killed_by":"Slime Boss","ascension_level":3}