{"gold_per_floor":[113,132,132,132,148,178,178,195,195,42,71,84,84,44,44,117,117,133,133,133,133,115,115,140,152,152,152],"floor_reached":27,"playtime":899,"items_purged":["Strike_B"],"score":422,"play_id":"e50cd4ec-6043-4c95-86bb-99ba54bf2671","local_time":"20181212202255","is_ascension_mode":true,"campfire_choices":[{"data":"Ball Lightning","floor":7,"key":"SMITH"},{"data":"Capacitor","floor":13,"key":"SMITH"},{"data":"Self Repair","floor":15,"key":"SMITH"},{"data":"Go for the Eyes","floor":23,"key":"SMITH"}],"neow_cost":"NONE","seed_source_timestamp":36484858429026,"circlet_count":0,"master_deck":["AscendersBane","Strike_B","Strike_B","Strike_B","Defend_B","Defend_B","Defend_B","Defend_B","Zap+1","Dualcast+1","FTL","Ball Lightning+1","Conserve Battery","Doom and Gloom","Coolheaded","Capacitor+1","Compile Driver","Leap","Self Repair+1","Seek","Cold Snap","Sweeping Beam","Go for the Eyes+1","FTL","Loop"],"relics":["Cracked Core","DataDisk","Dodecahedron","Calipers","Black Star","Blue Candle","Gambling Chip","Gremlin Horn"],"potions_floor_usage":[6,18,22,24],"damage_taken":[{"damage":3,"enemies":"2 Louse","floor":1,"turns":2},{"damage":2,"enemies":"Jaw Worm","floor":2,"turns":3},{"damage":0,"enemies":"Cultist","floor":5,"turns":3},{"damage":10,"enemies":"Gremlin Nob","floor":6,"turns":3},{"damage":0,"enemies":"2 Fungi Beasts","floor":8,"turns":1},{"damage":20,"enemies":"3 Sentries","floor":11,"turns":5},{"damage":0,"enemies":"Large Slime","floor":12,"turns":3},{"damage":2,"enemies":"The Guardian","floor":16,"turns":9},{"damage":15,"enemies":"3 Byrds","floor":18,"turns":2},{"damage":14,"enemies":"2 Thieves","floor":22,"turns":4},{"damage":37,"enemies":"Book of Stabbing","floor":24,"turns":8},{"damage":8,"enemies":"Shelled Parasite and Fungi","floor":25,"turns":8},{"damage":36,"enemies":"Colosseum Slavers","floor":27,"turns":3}],"seed_played":"3406041976919107759","potions_obtained":[{"floor":2,"key":"Strength Potion"},{"floor":6,"key":"EssenceOfSteel"},{"floor":11,"key":"LiquidBronze"},{"floor":16,"key":"SkillPotion"},{"floor":18,"key":"Dexterity Potion"},{"floor":25,"key":"FearPotion"}],"is_trial":false,"path_per_floor":["M","M","?","?","M","E","R","M","T","$","E","M","R","$","R","B",null,"M","?","?","?","M","R","E","M","T","?"],"character_chosen":"DEFECT","items_purchased":["Capacitor","Self Repair"],"campfire_rested":0,"item_purchase_floors":[10,14],"current_hp_per_floor":[61,59,59,64,64,54,54,54,54,54,34,34,34,34,34,42,68,63,63,63,63,59,59,32,34,34,0],"gold":152,"neow_bonus":"UPGRADE_CARD","is_prod":false,"is_daily":false,"chose_seed":false,"campfire_upgraded":4,"win_rate":0,"timestamp":1544674975,"path_taken":["M","M","?","?","M","E","R","M","T","$","E","M","R","$","R","BOSS","M","?","?","?","?","R","E","M","T","?"],"build_version":"2018-12-06","purchased_purges":1,"victory":false,"max_hp_per_floor":[71,71,71,76,76,76,76,76,76,76,76,76,76,76,76,76,76,76,76,76,76,76,76,76,76,76,76],"card_choices":[{"not_picked":["Go for the Eyes","Steam"],"picked":"FTL","floor":1},{"not_picked":["Rip and Tear","Barrage"],"picked":"Ball Lightning","floor":2},{"not_picked":["Sunder","Sweeping Beam"],"picked":"Conserve Battery","floor":5},{"not_picked":["Sunder","Force Field"],"picked":"Doom and Gloom","floor":6},{"not_picked":["Leap","Gash"],"picked":"Coolheaded","floor":8},{"not_picked":["Barrage","Steam"],"picked":"Compile Driver","floor":11},{"not_picked":["Turbo","Skim"],"picked":"Leap","floor":12},{"not_picked":["Creative AI","Machine Learning"],"picked":"Seek","floor":16},{"not_picked":["Stack","Leap"],"picked":"Cold Snap","floor":18},{"not_picked":["Cold Snap","Gash"],"picked":"Go for the Eyes","floor":22},{"not_picked":["Coolheaded","Doom and Gloom"],"picked":"FTL","floor":24},{"not_picked":["Rebound","Steam"],"picked":"Loop","floor":25}],"player_experience":1784900,"relics_obtained":[{"floor":6,"key":"DataDisk"},{"floor":9,"key":"Dodecahedron"},{"floor":11,"key":"Calipers"},{"floor":24,"key":"Blue Candle"},{"floor":24,"key":"Gambling Chip"},{"floor":26,"key":"Gremlin Horn"}],"event_choices":[{"damage_healed":0,"gold_gain":0,"player_choice":"Grow","damage_taken":0,"max_hp_gain":0,"max_hp_loss":0,"event_name":"Living Wall","floor":3,"gold_loss":0,"cards_upgraded":["Dualcast"]},{"damage_healed":0,"gold_gain":0,"player_choice":"Donut","damage_taken":0,"max_hp_gain":5,"max_hp_loss":0,"event_name":"Big Fish","floor":4,"gold_loss":0},{"damage_healed":0,"gold_gain":0,"player_choice":"Read","damage_taken":0,"max_hp_gain":0,"max_hp_loss":0,"event_name":"The Library","floor":19,"gold_loss":0,"cards_obtained":["Sweeping Beam"]},{"damage_healed":0,"gold_gain":0,"player_choice":"Ignored","damage_taken":0,"max_hp_gain":0,"max_hp_loss":0,"event_name":"Vampires","floor":20,"gold_loss":0},{"damage_healed":0,"gold_gain":0,"player_choice":"Got Potions","damage_taken":0,"max_hp_gain":0,"max_hp_loss":0,"event_name":"Lab","floor":21,"gold_loss":0},{"damage_healed":0,"gold_gain":0,"player_choice":"Fight","damage_taken":0,"max_hp_gain":0,"max_hp_loss":0,"event_name":"Colosseum","floor":27,"gold_loss":0}],"is_beta":false,"boss_relics":[{"not_picked":["Lizard Tail","Empty Cage"],"picked":"Black Star"}],"items_purged_floors":[10],"is_endless":false,"potions_floor_spawned":[2,6,11,12,16,18,25],"killed_by":"Colosseum Slavers","ascension_level":15}