{"path_per_floor":["M","M","M","?","M","E","R","E","T","E","?","M","R","$","R","B",null,"M","M","M","M","M","E","R","M","T","R","M","E","R","M","R"],"character_chosen":"THE_SILENT","items_purchased":["Whetstone","Cloak And Dagger"],"gold_per_floor":[119,131,142,142,161,196,196,231,231,270,270,293,293,27,27,157,157,148,167,191,205,229,269,269,290,316,316,336,375,375,399,399,399],"floor_reached":33,"campfire_rested":3,"playtime":3237,"item_purchase_floors":[14,14],"current_hp_per_floor":[70,70,65,65,65,53,53,57,67,45,45,45,45,45,45,30,80,79,78,78,67,67,27,51,46,46,70,69,49,49,49,73,0],"items_purged":["Strike_G"],"gold":399,"score":311,"play_id":"46bffcab-cc11-4562-89c8-b6ccdd548d60","local_time":"20180608194459","is_prod":false,"is_daily":false,"chose_seed":false,"is_ascension_mode":false,"campfire_upgraded":4,"win_rate":0,"timestamp":1528512299,"campfire_choices":[{"data":"Predator","floor":7,"key":"SMITH"},{"data":"Cloak And Dagger","floor":13,"key":"SMITH"},{"data":"Cloak And Dagger","floor":15,"key":"SMITH"},{"floor":24,"key":"REST"},{"floor":27,"key":"REST"},{"data":"Glass Knife","floor":30,"key":"SMITH"},{"floor":32,"key":"REST"}],"path_taken":["M","M","?","?","M","E","R","E","T","E","?","M","R","$","R","BOSS","M","M","M","M","M","E","R","M","T","R","M","E","R","M","R","BOSS"],"build_version":"2018-06-07v3","seed_source_timestamp":43542027754808,"purchased_purges":1,"victory":false,"master_deck":["Defend_G","Defend_G","Defend_G","Defend_G","Defend_G","Strike_G","Strike_G","Strike_G+1","Survivor","Neutralize","Predator+1","Leg Sweep","Flying Knee","Slice","Injury","Dagger Throw+1","Deflect","Backflip","Backflip","Cloak And Dagger+1","Cloak And Dagger+1","Phantasmal Killer","Cloak And Dagger+1","Footwork","Backstab","Noxious Fumes+1","Dagger Throw+1","Crippling Poison+1","Glass Knife+1","PiercingWail+1"],"max_hp_per_floor":[70,70,70,70,70,70,70,70,80,80,80,80,80,80,80,80,80,80,80,80,80,80,80,80,80,80,80,80,80,80,80,80,80],"relics":["Ring of the Snake","Golden Idol","Omamori","Torii","Pear","Meat on the Bone","Whetstone","Snecko Eye","Ancient Tea Set","Bag of Preparation","Bottled Flame"],"card_choices":[{"not_picked":["Deadly Poison","Underhanded Strike"],"picked":"Leg Sweep","floor":1},{"not_picked":["Dagger Throw","Quick Slash"],"picked":"Flying Knee","floor":2},{"not_picked":["Choke","Bouncing Flask"],"picked":"Slice","floor":3},{"not_picked":["Dodge and Roll","Escape Plan"],"picked":"Dagger Throw","floor":5},{"not_picked":["Skewer","Corpse Explosion"],"picked":"Deflect","floor":6},{"not_picked":["Deadly Poison","Outmaneuver"],"picked":"Backflip","floor":8},{"not_picked":["Sucker Punch","Catalyst"],"picked":"Backflip","floor":10},{"not_picked":["Poisoned Stab","Well Laid Plans"],"picked":"Cloak And Dagger","floor":12},{"not_picked":["Venomology","Doppelganger"],"picked":"Phantasmal Killer","floor":16},{"not_picked":["Deadly Poison","Outmaneuver"],"picked":"Cloak And Dagger+1","floor":18},{"not_picked":["Cloak And Dagger+1","Outmaneuver","Concentrate"],"picked":"SKIP","floor":19},{"not_picked":["Dagger Spray","Backflip+1"],"picked":"Footwork","floor":20},{"not_picked":["Crippling Poison","Dagger Throw"],"picked":"Backstab","floor":21},{"not_picked":["Deadly Poison","Infinite Blades","Slice+1"],"picked":"SKIP","floor":22},{"not_picked":["Footwork","Dagger Spray"],"picked":"Noxious Fumes+1","floor":23},{"not_picked":["Terror","Dagger Spray"],"picked":"Dagger Throw+1","floor":25},{"not_picked":["A Thousand Cuts","PiercingWail"],"picked":"Crippling Poison+1","floor":28},{"not_picked":["Distraction+1","Quick Slash"],"picked":"Glass Knife","floor":29},{"not_picked":["Riddle With Holes","Noxious Fumes"],"picked":"PiercingWail+1","floor":31}],"player_experience":485361,"potions_floor_usage":[8,20,22,23,29],"damage_taken":[{"damage":0,"enemies":"Cultist","floor":1,"turns":3},{"damage":0,"enemies":"Small Slimes","floor":2,"turns":3},{"damage":5,"enemies":"Jaw Worm","floor":3,"turns":4},{"damage":0,"enemies":"2 Fungi Beasts","floor":5,"turns":3},{"damage":12,"enemies":"Gremlin Nob","floor":6,"turns":5},{"damage":11,"enemies":"Lagavulin","floor":8,"turns":9},{"damage":22,"enemies":"Gremlin Nob","floor":10,"turns":4},{"damage":0,"enemies":"3 Louse","floor":12,"turns":3},{"damage":27,"enemies":"The Guardian","floor":16,"turns":18},{"damage":1,"enemies":"2 Thieves","floor":18,"turns":4},{"damage":1,"enemies":"Shell Parasite","floor":19,"turns":2},{"damage":0,"enemies":"Centurion and Healer","floor":20,"turns":6},{"damage":11,"enemies":"Slaver and Parasite","floor":21,"turns":5},{"damage":0,"enemies":"Snake Plant","floor":22,"turns":4},{"damage":52,"enemies":"Slavers","floor":23,"turns":9},{"damage":17,"enemies":"Snecko","floor":25,"turns":7},{"damage":1,"enemies":"3 Cultists","floor":28,"turns":7},{"damage":32,"enemies":"Book of Stabbing","floor":29,"turns":9},{"damage":0,"enemies":"Centurion and Healer","floor":31,"turns":5},{"damage":82,"enemies":"Automaton","floor":33,"turns":14}],"relics_obtained":[{"floor":6,"key":"Omamori"},{"floor":8,"key":"Torii"},{"floor":9,"key":"Pear"},{"floor":10,"key":"Meat on the Bone"},{"floor":23,"key":"Ancient Tea Set"},{"floor":26,"key":"Bag of Preparation"},{"floor":29,"key":"Bottled Flame"}],"event_choices":[{"event_name":"Golden Idol","player_choice":"Take Wound","floor":4,"damage_taken":0},{"event_name":"Liars Game","player_choice":"disagreed","floor":11,"damage_taken":0}],"boss_relics":[{"not_picked":["Black Star","Sozu"],"picked":"Snecko Eye"}],"items_purged_floors":[14],"potions_floor_spawned":[1,5,16,19,20,23,29],"seed_played":"-1783479711559826549","killed_by":"Automaton","ascension_level":0,"potions_obtained":[{"floor":1,"key":"Ancient Potion"},{"floor":5,"key":"Regen Potion"},{"floor":16,"key":"SpeedPotion"},{"floor":19,"key":"Fire Potion"},{"floor":20,"key":"Block Potion"},{"floor":23,"key":"Energy Potion"},{"floor":29,"key":"Dexterity Potion"}],"is_trial":false}