{"gold_per_floor":[113,91,101,101,118,118,118,136,136,136,156,156,156,86,86,189,239,251,263,263,277,289,289,305,305,305,38,38,38,55,70,70,70],"floor_reached":33,"playtime":2668,"items_purged":[],"score":287,"play_id":"6e8d71ff-7430-4b11-9b9a-1a7066bf197e","local_time":"20190416231132","is_ascension_mode":true,"campfire_choices":[{"data":"Prepared","floor":6.0,"key":"SMITH"},{"data":"Cloak And Dagger","floor":10.0,"key":"SMITH"},{"data":"Cloak And Dagger","floor":13.0,"key":"SMITH"},{"floor":15.0,"key":"REST"},{"floor":23.0,"key":"REST"},{"floor":25.0,"key":"REST"},{"floor":28.0,"key":"REST"},{"floor":32.0,"key":"REST"}],"neow_cost":"NONE","seed_source_timestamp":40722337036264,"circlet_count":0,"master_deck":["Defend_G","Defend_G+1","Defend_G","Defend_G","Strike_G","Strike_G","Strike_G","Strike_G","Strike_G","Survivor","Neutralize","Dagger Throw","Prepared+1","Distraction+1","Cloak And Dagger","Cloak And Dagger+1","Cloak And Dagger+1","Accuracy","Storm of Steel","PiercingWail+1","Leg Sweep","Accuracy","Dash","Choke+1","Blade Dance+1","Infinite Blades","Writhe","Dagger Spray+1"],"special_seed":0,"relics":["Ring of the Snake","NeowsBlessing","CultistMask","Thread and Needle","Tiny House","Juzu Bracelet","ClockworkSouvenir","Ice Cream"],"potions_floor_usage":[33,33],"damage_taken":[{"damage":0.0,"enemies":"Cultist","floor":1.0,"turns":1.0},{"damage":0.0,"enemies":"Small Slimes","floor":3.0,"turns":1.0},{"damage":0.0,"enemies":"2 Louse","floor":5.0,"turns":1.0},{"damage":9.0,"enemies":"Lots of Slimes","floor":8.0,"turns":4.0},{"damage":0.0,"enemies":"Looter","floor":11.0,"turns":3.0},{"damage":56.0,"enemies":"The Guardian","floor":16.0,"turns":21.0},{"damage":0.0,"enemies":"Chosen","floor":18.0,"turns":4.0},{"damage":13.0,"enemies":"Spheric Guardian","floor":19.0,"turns":5.0},{"damage":17.0,"enemies":"Centurion and Healer","floor":21.0,"turns":11.0},{"damage":39.0,"enemies":"Sentry and Sphere","floor":22.0,"turns":8.0},{"damage":23.0,"enemies":"Snecko","floor":24.0,"turns":6.0},{"damage":14.0,"enemies":"3 Cultists","floor":30.0,"turns":5.0},{"damage":0.0,"enemies":"Centurion and Healer","floor":31.0,"turns":4.0},{"damage":56,"enemies":"Collector","floor":33,"turns":11}],"seed_played":"-5421461871876284824","potions_obtained":[{"floor":3.0,"key":"Strength Potion"},{"floor":8.0,"key":"GamblersBrew"},{"floor":17.0,"key":"SteroidPotion"},{"floor":19.0,"key":"Block Potion"},{"floor":21.0,"key":"GhostInAJar"},{"floor":22.0,"key":"Weak Potion"},{"floor":31.0,"key":"Fruit Juice"}],"is_trial":false,"path_per_floor":["M","$","M","?","M","R","?","M","T","R","M","?","R","$","R","B",null,"M","M","?","M","M","R","M","R","T","$","R","?","M","M","R","B"],"character_chosen":"THE_SILENT","items_purchased":["Prepared","Accuracy","Infinite Blades","ClockworkSouvenir"],"campfire_rested":5,"item_purchase_floors":[2,14,27,27],"current_hp_per_floor":[70,70,70,70,70,70,70,61,61,61,61,61,61,61,70,14,75,75,62,62,45,6,28,5,27,27,27,49,49,35,35,57,6],"gold":70,"neow_bonus":"THREE_ENEMY_KILL","is_prod":false,"is_daily":false,"chose_seed":false,"campfire_upgraded":3,"win_rate":0,"timestamp":1555452692,"path_taken":["M","$","M","?","?","R","?","M","T","R","?","?","R","$","R","BOSS","M","M","?","M","M","R","?","R","T","$","R","?","M","M","R","BOSS"],"build_version":"2019-01-23","purchased_purges":0,"victory":false,"max_hp_per_floor":[70,70,70,70,70,70,70,70,70,70,70,70,70,70,70,70,75,75,75,75,75,75,75,75,75,75,75,75,75,75,75,75,80],"card_choices":[{"not_picked":["Bane","Underhanded Strike"],"picked":"Dagger Throw","floor":1.0},{"not_picked":["Outmaneuver","Quick Slash"],"picked":"Distraction","floor":3.0},{"not_picked":["Underhanded Strike","Deflect"],"picked":"Cloak And Dagger","floor":5.0},{"not_picked":["Underhanded Strike","Blade Dance"],"picked":"Cloak And Dagger","floor":8.0},{"not_picked":["Venomology","Dagger Throw"],"picked":"Cloak And Dagger","floor":11.0},{"not_picked":["Glass Knife","After Image"],"picked":"Storm of Steel","floor":16.0},{"not_picked":["Flying Knee","Deadly Poison"],"picked":"PiercingWail+1","floor":18.0},{"not_picked":["Deflect","Prepared"],"picked":"Leg Sweep","floor":19.0},{"not_picked":["Cloak And Dagger","Backstab"],"picked":"Dash","floor":21.0},{"not_picked":["Quick Slash","All Out Attack"],"picked":"Choke+1","floor":22.0},{"not_picked":["PiercingWail+1","Prepared"],"picked":"Blade Dance+1","floor":24.0},{"not_picked":["Deadly Poison","Catalyst+1","Dagger Spray"],"picked":"SKIP","floor":30.0},{"not_picked":["Poisoned Stab+1","Slice+1"],"picked":"Dagger Spray+1","floor":31.0}],"player_experience":662517,"relics_obtained":[{"floor":9.0,"key":"Thread and Needle"},{"floor":26.0,"key":"Juzu Bracelet"}],"event_choices":[{"damage_healed":0.0,"max_hp_gain":0.0,"max_hp_loss":0.0,"gold_gain":0.0,"event_name":"FaceTrader","player_choice":"Trade","floor":4.0,"gold_loss":0.0,"damage_taken":0.0,"relics_obtained":["CultistMask"]},{"damage_healed":0.0,"max_hp_gain":0.0,"max_hp_loss":0.0,"gold_gain":0.0,"event_name":"Upgrade Shrine","player_choice":"Upgraded","floor":7.0,"gold_loss":0.0,"damage_taken":0.0,"cards_upgraded":["Distraction"]},{"cards_removed":["Defend_G"],"damage_healed":0.0,"max_hp_gain":0.0,"max_hp_loss":0.0,"gold_gain":0.0,"event_name":"Bonfire Elementals","player_choice":"Offered Basic","floor":12.0,"gold_loss":0.0,"damage_taken":0.0},{"damage_healed":0.0,"max_hp_gain":0.0,"max_hp_loss":0.0,"gold_gain":0.0,"event_name":"Duplicator","player_choice":"Copied","floor":20.0,"gold_loss":0.0,"damage_taken":0.0,"cards_obtained":["Accuracy"]},{"damage_healed":0.0,"max_hp_gain":0.0,"max_hp_loss":0.0,"gold_gain":0.0,"event_name":"The Mausoleum","player_choice":"Opened","floor":29.0,"gold_loss":0.0,"damage_taken":0.0,"relics_obtained":["Ice Cream"],"cards_obtained":["Writhe"]}],"is_beta":false,"boss_relics":[{"not_picked":["White Beast Statue","Runic Pyramid"],"picked":"Tiny House"}],"items_purged_floors":[],"is_endless":false,"potions_floor_spawned":[3,8,19,21,22,31],"killed_by":"Collector","ascension_level":4}