{"gold_per_floor":[12,12,27,43,61,61,92,92,92,104,104,133,144,156,156,258,258,268,279,27,45,45,45],"floor_reached":23,"playtime":1817,"items_purged":["Writhe"],"score":215,"play_id":"7340fea8-d048-4197-b55d-5d2ef8bb2ea1","local_time":"20190106223241","is_ascension_mode":true,"campfire_choices":[{"floor":6,"key":"REST"},{"floor":8,"key":"REST"},{"floor":15,"key":"REST"}],"neow_cost":"NO_GOLD","seed_source_timestamp":36737970122304,"circlet_count":0,"master_deck":["Strike_B","Strike_B","Strike_B","Strike_B","Defend_B","Defend_B","Defend_B","Defend_B","Zap","Dualcast","Bandage Up","Secret Technique","Conserve Battery","Chaos","Cold Snap","Genetic Algorithm","Ball Lightning","Ball Lightning","Electrodynamics","Cold Snap","Conserve Battery","Creative AI","Shame","Injury","Streamline","Hologram","Panache","Echo Form"],"relics":["Cracked Core","WarpedTongs","Pear","Sundial","Odd Mushroom","Calling Bell","Bronze Scales","Letter Opener","Ginger"],"potions_floor_usage":[16,18,21],"damage_taken":[{"damage":18,"enemies":"Jaw Worm","floor":1,"turns":4},{"damage":3,"enemies":"Cultist","floor":3,"turns":4},{"damage":4,"enemies":"2 Louse","floor":4,"turns":3},{"damage":22,"enemies":"Large Slime","floor":5,"turns":12},{"damage":44,"enemies":"Gremlin Nob","floor":7,"turns":6},{"damage":5,"enemies":"Blue Slaver","floor":10,"turns":3},{"damage":22,"enemies":"The Mushroom Lair","floor":12,"turns":4},{"damage":8,"enemies":"Lots of Slimes","floor":13,"turns":3},{"damage":7,"enemies":"Looter","floor":14,"turns":2},{"damage":27,"enemies":"Slime Boss","floor":16,"turns":8},{"damage":25,"enemies":"2 Thieves","floor":18,"turns":4},{"damage":25,"enemies":"Shell Parasite","floor":19,"turns":6},{"damage":33,"enemies":"Centurion and Healer","floor":21,"turns":6},{"damage":34,"enemies":"Slavers","floor":23,"turns":3}],"seed_played":"868146631482130767","potions_obtained":[{"floor":3,"key":"Swift Potion"},{"floor":7,"key":"Poison Potion"},{"floor":10,"key":"SneckoOil"},{"floor":12,"key":"Regen Potion"},{"floor":13,"key":"EssenceOfSteel"},{"floor":16,"key":"Regen Potion"},{"floor":18,"key":"GamblersBrew"},{"floor":21,"key":"FairyPotion"}],"is_trial":false,"path_per_floor":["M","?","M","M","M","R","E","R","T","M","?","?","M","M","R","B",null,"M","M","$","M","?","E"],"character_chosen":"DEFECT","items_purchased":["Panache"],"campfire_rested":3,"item_purchase_floors":[20],"current_hp_per_floor":[61,61,62,64,46,68,34,59,59,58,51,33,29,22,47,39,85,60,39,39,26,26,0],"gold":45,"neow_bonus":"RANDOM_COLORLESS_2","is_prod":false,"is_daily":false,"chose_seed":false,"campfire_upgraded":0,"win_rate":0,"timestamp":1546813961,"path_taken":["M","?","M","M","?","R","E","R","T","?","?","?","M","M","R","BOSS","M","M","$","M","?","E"],"build_version":"2019-01-03v4","purchased_purges":1,"victory":false,"max_hp_per_floor":[75,75,75,75,75,75,85,85,85,85,85,85,85,85,85,85,85,85,85,85,85,85,85],"card_choices":[{"not_picked":["Redo","Tempest"],"picked":"Conserve Battery","floor":1},{"not_picked":["Recycle","Beam Cell"],"picked":"Chaos","floor":3},{"not_picked":["Double Energy","Force Field"],"picked":"Cold Snap","floor":4},{"not_picked":["Sweeping Beam","Scrape"],"picked":"Genetic Algorithm","floor":5},{"not_picked":["Redo","Fusion"],"picked":"Ball Lightning","floor":7},{"not_picked":["Redo","Consume"],"picked":"Ball Lightning","floor":10},{"not_picked":["Compile Driver","Reinforced Body"],"picked":"Electrodynamics","floor":12},{"not_picked":["Fusion","Compile Driver"],"picked":"Cold Snap","floor":13},{"not_picked":["Go for the Eyes","Rebound"],"picked":"Conserve Battery","floor":14},{"not_picked":["Multi-Cast","Amplify"],"picked":"Creative AI","floor":16},{"not_picked":["Scrape+1","Beam Cell"],"picked":"Streamline","floor":18},{"not_picked":["Rebound","Streamline"],"picked":"Hologram","floor":19},{"not_picked":["Leap","Redo"],"picked":"Echo Form","floor":21}],"player_experience":366181,"relics_obtained":[{"floor":7,"key":"Pear"},{"floor":9,"key":"Sundial"},{"floor":12,"key":"Odd Mushroom"},{"floor":17,"key":"Bronze Scales"},{"floor":17,"key":"Letter Opener"},{"floor":17,"key":"Ginger"}],"event_choices":[{"damage_healed":0,"gold_gain":0,"player_choice":"Rummage","damage_taken":0,"relics_obtained":["WarpedTongs"],"max_hp_gain":0,"max_hp_loss":0,"event_name":"Accursed Blacksmith","floor":2,"gold_loss":0,"cards_obtained":["Pain"]},{"cards_removed":["Pain"],"damage_healed":0,"gold_gain":0,"player_choice":"Card Removal","damage_taken":7,"max_hp_gain":0,"max_hp_loss":0,"event_name":"Golden Wing","floor":11,"gold_loss":0},{"damage_healed":0,"gold_gain":0,"player_choice":"Fought Mushrooms","damage_taken":0,"max_hp_gain":0,"max_hp_loss":0,"event_name":"Mushrooms","floor":12,"gold_loss":0},{"damage_healed":0,"gold_gain":0,"player_choice":"Ignored","damage_taken":0,"max_hp_gain":0,"max_hp_loss":0,"event_name":"Ghosts","floor":22,"gold_loss":0}],"is_beta":false,"boss_relics":[{"not_picked":["Black Star","Busted Crown"],"picked":"Calling Bell"}],"items_purged_floors":[20],"is_endless":false,"potions_floor_spawned":[3,7,10,12,13,16,18,21],"killed_by":"Slavers","ascension_level":2}