{"gold_per_floor":[116,135,135,155,155,155,16,54,54,90,109,109,123,156,156,245,245,263,277,202,252,252,288,288,329,329,329,352,352,366,382,382,472,472,487,505,505,520,520,520,551,566,643,124,163,163,30,49,49,49],"floor_reached":51,"playtime":1825,"items_purged":["Strike_R"],"score":1458,"play_id":"444d0c6a-4f40-46ca-9380-431fba53d7c7","local_time":"20190223134113","is_ascension_mode":true,"campfire_choices":[{"data":"Iron Wave","floor":6,"key":"SMITH"},{"data":"Inflame","floor":12,"key":"SMITH"},{"data":"Spot Weakness","floor":15,"key":"SMITH"},{"data":"Limit Break","floor":24,"key":"SMITH"},{"data":"Impervious","floor":27,"key":"SMITH"},{"data":"Shrug It Off","floor":29,"key":"SMITH"},{"data":"Shrug It Off","floor":32,"key":"SMITH"},{"data":"Pommel Strike","floor":40,"key":"SMITH"},{"data":"Defend_R","floor":49,"key":"SMITH"}],"neow_cost":"PERCENT_DAMAGE","seed_source_timestamp":5138713668038,"circlet_count":0,"master_deck":["AscendersBane","Strike_R","Strike_R+1","Strike_R+1","Defend_R","Defend_R","Defend_R","Defend_R+1","Bash+1","Impervious+1","Iron Wave+1","Twin Strike","Inflame+1","Shrug It Off+1","Anger","Headbutt","Shrug It Off+1","Spot Weakness+1","Limit Break+1","Battle Trance","Uppercut+1","Twin Strike+1","Shrug It Off+1","Sword Boomerang+1","Thunderclap+1","Fiend Fire+1","Pummel+1","Battle Trance+1","Thinking Ahead+1","Iron Wave+1","Reaper+1","Heavy Blade+1","Shrug It Off+1"],"relics":["Burning Blood","Golden Idol","Bottled Tornado","Sundial","Whetstone","Molten Egg 2","Sozu","MutagenicStrength","Frozen Egg 2","Toxic Egg 2","Meat on the Bone","Mark of Pain","FossilizedHelix","Question Card","OrangePellets","Kunai","Bird Faced Urn","Shuriken"],"potions_floor_usage":[8,23,50],"damage_taken":[{"damage":0,"enemies":"Small Slimes","floor":1,"turns":3},{"damage":0,"enemies":"2 Louse","floor":2,"turns":3},{"damage":6,"enemies":"Jaw Worm","floor":4,"turns":4},{"damage":10,"enemies":"Lagavulin","floor":8,"turns":7},{"damage":8,"enemies":"Gremlin Nob","floor":10,"turns":4},{"damage":1,"enemies":"Looter","floor":11,"turns":3},{"damage":8,"enemies":"Blue Slaver","floor":13,"turns":3},{"damage":8,"enemies":"3 Sentries","floor":14,"turns":5},{"damage":49,"enemies":"Slime Boss","floor":16,"turns":9},{"damage":17,"enemies":"2 Thieves","floor":18,"turns":3},{"damage":0,"enemies":"Chosen","floor":19,"turns":3},{"damage":0,"enemies":"Gremlin Leader","floor":23,"turns":5},{"damage":9,"enemies":"Book of Stabbing","floor":25,"turns":4},{"damage":1,"enemies":"3 Cultists","floor":28,"turns":4},{"damage":0,"enemies":"Sentry and Sphere","floor":30,"turns":3},{"damage":0,"enemies":"Chosen and Byrds","floor":31,"turns":3},{"damage":27,"enemies":"Champ","floor":33,"turns":7},{"damage":1,"enemies":"3 Shapes","floor":35,"turns":5},{"damage":21,"enemies":"3 Darklings","floor":36,"turns":3},{"damage":0,"enemies":"Jaw Worm Horde","floor":38,"turns":3},{"damage":2,"enemies":"Reptomancer","floor":41,"turns":5},{"damage":0,"enemies":"Spire Growth","floor":42,"turns":3},{"damage":0,"enemies":"Giant Head","floor":45,"turns":5},{"damage":0,"enemies":"Maw","floor":48,"turns":3},{"damage":8,"enemies":"Awakened One","floor":50,"turns":8}],"seed_played":"798522038714277725","potions_obtained":[{"floor":4,"key":"SpeedPotion"},{"floor":8,"key":"LiquidBronze"},{"floor":11,"key":"PowerPotion"}],"is_trial":false,"path_per_floor":["M","M","?","M","?","R","$","E","T","E","M","R","M","E","R","B",null,"M","M","?","?","?","E","R","E","T","R","M","R","M","M","R","B",null,"M","M","?","M","?","R","E","M","T","$","E","?","?","M","R","B",null],"character_chosen":"IRONCLAD","items_purchased":["Inflame","Shrug It Off","Energy Potion","OrangePellets","Kunai"],"campfire_rested":0,"item_purchase_floors":[7,7,7,44,44],"current_hp_per_floor":[56,62,62,62,62,62,62,58,58,56,61,61,59,57,57,14,55,44,50,50,50,50,56,56,53,53,53,58,58,64,68,68,47,63,68,53,53,59,59,59,63,68,68,68,68,68,68,68,68,68],"gold":49,"neow_bonus":"THREE_RARE_CARDS","is_prod":false,"is_daily":false,"chose_seed":false,"campfire_upgraded":9,"win_rate":0,"timestamp":1550958073,"path_taken":["M","M","?","M","?","R","$","E","T","E","M","R","M","E","R","BOSS","M","M","?","?","?","E","R","E","T","R","M","R","M","M","R","BOSS","M","M","?","M","?","R","E","M","T","$","E","?","?","M","R","BOSS"],"build_version":"2019-01-23","purchased_purges":1,"victory":true,"max_hp_per_floor":[75,75,75,75,68,68,68,68,68,68,68,68,68,68,68,68,68,68,68,68,68,68,68,68,68,68,68,68,68,68,68,68,68,68,68,68,68,68,68,68,68,68,68,68,68,68,68,68,68,68],"card_choices":[{"not_picked":["Juggernaut","Barricade"],"picked":"Impervious","floor":0},{"not_picked":["Flex","Havoc"],"picked":"Iron Wave","floor":1},{"not_picked":["Perfected Strike","Sever Soul"],"picked":"Pommel Strike","floor":2},{"not_picked":["Cleave","Dark Embrace"],"picked":"Twin Strike","floor":4},{"not_picked":["Evolve","Wild Strike","Cleave"],"picked":"SKIP","floor":8},{"not_picked":["Evolve","Wild Strike","Cleave"],"picked":"SKIP","floor":8},{"not_picked":["Sever Soul","Thunderclap"],"picked":"Anger","floor":10},{"not_picked":["Pommel Strike","Flex"],"picked":"Headbutt","floor":11},{"not_picked":["Havoc","Anger"],"picked":"Shrug It Off","floor":13},{"not_picked":["Clothesline","Sever Soul"],"picked":"Spot Weakness","floor":14},{"not_picked":["Impervious","Double Tap"],"picked":"Limit Break","floor":16},{"not_picked":["Metallicize","Shrug It Off"],"picked":"Battle Trance","floor":18},{"not_picked":["Feel No Pain","Sword Boomerang+1"],"picked":"Uppercut+1","floor":19},{"not_picked":["Wild Strike+1","Dropkick+1"],"picked":"Twin Strike+1","floor":23},{"not_picked":["Evolve+1","Rupture+1"],"picked":"Shrug It Off","floor":25},{"not_picked":["Iron Wave+1","Inflame+1"],"picked":"Sword Boomerang+1","floor":28},{"not_picked":["Cleave+1","Havoc+1","Clash+1"],"picked":"SKIP","floor":30},{"not_picked":["Clash+1","Rampage+1"],"picked":"Thunderclap+1","floor":31},{"not_picked":["Limit Break+1","Bludgeon+1"],"picked":"Fiend Fire+1","floor":33},{"not_picked":["Warcry+1","Havoc+1"],"picked":"Pummel+1","floor":35},{"not_picked":["Havoc+1","Blood for Blood+1"],"picked":"Battle Trance+1","floor":36},{"not_picked":["Jack Of All Trades+1","Purity+1"],"picked":"Thinking Ahead+1","floor":37},{"not_picked":["Twin Strike+1","Cleave+1"],"picked":"Iron Wave+1","floor":38},{"not_picked":["Twin Strike+1","Rupture+1","Anger+1"],"picked":"SKIP","floor":41},{"not_picked":["Wild Strike+1","Sword Boomerang+1"],"picked":"Reaper+1","floor":42},{"not_picked":["Clothesline+1","Iron Wave+1","Headbutt+1"],"picked":"Heavy Blade+1","floor":45},{"not_picked":["Body Slam+1","Heavy Blade+1","True Grit+1"],"picked":"Shrug It Off+1","floor":48}],"player_experience":2250574,"relics_obtained":[{"floor":8,"key":"Bottled Tornado"},{"floor":9,"key":"Sundial"},{"floor":10,"key":"Whetstone"},{"floor":14,"key":"Molten Egg 2"},{"floor":23,"key":"Frozen Egg 2"},{"floor":25,"key":"Toxic Egg 2"},{"floor":26,"key":"Meat on the Bone"},{"floor":41,"key":"FossilizedHelix"},{"floor":43,"key":"Question Card"},{"floor":45,"key":"Bird Faced Urn"}],"event_choices":[{"damage_healed":0,"gold_gain":0,"player_choice":"Grow","damage_taken":0,"max_hp_gain":0,"max_hp_loss":0,"event_name":"Living Wall","floor":3,"gold_loss":0,"cards_upgraded":["Bash"]},{"damage_healed":0,"gold_gain":0,"player_choice":"Lose Max HP","damage_taken":0,"relics_obtained":["Golden Idol"],"max_hp_gain":0,"max_hp_loss":7,"event_name":"Golden Idol","floor":5,"gold_loss":0},{"cards_removed":["Strike_R"],"damage_healed":0,"gold_gain":0,"player_choice":"Gave Gold","damage_taken":0,"max_hp_gain":0,"max_hp_loss":0,"event_name":"Beggar","floor":20,"gold_loss":75},{"damage_healed":0,"gold_gain":50,"player_choice":"Stole From Cult","damage_taken":0,"max_hp_gain":0,"max_hp_loss":0,"event_name":"Nest","floor":21,"gold_loss":0},{"damage_healed":0,"gold_gain":0,"player_choice":"Inject Mutagens","damage_taken":0,"relics_obtained":["MutagenicStrength"],"max_hp_gain":0,"max_hp_loss":0,"event_name":"Drug Dealer","floor":22,"gold_loss":0},{"damage_healed":0,"gold_gain":0,"player_choice":"Memory 1","damage_taken":0,"max_hp_gain":0,"max_hp_loss":0,"event_name":"SensoryStone","floor":37,"gold_loss":0},{"damage_healed":0,"gold_gain":0,"player_choice":"Ignored","damage_taken":0,"max_hp_gain":0,"max_hp_loss":0,"event_name":"Tomb of Lord Red Mask","floor":39,"gold_loss":0},{"cards_removed":["Pommel Strike"],"damage_healed":0,"gold_gain":0,"player_choice":"Removed Attack","damage_taken":0,"max_hp_gain":0,"max_hp_loss":0,"event_name":"Falling","floor":46,"gold_loss":0},{"damage_healed":0,"gold_gain":0,"player_choice":"Paid Gold","damage_taken":0,"relics_obtained":["Shuriken"],"max_hp_gain":0,"max_hp_loss":0,"event_name":"WeMeetAgain","floor":47,"gold_loss":133}],"is_beta":false,"boss_relics":[{"not_picked":["Orrery","Black Blood"],"picked":"Sozu"},{"not_picked":["Cursed Key","Snecko Eye"],"picked":"Mark of Pain"}],"items_purged_floors":[44],"is_endless":false,"potions_floor_spawned":[4,8,10,11,16,19,23,36,38,45],"ascension_level":15}