{"gold_per_floor":[119,135,135,152,167,167,44,78,78,94,94,109,109,0,0,77,77,94,107,117,137,51,80,80,113,113,113,133,145,145,180,180,255,255,275,287,287,51,0,25,25,51,100,129,129,129,142,71,71,71,71,71,22,55,55],"floor_reached":56,"playtime":2940,"items_purged":["Strike_G","Strike_G"],"score":2585,"play_id":"982c8fc7-a7e8-4d4f-b86a-8eb54e1fcf62","local_time":"20190322160038","is_ascension_mode":true,"campfire_choices":[{"data":"Cloak And Dagger","floor":6.0,"key":"SMITH"},{"data":"Cloak And Dagger","floor":11.0,"key":"SMITH"},{"data":"Neutralize","floor":13.0,"key":"SMITH"},{"data":"Finisher","floor":15.0,"key":"SMITH"},{"data":"Well Laid Plans","floor":24.0,"key":"SMITH"},{"data":"Trip","floor":30.0,"key":"SMITH"},{"data":"Calculated Gamble","floor":32.0,"key":"SMITH"},{"data":"Strike_G+1","floor":41.0,"key":"PURGE"},{"floor":49.0,"key":"RECALL"},{"data":"Footwork","floor":52,"key":"SMITH"}],"neow_cost":"TEN_PERCENT_HP_LOSS","seed_source_timestamp":5698786626100,"circlet_count":0,"master_deck":["AscendersBane","Defend_G+1","Defend_G+1","Defend_G+1","Defend_G+1","Strike_G+1","Survivor+1","Neutralize+1","Cloak And Dagger+1","Finisher+1","Calculated Gamble+1","Backstab+1","Cloak And Dagger+1","Infinite Blades+1","After Image+1","Well Laid Plans+1","Trip+1","Prepared+1","After Image+1","Corpse Explosion+1","Adrenaline+1","Night Terror+1","Escape Plan+1","Footwork+1","Blade Dance+1"],"special_seed":0,"relics":["Ring of the Snake","NlothsMask","Oddly Smooth Stone","Pantograph","Coffee Dripper","Paper Crane","Whetstone","Mercury Hourglass","Bag of Marbles","Black Star","Red Mask","Peace Pipe","The Specimen","Molten Egg 2","Bag of Preparation","Unceasing Top","Art of War","Mark of the Bloom","Pear","Shuriken","Dead Branch"],"potions_floor_usage":[55,55],"damage_taken":[{"damage":0.0,"enemies":"Cultist","floor":1.0,"turns":4.0},{"damage":11.0,"enemies":"Small Slimes","floor":2.0,"turns":4.0},{"damage":1.0,"enemies":"Jaw Worm","floor":4.0,"turns":3.0},{"damage":10.0,"enemies":"Lots of Slimes","floor":5.0,"turns":5.0},{"damage":26.0,"enemies":"3 Sentries","floor":8.0,"turns":13.0},{"damage":0.0,"enemies":"Exordium Wildlife","floor":10.0,"turns":4.0},{"damage":0.0,"enemies":"2 Fungi Beasts","floor":12.0,"turns":2.0},{"damage":29.0,"enemies":"Hexaghost","floor":16.0,"turns":10.0},{"damage":1.0,"enemies":"Shell Parasite","floor":18.0,"turns":5.0},{"damage":0.0,"enemies":"3 Byrds","floor":19.0,"turns":4.0},{"damage":0.0,"enemies":"Snecko","floor":20.0,"turns":4.0},{"damage":0.0,"enemies":"Chosen and Byrds","floor":21.0,"turns":5.0},{"damage":0.0,"enemies":"Gremlin Leader","floor":23.0,"turns":5.0},{"damage":7.0,"enemies":"Book of Stabbing","floor":25.0,"turns":5.0},{"damage":0.0,"enemies":"Centurion and Healer","floor":28.0,"turns":5.0},{"damage":13.0,"enemies":"Shelled Parasite and Fungi","floor":29.0,"turns":3.0},{"damage":0.0,"enemies":"Gremlin Leader","floor":31.0,"turns":4.0},{"damage":0.0,"enemies":"Collector","floor":33.0,"turns":6.0},{"damage":2.0,"enemies":"3 Shapes","floor":35.0,"turns":2.0},{"damage":0.0,"enemies":"3 Darklings","floor":36.0,"turns":2.0},{"damage":0.0,"enemies":"Nemesis","floor":40.0,"turns":9.0},{"damage":2.0,"enemies":"Giant Head","floor":42.0,"turns":9.0},{"damage":0.0,"enemies":"Reptomancer","floor":44.0,"turns":4.0},{"damage":0.0,"enemies":"Writhing Mass","floor":47.0,"turns":6.0},{"damage":0,"enemies":"Donu and Deca","floor":50,"turns":8},{"damage":7,"enemies":"Shield and Spear","floor":54,"turns":5},{"damage":0,"enemies":"The Heart","floor":55,"turns":5}],"seed_played":"-292182547984034674","potions_obtained":[{"floor":5.0,"key":"Fruit Juice"},{"floor":8.0,"key":"Regen Potion"},{"floor":10.0,"key":"SteroidPotion"},{"floor":16.0,"key":"Strength Potion"},{"floor":18.0,"key":"SkillPotion"},{"floor":21.0,"key":"GhostInAJar"},{"floor":25.0,"key":"Ancient Potion"},{"floor":29.0,"key":"Dexterity Potion"},{"floor":36.0,"key":"SkillPotion"},{"floor":47.0,"key":"Poison Potion"}],"is_trial":false,"path_per_floor":["M","M","?","M","M","R","?","E","T","M","R","M","R","$","R","B",null,"M","M","M","M","$","E","R","E","T","?","M","M","R","E","R","B",null,"M","M","?","$","?","E","R","E","T","E","?","T","M","$","R","B",null,"R","$","E","B",null],"character_chosen":"THE_SILENT","items_purchased":["Infinite Blades","Trip","Adrenaline","Footwork","Dexterity Potion"],"campfire_rested":0,"item_purchase_floors":[14,22,38,48,53],"current_hp_per_floor":[59,48,48,47,42,42,42,16,16,16,16,16,16,16,16,12,52,63,63,63,63,63,63,63,56,56,56,56,43,43,43,43,65,65,63,63,63,63,63,63,63,61,61,61,61,61,61,61,61,61,61,61,61,54,54],"gold":55,"neow_bonus":"REMOVE_TWO","is_prod":false,"is_daily":false,"chose_seed":false,"campfire_upgraded":8,"win_rate":0,"timestamp":1553241638,"path_taken":["M","M","?","M","?","R","?","E","T","M","R","M","R","$","R","BOSS","M","?","M","M","?","E","R","E","T","?","M","M","R","E","R","BOSS","M","?","?","$","?","E","R","E","T","E","?","?","M","$","R","BOSS","R","$","E","BOSS"],"build_version":"2019-03-15","purchased_purges":2,"victory":true,"max_hp_per_floor":[60,60,60,60,65,65,65,65,65,65,65,65,65,65,65,65,65,65,65,65,65,65,65,65,65,65,65,65,65,65,65,65,65,65,65,65,65,65,65,65,65,65,65,65,65,75,75,75,75,75,75,75,75,75,75],"card_choices":[{"not_picked":["Bane","Prepared"],"picked":"Cloak And Dagger","floor":1.0},{"not_picked":["Underhanded Strike","Infinite Blades"],"picked":"Finisher","floor":2.0},{"not_picked":["Riddle With Holes","Deadly Poison"],"picked":"Calculated Gamble","floor":4.0},{"not_picked":["Dash","Quick Slash"],"picked":"Backstab","floor":5.0},{"not_picked":["Outmaneuver","Footwork"],"picked":"Cloak And Dagger","floor":8.0},{"not_picked":["Distraction","Endless Agony","Leg Sweep"],"picked":"SKIP","floor":10.0},{"not_picked":["Deflect","Skewer","Distraction"],"picked":"SKIP","floor":12.0},{"not_picked":["Venomology","Adrenaline"],"picked":"After Image","floor":16.0},{"not_picked":["Sucker Punch","Prepared"],"picked":"Acrobatics+1","floor":18.0},{"not_picked":["Leg Sweep","Dagger Spray","Slice"],"picked":"SKIP","floor":19.0},{"not_picked":["Outmaneuver","Riddle With Holes","Heel Hook"],"picked":"SKIP","floor":20.0},{"not_picked":["Masterful Stab+1","Leg Sweep"],"picked":"Well Laid Plans","floor":21.0},{"not_picked":["Bouncing Flask","Eviscerate","Choke"],"picked":"SKIP","floor":23.0},{"not_picked":["Storm of Steel","Calculated Gamble"],"picked":"Prepared+1","floor":25.0},{"not_picked":["Concentrate","Deflect","Sucker Punch"],"picked":"SKIP","floor":28.0},{"not_picked":["Deflect","Prepared","Flying Knee"],"picked":"SKIP","floor":29.0},{"not_picked":["Reflex","Choke","Dagger Throw"],"picked":"SKIP","floor":31.0},{"not_picked":["Die Die Die","A Thousand Cuts"],"picked":"Corpse Explosion","floor":33.0},{"not_picked":["Quick Slash","Slice+1","Underhanded Strike"],"picked":"SKIP","floor":35.0},{"not_picked":["Acrobatics","Predator","Eviscerate"],"picked":"SKIP","floor":36.0},{"not_picked":["Underhanded Strike+1","Distraction","Dagger Spray+1"],"picked":"SKIP","floor":40.0},{"not_picked":["Endless Agony","Deadly Poison"],"picked":"Night Terror","floor":42.0},{"not_picked":["Terror+1","Leg Sweep"],"picked":"Escape Plan","floor":44.0},{"not_picked":["Quick Slash+1","Leg Sweep+1","Dagger Spray+1"],"picked":"SKIP","floor":47.0},{"not_picked":["Quick Slash+1","Leg Sweep+1","Dagger Spray+1"],"picked":"SKIP","floor":47.0},{"not_picked":["Dagger Spray+1","Setup+1"],"picked":"Blade Dance+1","floor":54}],"player_experience":1275939,"relics_obtained":[{"floor":8.0,"key":"Pantograph"},{"floor":23.0,"key":"Paper Crane"},{"floor":25.0,"key":"Whetstone"},{"floor":26.0,"key":"Mercury Hourglass"},{"floor":31.0,"key":"Bag of Marbles"},{"floor":40.0,"key":"Peace Pipe"},{"floor":40.0,"key":"The Specimen"},{"floor":42.0,"key":"Molten Egg 2"},{"floor":42.0,"key":"Bag of Preparation"},{"floor":44.0,"key":"Unceasing Top"},{"floor":44.0,"key":"Art of War"},{"floor":46.0,"key":"Pear"},{"floor":54,"key":"Shuriken"},{"floor":54,"key":"Dead Branch"}],"event_choices":[{"damage_healed":0.0,"max_hp_gain":0.0,"max_hp_loss":0.0,"gold_gain":0.0,"event_name":"FaceTrader","player_choice":"Trade","floor":3.0,"gold_loss":0.0,"damage_taken":0.0,"relics_obtained":["NlothsMask"]},{"damage_healed":0.0,"max_hp_gain":0.0,"max_hp_loss":0.0,"gold_gain":0.0,"event_name":"WeMeetAgain","player_choice":"Paid Gold","floor":7.0,"gold_loss":123.0,"damage_taken":0.0,"relics_obtained":["Oddly Smooth Stone"]},{"damage_healed":0.0,"max_hp_gain":0.0,"max_hp_loss":0.0,"gold_gain":0.0,"event_name":"Duplicator","player_choice":"Copied","floor":27.0,"gold_loss":0.0,"damage_taken":0.0,"cards_obtained":["After Image"]},{"cards_removed":["Acrobatics"],"damage_healed":0.0,"max_hp_gain":0.0,"max_hp_loss":0.0,"gold_gain":0.0,"event_name":"Falling","player_choice":"Removed Skill","floor":37.0,"gold_loss":0.0,"damage_taken":0.0},{"damage_healed":0.0,"max_hp_gain":0.0,"max_hp_loss":0.0,"gold_gain":0.0,"event_name":"Tomb of Lord Red Mask","player_choice":"Paid","floor":39.0,"gold_loss":51.0,"damage_taken":0.0,"relics_obtained":["Red Mask"]},{"damage_healed":0.0,"max_hp_gain":0.0,"max_hp_loss":0.0,"gold_gain":0.0,"event_name":"MindBloom","player_choice":"Upgrade","floor":45.0,"gold_loss":0.0,"damage_taken":0.0,"cards_upgraded":["Defend_G","Defend_G","Defend_G","Defend_G","Survivor","Backstab","Infinite Blades","After Image","After Image","Corpse Explosion","Adrenaline","Night Terror","Escape Plan"],"relics_obtained":["Mark of the Bloom"]}],"is_beta":true,"boss_relics":[{"not_picked":["Fusion Hammer","Calling Bell"],"picked":"Coffee Dripper"},{"not_picked":["Cursed Key","Busted Crown"],"picked":"Black Star"}],"items_purged_floors":[14,38],"is_endless":false,"potions_floor_spawned":[5,8,10,16,18,21,25,28,29,31,36,47,54],"ascension_level":15}