{"gold_per_floor":[118,136,154,173,120,147,202,230,283,311,369,394,413,424,424,502,502,502,502,502,502,502,502,502,502,502,502,502,427,427,62,62,62,62,62,62,62,62,62,62,62,62,62,62,62,62,62,62,62,62,62,62,62,62,62,62],"floor_reached":57,"playtime":2703,"items_purged":["Poisoned Stab","Poisoned Stab"],"score":3585,"play_id":"6d1a8071-5d37-4f0e-8e8a-de9b75ca3218","local_time":"20190129214529","daily_mods":["SealedDeck","DeadlyEvents","Elite Swarm"],"is_ascension_mode":true,"campfire_choices":[{"data":"Catalyst","floor":15,"key":"SMITH"},{"data":"Burst","floor":24,"key":"SMITH"},{"data":"Apotheosis","floor":32,"key":"SMITH"},{"data":"Adrenaline","floor":46,"key":"SMITH"},{"floor":49,"key":"RECALL"},{"data":"Adrenaline","floor":53,"key":"SMITH"}],"neow_cost":"","seed_source_timestamp":0,"circlet_count":0,"master_deck":["AscendersBane","Dash","Cloak And Dagger","Deadly Poison","Dodge and Roll","Poisoned Stab","Bouncing Flask","Blur","Footwork","Catalyst+1","Wraith Form v2+1","Adrenaline+1","Corpse Explosion","Dodge and Roll","Burst+1","Crippling Poison","PiercingWail","After Image+1","Expertise+1","Noxious Fumes+1","Apotheosis+1","Malaise","Backflip+1","Adrenaline+1","Catalyst","Malaise","Backflip","Night Terror"],"relics":["Ring of the Snake","Frozen Egg 2","Snake Skull","Oddly Smooth Stone","Blood Vial","Paper Crane","Bronze Scales","Bottled Lightning","Ectoplasm","MutagenicStrength","Tiny Chest","Ancient Tea Set","Gremlin Horn","Nunchaku","Sozu","Centennial Puzzle","Potion Belt","Bottled Tornado","Question Card","Pear","Darkstone Periapt","Sundial"],"potions_floor_usage":[10,11,13,56,56],"damage_taken":[{"damage":0,"enemies":"Cultist","floor":1,"turns":2},{"damage":0,"enemies":"Jaw Worm","floor":2,"turns":4},{"damage":1,"enemies":"Small Slimes","floor":3,"turns":3},{"damage":4,"enemies":"Looter","floor":4,"turns":3},{"damage":12,"enemies":"Gremlin Nob","floor":6,"turns":4},{"damage":13,"enemies":"Lagavulin","floor":8,"turns":4},{"damage":13,"enemies":"3 Sentries","floor":10,"turns":10},{"damage":0,"enemies":"Lagavulin Event","floor":11,"turns":4},{"damage":0,"enemies":"Lagavulin","floor":12,"turns":7},{"damage":0,"enemies":"3 Louse","floor":13,"turns":2},{"damage":0,"enemies":"Exordium Thugs","floor":14,"turns":3},{"damage":0,"enemies":"Hexaghost","floor":16,"turns":5},{"damage":0,"enemies":"Spheric Guardian","floor":18,"turns":2},{"damage":0,"enemies":"Chosen","floor":20,"turns":4},{"damage":0,"enemies":"Snake Plant","floor":22,"turns":3},{"damage":0,"enemies":"Gremlin Leader","floor":23,"turns":5},{"damage":1,"enemies":"Slavers","floor":25,"turns":4},{"damage":7,"enemies":"Gremlin Leader","floor":27,"turns":8},{"damage":0,"enemies":"Snecko","floor":28,"turns":5},{"damage":1,"enemies":"Book of Stabbing","floor":30,"turns":4},{"damage":0,"enemies":"Automaton","floor":33,"turns":5},{"damage":1,"enemies":"Orb Walker","floor":35,"turns":2},{"damage":0,"enemies":"3 Darklings","floor":37,"turns":3},{"damage":3,"enemies":"Writhing Mass","floor":39,"turns":4},{"damage":14,"enemies":"Nemesis","floor":40,"turns":5},{"damage":0,"enemies":"Spire Growth","floor":41,"turns":4},{"damage":0,"enemies":"Giant Head","floor":42,"turns":4},{"damage":0,"enemies":"Nemesis","floor":44,"turns":3},{"damage":0,"enemies":"4 Shapes","floor":45,"turns":3},{"damage":0,"enemies":"Giant Head","floor":47,"turns":3},{"damage":0,"enemies":"Time Eater","floor":50,"turns":6},{"damage":4,"enemies":"Donu and Deca","floor":51,"turns":4},{"damage":11,"enemies":"Shield and Spear","floor":55,"turns":4},{"damage":45,"enemies":"The Heart","floor":56,"turns":5}],"seed_played":"-3810310877923933485","potions_obtained":[{"floor":3,"key":"Fire Potion"},{"floor":10,"key":"Energy Potion"},{"floor":14,"key":"Strength Potion"},{"floor":16,"key":"Dexterity Potion"},{"floor":25,"key":"GhostInAJar"}],"is_trial":true,"path_per_floor":["M","M","M","M","$","E","T","E","T","E","?","E","M","M","R","B",null,"M","?","M","?","M","E","R","E","T","E","M","$","E","$","R","B",null,"M","T","M","?","M","E","M","E","T","E","M","R","E","$","R","B","B",null,"R","$","E","B",null],"character_chosen":"THE_SILENT","items_purchased":["PowerPotion","Noxious Fumes+1","Apotheosis"],"campfire_rested":0,"item_purchase_floors":[5,31,31],"current_hp_per_floor":[59,59,58,54,54,42,42,29,29,18,20,22,24,26,26,28,57,59,59,61,61,63,65,65,65,65,59,61,61,62,62,62,64,66,65,65,66,63,60,48,50,52,52,64,66,66,68,68,68,70,68,72,72,72,62,19],"gold":62,"neow_bonus":"","is_prod":false,"is_daily":false,"chose_seed":false,"campfire_upgraded":5,"win_rate":0,"timestamp":1548827129,"path_taken":["M","M","?","M","$","E","?","E","T","E","?","E","M","M","R","BOSS","M","?","M","?","M","E","R","E","T","E","M","$","E","?","R","BOSS","M","?","M","?","M","E","M","E","T","E","M","R","E","?","R","BOSS","BOSS","R","$","E","BOSS"],"build_version":"2019-01-23","purchased_purges":2,"victory":true,"max_hp_per_floor":[66,66,66,66,66,66,66,66,66,66,66,66,66,66,66,66,66,66,66,66,66,66,66,66,66,66,66,66,66,66,66,66,66,66,66,66,66,63,63,63,63,63,63,73,73,73,73,73,73,73,73,73,73,73,73,73],"card_choices":[{"not_picked":["Riddle With Holes","Underhanded Strike","Bane"],"picked":"SKIP","floor":1},{"not_picked":["Infinite Blades","Concentrate","Slice"],"picked":"SKIP","floor":2},{"not_picked":["Backflip","Dagger Throw"],"picked":"Catalyst","floor":3},{"not_picked":["Eviscerate","Quick Slash","Poisoned Stab"],"picked":"SKIP","floor":4},{"not_picked":["After Image","A Thousand Cuts"],"picked":"Wraith Form v2","floor":6},{"not_picked":["Bullet Time","Grand Finale"],"picked":"Adrenaline","floor":8},{"not_picked":["Burst","Glass Knife"],"picked":"Corpse Explosion","floor":10},{"not_picked":["Deadly Poison","Cloak And Dagger"],"picked":"Dodge and Roll","floor":11},{"not_picked":["Doppelganger","Corpse Explosion"],"picked":"Burst","floor":12},{"not_picked":["Sucker Punch","Flying Knee"],"picked":"Crippling Poison","floor":13},{"not_picked":["Prepared","Dodge and Roll"],"picked":"PiercingWail","floor":14},{"not_picked":["Doppelganger","Envenom+1"],"picked":"After Image+1","floor":16},{"not_picked":["Concentrate","Outmaneuver","Dagger Throw"],"picked":"SKIP","floor":18},{"not_picked":["Backstab+1","Accuracy+1","Quick Slash"],"picked":"SKIP","floor":20},{"not_picked":["Riddle With Holes","Blur","Bane"],"picked":"SKIP","floor":22},{"not_picked":["Grand Finale","After Image+1","Storm of Steel"],"picked":"SKIP","floor":23},{"not_picked":["Grand Finale","Die Die Die","Doppelganger"],"picked":"SKIP","floor":25},{"not_picked":["Burst","Envenom+1","Grand Finale"],"picked":"SKIP","floor":27},{"not_picked":["Masterful Stab","Acrobatics"],"picked":"Expertise+1","floor":28},{"not_picked":["Corpse Explosion","Unload","Venomology"],"picked":"SKIP","floor":30},{"not_picked":["Phantasmal Killer","Burst"],"picked":"Malaise","floor":33},{"not_picked":["Flechettes","Tactician"],"picked":"Backflip+1","floor":35},{"not_picked":["Choke+1","Blade Dance+1","Heel Hook"],"picked":"SKIP","floor":37},{"not_picked":["Heel Hook","Infinite Blades+1","Sucker Punch"],"picked":"SKIP","floor":39},{"not_picked":["Phantasmal Killer","Tools of the Trade+1"],"picked":"Adrenaline","floor":40},{"not_picked":["Concentrate+1","Endless Agony"],"picked":"Catalyst","floor":41},{"not_picked":["Glass Knife","Die Die Die"],"picked":"Malaise","floor":42},{"not_picked":["Bullet Time","Doppelganger","Die Die Die","Phantasmal Killer"],"picked":"SKIP","floor":44},{"not_picked":["Slice","Dodge and Roll+1","Cloak And Dagger+1"],"picked":"Backflip","floor":45},{"not_picked":["Envenom+1","A Thousand Cuts+1","Burst","Tools of the Trade+1"],"picked":"SKIP","floor":47},{"not_picked":["Grand Finale","Tools of the Trade+1","Storm of Steel"],"picked":"Night Terror","floor":55}],"player_experience":2101030,"relics_obtained":[{"floor":6,"key":"Frozen Egg 2"},{"floor":7,"key":"Snake Skull"},{"floor":8,"key":"Oddly Smooth Stone"},{"floor":9,"key":"Blood Vial"},{"floor":10,"key":"Paper Crane"},{"floor":11,"key":"Bronze Scales"},{"floor":12,"key":"Bottled Lightning"},{"floor":23,"key":"Tiny Chest"},{"floor":25,"key":"Ancient Tea Set"},{"floor":27,"key":"Gremlin Horn"},{"floor":30,"key":"Nunchaku"},{"floor":36,"key":"Centennial Puzzle"},{"floor":40,"key":"Potion Belt"},{"floor":42,"key":"Bottled Tornado"},{"floor":43,"key":"Question Card"},{"floor":44,"key":"Pear"},{"floor":47,"key":"Darkstone Periapt"},{"floor":55,"key":"Sundial"}],"event_choices":[{"damage_healed":0,"gold_gain":30,"player_choice":"Searched \u00272\u0027 times","damage_taken":0,"max_hp_gain":0,"max_hp_loss":0,"event_name":"Dead Adventurer","floor":11,"gold_loss":0},{"damage_healed":0,"gold_gain":50,"player_choice":"Stole From Cult","damage_taken":0,"max_hp_gain":0,"max_hp_loss":0,"event_name":"Nest","floor":19,"gold_loss":0},{"damage_healed":0,"gold_gain":0,"player_choice":"Inject Mutagens","damage_taken":0,"relics_obtained":["MutagenicStrength"],"max_hp_gain":0,"max_hp_loss":0,"event_name":"Drug Dealer","floor":21,"gold_loss":0},{"damage_healed":0,"gold_gain":0,"player_choice":"Max HP","damage_taken":0,"max_hp_gain":0,"max_hp_loss":3,"event_name":"Winding Halls","floor":38,"gold_loss":0}],"is_beta":false,"boss_relics":[{"not_picked":["Calling Bell","Tiny House"],"picked":"Ectoplasm"},{"not_picked":["Ring of the Serpent","HoveringKite"],"picked":"Sozu"}],"items_purged_floors":[29,31],"is_endless":false,"potions_floor_spawned":[3,6,10,14,16,18,22,25,30,37,39,45,47,55],"ascension_level":20}