{"gold_per_floor":[110,125,125,142,317,317,336,336,415,428,447,28,63,77,77,179,179,196,210,226,226,15,15,50,68,68,68,68],"floor_reached":28,"playtime":784,"items_purged":["Regret"],"score":400,"play_id":"80ad8fc6-7b6c-472f-9df8-13e605761444","local_time":"25620220204523","is_ascension_mode":true,"campfire_choices":[{"data":"Defragment","floor":6,"key":"SMITH"},{"data":"Doom and Gloom","floor":8,"key":"SMITH"},{"data":"Loop","floor":15,"key":"SMITH"},{"data":"Streamline","floor":23,"key":"SMITH"}],"neow_cost":"NONE","seed_source_timestamp":17027803283819,"circlet_count":0,"master_deck":["AscendersBane","Strike_B","Strike_B","Defend_B","Defend_B","Zap","Dualcast","Conserve Battery","Doom and Gloom+1","Defragment+1","BootSequence","Chill","Loop","Echo Form","Hologram","Loop+1","Fission","Aggregate+1","Gash+1","Scrape+1","Conserve Battery","Glacier","Barrage","Storm","Reinforced Body","Streamline+1","Self Repair","Chaos+1","Normality","Decay"],"relics":["Cursed Key","Pear","Lee\u0027s Waffle","Bag of Marbles","Astrolabe","Shuriken","Du-Vu Doll"],"potions_floor_usage":[13,16,24,24],"damage_taken":[{"damage":4,"enemies":"Jaw Worm","floor":1,"turns":4},{"damage":0,"enemies":"2 Louse","floor":2,"turns":2},{"damage":0,"enemies":"Small Slimes","floor":4,"turns":3},{"damage":7,"enemies":"Blue Slaver","floor":7,"turns":4},{"damage":0,"enemies":"2 Fungi Beasts","floor":10,"turns":2},{"damage":10,"enemies":"3 Louse","floor":11,"turns":3},{"damage":22,"enemies":"Lagavulin","floor":13,"turns":5},{"damage":4,"enemies":"Red Slaver","floor":14,"turns":4},{"damage":22,"enemies":"The Guardian","floor":16,"turns":8},{"damage":0,"enemies":"Chosen","floor":18,"turns":4},{"damage":10,"enemies":"3 Byrds","floor":19,"turns":5},{"damage":20,"enemies":"Snake Plant","floor":20,"turns":5},{"damage":24,"enemies":"Gremlin Leader","floor":24,"turns":6},{"damage":20,"enemies":"Snecko","floor":25,"turns":5},{"damage":0,"enemies":"Slavers","floor":28,"turns":1}],"seed_played":"-666247401080054444","potions_obtained":[{"floor":2,"key":"AttackPotion"},{"floor":7,"key":"Ancient Potion"},{"floor":10,"key":"Fire Potion"},{"floor":20,"key":"SteroidPotion"},{"floor":25,"key":"Dexterity Potion"}],"is_trial":false,"path_per_floor":["M","M","?","M","?","R","M","R","T","M","M","$","E","M","R","B",null,"M","M","M","?","$","R","E","M","T","?","E"],"character_chosen":"DEFECT","items_purchased":["Echo Form","Lee\u0027s Waffle","Storm","Block Potion","Reinforced Body","Streamline"],"campfire_rested":0,"item_purchase_floors":[12,12,22,22,22,22],"current_hp_per_floor":[64,64,57,57,57,57,50,50,60,60,50,92,70,66,66,44,80,80,70,50,50,50,50,26,6,6,6,6],"gold":68,"neow_bonus":"BOSS_RELIC","is_prod":false,"is_daily":false,"chose_seed":false,"campfire_upgraded":4,"win_rate":0,"timestamp":1550670323,"path_taken":["M","M","?","M","?","R","M","R","T","M","M","?","E","M","R","BOSS","M","M","M","?","$","R","E","M","T","?","E"],"build_version":"2019-01-23","purchased_purges":1,"victory":false,"max_hp_per_floor":[75,75,75,75,75,75,75,75,85,85,85,92,92,92,92,92,92,92,92,92,92,92,92,92,92,92,92,92],"card_choices":[{"not_picked":["Turbo","Force Field"],"picked":"Conserve Battery","floor":1},{"not_picked":["Recycle","Ball Lightning"],"picked":"Doom and Gloom","floor":2},{"not_picked":["Doom and Gloom","Force Field"],"picked":"Defragment","floor":4},{"not_picked":["Barrage","Compile Driver"],"picked":"BootSequence","floor":7},{"not_picked":["Aggregate","Cold Snap"],"picked":"Chill","floor":10},{"not_picked":["Fusion","Skim"],"picked":"Loop","floor":11},{"not_picked":["Rebound","Doom and Gloom"],"picked":"Hologram","floor":13},{"not_picked":["Aggregate","Doom and Gloom"],"picked":"Loop","floor":14},{"not_picked":["Echo Form","Seek"],"picked":"Fission","floor":16},{"not_picked":["Gash","Fusion"],"picked":"Conserve Battery","floor":18},{"not_picked":["Redo+1","Gash"],"picked":"Glacier","floor":19},{"not_picked":["Beam Cell","Steam+1"],"picked":"Barrage","floor":20},{"not_picked":["Conserve Battery+1","Leap"],"picked":"Self Repair","floor":24},{"not_picked":["Aggregate","Melter"],"picked":"Chaos+1","floor":25}],"player_experience":259091,"relics_obtained":[{"floor":9,"key":"Pear"},{"floor":13,"key":"Bag of Marbles"},{"floor":24,"key":"Shuriken"},{"floor":26,"key":"Du-Vu Doll"}],"event_choices":[{"cards_removed":["Strike_B"],"damage_healed":0,"gold_gain":0,"player_choice":"Card Removal","damage_taken":7,"max_hp_gain":0,"max_hp_loss":0,"event_name":"Golden Wing","floor":3,"gold_loss":0},{"damage_healed":0,"gold_gain":175,"player_choice":"AGREE","damage_taken":0,"max_hp_gain":0,"max_hp_loss":0,"event_name":"Liars Game","floor":5,"gold_loss":0,"cards_obtained":["Doubt"]},{"cards_removed":["Doubt"],"damage_healed":0,"gold_gain":0,"player_choice":"Elegance","damage_taken":0,"max_hp_gain":0,"max_hp_loss":0,"event_name":"Back to Basics","floor":21,"gold_loss":0},{"damage_healed":0,"gold_gain":0,"player_choice":"Smashed Altar","damage_taken":0,"max_hp_gain":0,"max_hp_loss":0,"event_name":"Forgotten Altar","floor":27,"gold_loss":0,"cards_obtained":["Decay"]}],"is_beta":false,"boss_relics":[{"not_picked":["White Beast Statue","Nuclear Battery"],"picked":"Astrolabe"}],"items_purged_floors":[12],"is_endless":false,"potions_floor_spawned":[2,7,10,11,20,25],"killed_by":"Slavers","ascension_level":11}