{"gold_per_floor":[115,130,130,142,157,121,156,156,156,121,121,136,469,489,489,585,585,600,456,371,303,322,322,338,338,338,352,352,352,368,368,368,472,472,491,491,491,503,503,503],"floor_reached":40,"playtime":3019,"items_purged":[],"score":480,"play_id":"29f94ff1-b537-492b-a6ec-d13cf0151c89","local_time":"20181107193134","is_ascension_mode":true,"campfire_choices":[{"data":"Whirlwind","floor":11,"key":"SMITH"},{"floor":15,"key":"REST"},{"data":"Demon Form","floor":23,"key":"SMITH"},{"data":"Dual Wield","floor":25,"key":"SMITH"},{"data":"Flame Barrier","floor":32,"key":"SMITH"}],"neow_cost":"NONE","seed_source_timestamp":2096486165460699,"circlet_count":0,"master_deck":["Strike_R","Strike_R+1","Strike_R","Strike_R","Strike_R","Defend_R","Defend_R","Defend_R+1","Bash","Iron Wave","Cleave","Feel No Pain","Whirlwind+1","Disarm","Shrug It Off","Battle Trance","Metallicize","Demon Form+1","Shrug It Off","Dual Wield+1","Flame Barrier+1","Iron Wave+1","Metallicize+1"],"relics":["Burning Blood","Anchor","CultistMask","Pocketwatch","Turnip","Old Coin","Busted Crown","Bag of Marbles","Bronze Scales","Happy Flower","Mark of Pain","Letter Opener"],"potions_floor_usage":[7,13,16,18,22,30,33,40],"damage_taken":[{"damage":0,"enemies":"2 Louse","floor":1,"turns":3},{"damage":1,"enemies":"Cultist","floor":2,"turns":3},{"damage":4,"enemies":"Jaw Worm","floor":4,"turns":3},{"damage":3,"enemies":"3 Louse","floor":5,"turns":4},{"damage":37,"enemies":"Gremlin Nob","floor":7,"turns":5},{"damage":15,"enemies":"2 Fungi Beasts","floor":12,"turns":3},{"damage":18,"enemies":"Lagavulin","floor":13,"turns":7},{"damage":6,"enemies":"Looter","floor":14,"turns":3},{"damage":14,"enemies":"The Guardian","floor":16,"turns":10},{"damage":19,"enemies":"Spheric Guardian","floor":18,"turns":4},{"damage":0,"enemies":"Chosen","floor":22,"turns":4},{"damage":0,"enemies":"Centurion and Healer","floor":24,"turns":4},{"damage":9,"enemies":"Snake Plant","floor":27,"turns":4},{"damage":3,"enemies":"Chosen and Byrds","floor":30,"turns":7},{"damage":23,"enemies":"Champ","floor":33,"turns":8},{"damage":0,"enemies":"3 Darklings","floor":35,"turns":1},{"damage":0,"enemies":"Orb Walker","floor":38,"turns":3},{"damage":105,"enemies":"Reptomancer","floor":40,"turns":4}],"seed_played":"7583872752147856172","potions_obtained":[{"floor":5,"key":"GamblersBrew"},{"floor":7,"key":"Strength Potion"},{"floor":14,"key":"PowerPotion"},{"floor":16,"key":"Weak Potion"},{"floor":18,"key":"Explosive Potion"},{"floor":24,"key":"Strength Potion"},{"floor":27,"key":"SpeedPotion"},{"floor":33,"key":"Weak Potion"},{"floor":38,"key":"Dexterity Potion"}],"is_trial":false,"path_per_floor":["M","M","?","M","M","$","E","?","T","?","R","M","E","M","R","B",null,"M","$","?","$","M","R","M","R","T","M","?","?","M","?","R","B",null,"M","?","?","M","?","E"],"character_chosen":"IRONCLAD","items_purchased":["Disarm","Bag of Marbles","Dual Wield"],"campfire_rested":1,"item_purchase_floors":[6,19,21],"current_hp_per_floor":[80,80,80,80,80,80,49,33,33,53,53,44,32,32,56,48,80,67,67,67,67,73,73,79,79,79,76,76,90,90,72,72,55,95,95,95,95,95,95,0],"gold":503,"neow_bonus":"RANDOM_COMMON_RELIC","is_prod":false,"is_daily":false,"chose_seed":false,"campfire_upgraded":4,"win_rate":0,"timestamp":1541637094,"path_taken":["M","M","?","?","M","$","E","?","T","?","R","M","E","M","R","BOSS","M","$","?","$","M","R","M","R","T","M","?","?","?","?","R","BOSS","M","?","?","?","?","E"],"build_version":"2018-11-01","purchased_purges":0,"victory":false,"max_hp_per_floor":[80,80,80,80,80,80,80,80,80,80,80,80,80,80,80,80,80,80,80,80,80,80,80,80,80,80,80,80,90,90,95,95,95,95,95,95,95,95,95,95],"card_choices":[{"not_picked":["Twin Strike","Flex"],"picked":"Iron Wave","floor":1},{"not_picked":["Clash","Clothesline"],"picked":"Cleave","floor":2},{"not_picked":["Sever Soul","Cleave"],"picked":"Feel No Pain","floor":4},{"not_picked":["Flex","Pummel"],"picked":"Whirlwind","floor":5},{"not_picked":["Pommel Strike","Body Slam"],"picked":"Shrug It Off","floor":7},{"not_picked":["Body Slam","Reckless Charge"],"picked":"Battle Trance","floor":12},{"not_picked":["Body Slam","Dual Wield"],"picked":"Metallicize","floor":13},{"not_picked":["Pummel","Wild Strike"],"picked":"Demon Form","floor":14},{"not_picked":["Fiend Fire","Feed"],"picked":"Immolate","floor":16},{"not_picked":[],"picked":"Shrug It Off","floor":18},{"not_picked":["Perfected Strike"],"picked":"SKIP","floor":22},{"not_picked":["Combust"],"picked":"SKIP","floor":24},{"not_picked":["Burning Pact"],"picked":"SKIP","floor":27},{"not_picked":["Anger"],"picked":"SKIP","floor":30},{"not_picked":[],"picked":"Iron Wave+1","floor":35},{"not_picked":[],"picked":"Metallicize+1","floor":38}],"player_experience":111514,"relics_obtained":[{"floor":7,"key":"Pocketwatch"},{"floor":9,"key":"Turnip"},{"floor":13,"key":"Old Coin"},{"floor":26,"key":"Happy Flower"}],"event_choices":[{"damage_healed":0,"gold_gain":0,"player_choice":"Trade","damage_taken":0,"relics_obtained":["CultistMask"],"max_hp_gain":0,"max_hp_loss":0,"event_name":"FaceTrader","floor":3,"gold_loss":0},{"damage_healed":0,"gold_gain":0,"player_choice":"Entered Light","damage_taken":16,"max_hp_gain":0,"max_hp_loss":0,"event_name":"Shining Light","floor":8,"gold_loss":0,"cards_upgraded":["Strike_R","Defend_R"]},{"damage_healed":20,"gold_gain":0,"player_choice":"Healed","damage_taken":0,"max_hp_gain":0,"max_hp_loss":0,"event_name":"The Cleric","floor":10,"gold_loss":35},{"damage_healed":0,"gold_gain":0,"player_choice":"Obtained Relic","damage_taken":0,"relics_obtained":["Bronze Scales"],"max_hp_gain":0,"max_hp_loss":0,"event_name":"Addict","floor":20,"gold_loss":85},{"damage_healed":0,"gold_gain":0,"player_choice":"Read","damage_taken":0,"max_hp_gain":0,"max_hp_loss":0,"event_name":"The Library","floor":28,"gold_loss":0,"cards_obtained":["Flame Barrier"]},{"cards_removed":["Immolate"],"damage_healed":4,"gold_gain":0,"player_choice":"Offered Rare","damage_taken":0,"max_hp_gain":10,"max_hp_loss":0,"event_name":"Bonfire Elementals","floor":29,"gold_loss":0},{"damage_healed":0,"gold_gain":0,"player_choice":"Shed Blood","damage_taken":23,"max_hp_gain":5,"max_hp_loss":0,"event_name":"Forgotten Altar","floor":31,"gold_loss":0},{"cards_removed":["Defend_R"],"damage_healed":0,"gold_gain":0,"player_choice":"Removed Skill","damage_taken":0,"max_hp_gain":0,"max_hp_loss":0,"event_name":"Falling","floor":36,"gold_loss":0},{"damage_healed":0,"gold_gain":0,"player_choice":"Gave Potion","damage_taken":0,"relics_obtained":["Letter Opener"],"max_hp_gain":0,"max_hp_loss":0,"event_name":"WeMeetAgain","floor":37,"gold_loss":0},{"damage_healed":0,"gold_gain":0,"player_choice":"Ignored","damage_taken":0,"max_hp_gain":0,"max_hp_loss":0,"event_name":"Tomb of Lord Red Mask","floor":39,"gold_loss":0}],"is_beta":false,"boss_relics":[{"not_picked":["Orrery","Sozu"],"picked":"Busted Crown"},{"not_picked":["Eternal Feather","Snecko Eye"],"picked":"Mark of Pain"}],"items_purged_floors":[],"is_endless":false,"potions_floor_spawned":[5,7,14,16,18,24,27,33,38],"killed_by":"Reptomancer","ascension_level":3}