{"gold_per_floor":[368,318,338,37,55,66,98,98,98,111,111,30,45,72,72,173,173,185,185,185,210,224,224],"floor_reached":23,"playtime":811,"items_purged":[],"score":201,"play_id":"74cc9d33-f2f9-4b69-b2f1-8c7312df6c8e","local_time":"25610715033558","is_ascension_mode":false,"campfire_choices":[{"data":"Inflame","floor":8,"key":"SMITH"},{"floor":11,"key":"REST"},{"data":"Flex","floor":15,"key":"SMITH"}],"neow_cost":"CURSE","seed_source_timestamp":62706145637507,"circlet_count":0,"master_deck":["Strike_R","Strike_R","Strike_R","Strike_R","Defend_R","Defend_R","Defend_R","Defend_R","Bash","Decay","Heavy Blade","Inflame+1","Dramatic Entrance","Whirlwind","Power Through","Blood for Blood","Flex+1","Infernal Blade","Perfected Strike","Demon Form","Feed","Shrug It Off","Dual Wield","Inflame","Flex"],"relics":["Burning Blood","Toolbox","Ancient Tea Set","Juzu Bracelet","Matryoshka","Sozu","Lantern","Red Mask"],"potions_floor_usage":[10,14,14,16],"damage_taken":[{"damage":13,"enemies":"Jaw Worm","floor":1,"turns":4},{"damage":13,"enemies":"2 Louse","floor":3,"turns":4},{"damage":2,"enemies":"Small Slimes","floor":5,"turns":3},{"damage":24,"enemies":"Red Slaver","floor":6,"turns":5},{"damage":29,"enemies":"3 Sentries","floor":7,"turns":5},{"damage":12,"enemies":"Large Slime","floor":10,"turns":6},{"damage":4,"enemies":"Blue Slaver","floor":13,"turns":2},{"damage":20,"enemies":"Lagavulin","floor":14,"turns":5},{"damage":47,"enemies":"The Guardian","floor":16,"turns":10},{"damage":31,"enemies":"Spheric Guardian","floor":18,"turns":5},{"damage":29,"floor":21,"turns":3},{"damage":12,"enemies":"3 Byrds","floor":22,"turns":6},{"damage":34,"enemies":"Book of Stabbing","floor":23,"turns":4}],"seed_played":"2561588210208704167","potions_obtained":[{"floor":7,"key":"Explosive Potion"},{"floor":10,"key":"Regen Potion"},{"floor":13,"key":"Energy Potion"},{"floor":14,"key":"Block Potion"}],"is_trial":false,"path_per_floor":["M","?","M","$","M","M","E","R","T","M","R","$","M","E","R","B",null,"M","?","?","?","M"],"character_chosen":"IRONCLAD","items_purchased":["Toolbox","Dramatic Entrance","Infernal Blade"],"campfire_rested":1,"item_purchase_floors":[4,4,12],"current_hp_per_floor":[73,73,66,66,70,56,33,33,33,27,51,51,53,48,48,7,80,55,55,55,35,29,0],"gold":224,"neow_bonus":"TWO_FIFTY_GOLD","is_prod":false,"is_daily":false,"chose_seed":false,"campfire_upgraded":2,"win_rate":0.0,"timestamp":1531600558,"path_taken":["M","?","M","$","?","M","E","R","T","M","R","$","M","E","R","BOSS","M","?","?","?","M","E"],"build_version":"2018-07-12","purchased_purges":0,"victory":false,"max_hp_per_floor":[80,80,80,80,80,80,80,80,80,80,80,80,80,80,80,80,80,80,80,80,83,83,83],"card_choices":[{"not_picked":["Body Slam","Clash"],"picked":"Heavy Blade","floor":1},{"not_picked":["True Grit","Searing Blow"],"picked":"Inflame","floor":3},{"not_picked":["Combust","Dual Wield"],"picked":"Whirlwind","floor":5},{"not_picked":["Corruption","Iron Wave"],"picked":"Power Through","floor":6},{"not_picked":["True Grit","Clash"],"picked":"Blood for Blood","floor":7},{"not_picked":["Body Slam","Seeing Red"],"picked":"Flex","floor":10},{"not_picked":["Berserk","Sever Soul"],"picked":"Perfected Strike","floor":13},{"not_picked":["Sever Soul","Entrench"],"picked":"Demon Form","floor":14},{"not_picked":["Brutality","Demon Form"],"picked":"Feed","floor":16},{"not_picked":["Body Slam","Dropkick"],"picked":"Shrug It Off","floor":18},{"not_picked":["True Grit","Shockwave"],"picked":"Inflame","floor":21},{"not_picked":["Headbutt","Pommel Strike"],"picked":"Flex","floor":22}],"player_experience":17276,"relics_obtained":[{"floor":7,"key":"Ancient Tea Set"},{"floor":9,"key":"Juzu Bracelet"},{"floor":14,"key":"Matryoshka"},{"floor":21,"key":"Red Mask"}],"event_choices":[{"event_name":"The Cleric","player_choice":"Card Removal","floor":2,"damage_taken":0},{"event_name":"The Mausoleum","player_choice":"Yes","floor":19,"damage_taken":0},{"event_name":"Match and Keep!","player_choice":"1 cards matched","floor":20,"damage_taken":0},{"event_name":"Masked Bandits","player_choice":"Fought over 185 gold","floor":21,"damage_taken":0}],"boss_relics":[{"not_picked":["Black Blood","White Beast Statue"],"picked":"Sozu"}],"items_purged_floors":[],"is_endless":false,"potions_floor_spawned":[7,10,13,14,21,22],"killed_by":"Book of Stabbing","ascension_level":0}