{"gold_per_floor":[116,127,146,146,160,187,187,112,157,157,157,14,14,39,39,113,113,130,130,144,144,159,159,176,209,233,265,265,285,305,325,325,325],"floor_reached":33,"playtime":1057,"items_purged":[],"score":520,"play_id":"31e65464-bf5d-4856-aca3-4c0593d5f702","local_time":"20190308205125","is_ascension_mode":true,"campfire_choices":[{"data":"Uppercut","floor":7.0,"key":"SMITH"},{"data":"Spot Weakness","floor":10.0,"key":"SMITH"},{"data":"True Grit","floor":13.0,"key":"SMITH"},{"data":"Armaments","floor":15.0,"key":"SMITH"},{"floor":23.0,"key":"REST"},{"floor":32,"key":"REST"}],"neow_cost":"NONE","seed_source_timestamp":44184442381905,"circlet_count":0,"master_deck":["AscendersBane","Strike_R","Strike_R","Strike_R","Strike_R","Defend_R","Defend_R","Defend_R","Defend_R","Bash+1","Rampage","True Grit+1","Spot Weakness+1","Anger","Uppercut+1","Armaments+1","Reaper","Headbutt+1","Twin Strike","Shrug It Off","Burning Pact+1","Pummel","Entrench+1"],"special_seed":0,"relics":["Burning Blood","Smiling Mask","Darkstone Periapt","Vajra","PreservedInsect","Lantern","Black Star","CultistMask","Potion Belt","Blue Candle","Orichalcum","Ancient Tea Set","Bottled Flame"],"potions_floor_usage":[27],"damage_taken":[{"damage":5.0,"enemies":"Small Slimes","floor":1.0,"turns":4.0},{"damage":8.0,"enemies":"2 Louse","floor":2.0,"turns":3.0},{"damage":2.0,"enemies":"Jaw Worm","floor":3.0,"turns":5.0},{"damage":5.0,"enemies":"Blue Slaver","floor":5.0,"turns":4.0},{"damage":31.0,"enemies":"Gremlin Nob","floor":6.0,"turns":4.0},{"damage":10.0,"enemies":"3 Sentries","floor":14.0,"turns":7.0},{"damage":38.0,"enemies":"Slime Boss","floor":16.0,"turns":13.0},{"damage":20.0,"enemies":"Shell Parasite","floor":18.0,"turns":5.0},{"damage":13.0,"enemies":"Spheric Guardian","floor":20.0,"turns":4.0},{"damage":24.0,"enemies":"Snake Plant","floor":22.0,"turns":5.0},{"damage":13.0,"enemies":"Snecko","floor":24.0,"turns":4.0},{"damage":20.0,"enemies":"Book of Stabbing","floor":25.0,"turns":3.0},{"damage":46,"enemies":"Slavers","floor":27,"turns":6},{"damage":7,"enemies":"Centurion and Healer","floor":29,"turns":5},{"damage":38,"enemies":"Chosen and Byrds","floor":30,"turns":5},{"damage":19,"enemies":"Snecko","floor":31,"turns":5},{"damage":54,"enemies":"Champ","floor":33,"turns":9}],"seed_played":"-2248443298869566578","potions_obtained":[{"floor":1.0,"key":"SkillPotion"},{"floor":6.0,"key":"SpeedPotion"},{"floor":14.0,"key":"Energy Potion"},{"floor":24.0,"key":"PowerPotion"},{"floor":25.0,"key":"Poison Potion"}],"is_trial":false,"path_per_floor":["M","M","M","?","M","E","R","?","T","R","?","$","R","E","R","B",null,"M","?","M","?","M","R","M","E","T","E","?","M","M","M","R","B"],"character_chosen":"IRONCLAD","items_purchased":["PreservedInsect"],"campfire_rested":2,"item_purchase_floors":[12],"current_hp_per_floor":[69,67,71,71,72,47,47,47,47,47,71,71,71,67,67,35,70,56,56,49,49,36,59,52,48,48,25,25,37,18,12,35,0],"gold":325,"neow_bonus":"RANDOM_COMMON_RELIC","is_prod":false,"is_daily":false,"chose_seed":false,"campfire_upgraded":4,"win_rate":0,"timestamp":1552107085,"path_taken":["M","M","M","?","M","E","R","?","T","R","?","?","R","E","R","BOSS","M","?","?","?","?","R","M","E","T","E","?","M","M","M","R","BOSS"],"build_version":"2019-01-23","purchased_purges":0,"victory":false,"max_hp_per_floor":[75,75,75,75,75,75,75,75,75,75,81,81,81,81,81,81,81,81,78,78,78,78,78,78,78,78,78,78,78,78,78,78,78],"card_choices":[{"not_picked":["Cleave","Flex"],"picked":"Rampage","floor":1.0},{"not_picked":["Dual Wield","Shockwave"],"picked":"True Grit","floor":2.0},{"not_picked":["Thunderclap","Sword Boomerang"],"picked":"Spot Weakness","floor":3.0},{"not_picked":["Bludgeon","Bloodletting"],"picked":"Anger","floor":5.0},{"not_picked":["Warcry","Blood for Blood"],"picked":"Uppercut","floor":6.0},{"not_picked":["Dual Wield","Havoc"],"picked":"Armaments","floor":14.0},{"not_picked":["Demon Form","Bludgeon"],"picked":"Reaper","floor":16.0},{"not_picked":["Warcry","Twin Strike"],"picked":"Headbutt+1","floor":18.0},{"not_picked":["Perfected Strike","Heavy Blade"],"picked":"Twin Strike","floor":20.0},{"not_picked":["Headbutt","Havoc"],"picked":"Shrug It Off","floor":22.0},{"not_picked":["Perfected Strike","Sword Boomerang","Clothesline"],"picked":"SKIP","floor":24.0},{"not_picked":["Wild Strike","Twin Strike+1"],"picked":"Burning Pact+1","floor":25.0},{"not_picked":["Sword Boomerang","Wild Strike"],"picked":"Pummel","floor":27},{"not_picked":["Anger","Infernal Blade","Flex"],"picked":"SKIP","floor":29},{"not_picked":["Barricade","Heavy Blade","Perfected Strike"],"picked":"SKIP","floor":30},{"not_picked":["Barricade","Heavy Blade","Perfected Strike"],"picked":"SKIP","floor":30},{"not_picked":["Fire Breathing+1","True Grit"],"picked":"Entrench+1","floor":31}],"player_experience":2334564,"relics_obtained":[{"floor":6.0,"key":"Darkstone Periapt"},{"floor":9.0,"key":"Vajra"},{"floor":14.0,"key":"Lantern"},{"floor":25.0,"key":"Potion Belt"},{"floor":25.0,"key":"Blue Candle"},{"floor":26.0,"key":"Orichalcum"},{"floor":27,"key":"Ancient Tea Set"},{"floor":27,"key":"Bottled Flame"}],"event_choices":[{"damage_healed":0.0,"max_hp_gain":0.0,"max_hp_loss":0.0,"gold_gain":0.0,"event_name":"Living Wall","player_choice":"Grow","floor":4.0,"gold_loss":0.0,"damage_taken":0.0,"cards_upgraded":["Bash"]},{"cards_removed":["Strike_R"],"damage_healed":0.0,"max_hp_gain":0.0,"max_hp_loss":0.0,"gold_gain":0.0,"event_name":"The Cleric","player_choice":"Card Removal","floor":8.0,"gold_loss":75.0,"damage_taken":0.0},{"damage_healed":18.0,"max_hp_gain":0.0,"max_hp_loss":0.0,"gold_gain":0.0,"event_name":"Mushrooms","player_choice":"Healed and dodged fight","floor":11.0,"gold_loss":0.0,"damage_taken":0.0,"cards_obtained":["Parasite"]},{"cards_removed":["Parasite"],"damage_healed":0.0,"max_hp_gain":0.0,"max_hp_loss":0.0,"gold_gain":0.0,"event_name":"Wheel of Change","player_choice":"Card Removal","floor":19.0,"gold_loss":0.0,"damage_taken":0.0},{"damage_healed":0.0,"max_hp_gain":0.0,"max_hp_loss":0.0,"gold_gain":0.0,"event_name":"FaceTrader","player_choice":"Trade","floor":21.0,"gold_loss":0.0,"damage_taken":0.0,"relics_obtained":["CultistMask"]},{"damage_healed":0,"gold_gain":0,"player_choice":"Ignored","damage_taken":0,"max_hp_gain":0,"max_hp_loss":0,"event_name":"Cursed Tome","floor":28,"gold_loss":0}],"is_beta":false,"boss_relics":[{"not_picked":["Busted Crown","Sozu"],"picked":"Black Star"}],"items_purged_floors":[],"is_endless":false,"potions_floor_spawned":[1,6,14,20,24,25],"killed_by":"Champ","ascension_level":15}