{"gold_per_floor":[117,130,130,130,148,178,178,209,258,258,291,359,409,436,436,514,514,534,17,67,117,167,167,194,244,313,341,359,389,439,467,467,538,538,548,650,484,534,584,614,614,640,667,744,73,108,5,34,34,34,34,34,34,12,39,39],"floor_reached":57,"playtime":1868,"items_purged":["Corruption","Shame","Injury"],"score":3963,"play_id":"800a2e11-cf99-49ca-a3d3-536e5de9e694","local_time":"20181225184826","is_ascension_mode":true,"campfire_choices":[{"data":"Immolate","floor":7.0,"key":"SMITH"},{"data":"Bash","floor":10.0,"key":"SMITH"},{"data":"Feel No Pain","floor":15.0,"key":"SMITH"},{"data":"Body Slam","floor":23.0,"key":"SMITH"},{"data":"Dark Embrace","floor":32.0,"key":"SMITH"},{"floor":41,"key":"RECALL"},{"floor":49,"key":"DIG"},{"floor":53,"key":"DIG"}],"neow_cost":"TEN_PERCENT_HP_LOSS","seed_source_timestamp":0,"circlet_count":0,"master_deck":["AscendersBane","Bash+1","Immolate+1","Thunderclap","Feel No Pain+1","Warcry+1","Offering+1","Entrench+1","Dropkick","Shrug It Off+1","Spot Weakness+1","Body Slam+1","Dark Embrace+1","Power Through+1","True Grit+1","Impervious+1","Battle Trance+1","Discovery+1"],"special_seed":0,"relics":["Burning Blood","The Courier","SsserpentHead","PreservedInsect","Happy Flower","Pen Nib","Toxic Egg 2","Oddly Smooth Stone","Pandora\u0027s Box","Membership Card","Calipers","Tiny Chest","Question Card","Juzu Bracelet","Champion Belt","Meat on the Bone","Prayer Wheel","Nunchaku","Enchiridion","Thread and Needle","Cursed Key","Torii","Anchor","Blood Vial","Lantern","Vajra","Boot","Bag of Preparation","TheAbacus","Ancient Tea Set","Bottled Lightning","Potion Belt","Mango","Shovel","Red Skull","Darkstone Periapt","Kunai","Dodecahedron","Mercury Hourglass"],"potions_floor_usage":[56,56,56],"damage_taken":[{"damage":14.0,"enemies":"Jaw Worm","floor":1.0,"turns":5.0},{"damage":5.0,"enemies":"Small Slimes","floor":2.0,"turns":2.0},{"damage":1.0,"enemies":"Cultist","floor":5.0,"turns":3.0},{"damage":42.0,"enemies":"Lagavulin","floor":6.0,"turns":7.0},{"damage":5.0,"enemies":"Gremlin Nob","floor":8.0,"turns":3.0},{"damage":20.0,"enemies":"Lagavulin","floor":11.0,"turns":3.0},{"damage":3.0,"enemies":"Exordium Wildlife","floor":12.0,"turns":2.0},{"damage":8.0,"enemies":"Gremlin Nob","floor":14.0,"turns":3.0},{"damage":20.0,"enemies":"Slime Boss","floor":16.0,"turns":4.0},{"damage":24.0,"enemies":"3 Byrds","floor":18.0,"turns":3.0},{"damage":6.0,"enemies":"Slavers","floor":24.0,"turns":1.0},{"damage":6.0,"enemies":"Book of Stabbing","floor":27.0,"turns":1.0},{"damage":6.0,"enemies":"Shell Parasite","floor":28.0,"turns":1.0},{"damage":11.0,"enemies":"Slavers","floor":29.0,"turns":2.0},{"damage":6.0,"enemies":"Gremlin Leader","floor":31.0,"turns":1.0},{"damage":6.0,"enemies":"Automaton","floor":33.0,"turns":7.0},{"damage":6,"enemies":"3 Darklings","floor":35,"turns":5},{"damage":8,"enemies":"2 Orb Walkers","floor":36,"turns":3},{"damage":2,"enemies":"Reptomancer","floor":40,"turns":3},{"damage":6,"enemies":"Giant Head","floor":42,"turns":3},{"damage":6,"enemies":"Reptomancer","floor":46,"turns":1},{"damage":6,"enemies":"Giant Head","floor":48,"turns":2},{"damage":6,"enemies":"Donu and Deca","floor":50,"turns":5},{"damage":9,"enemies":"Awakened One","floor":51,"turns":4},{"damage":6,"enemies":"Shield and Spear","floor":55,"turns":1},{"damage":6,"enemies":"The Heart","floor":56,"turns":6}],"seed_played":"-6055332814112144689","potions_obtained":[{"floor":5.0,"key":"LiquidBronze"},{"floor":6.0,"key":"SteroidPotion"},{"floor":8.0,"key":"Explosive Potion"},{"floor":24.0,"key":"Weak Potion"},{"floor":28.0,"key":"Swift Potion"},{"floor":29.0,"key":"Block Potion"},{"floor":33.0,"key":"Dexterity Potion"}],"is_trial":false,"path_per_floor":["M","M","?","?","M","E","R","E","T","R","E","M","?","E","R","B",null,"M","$","?","?","?","R","E","?","T","E","M","E","?","E","R","B",null,"M","?","$","?","?","E","R","E","T","T","$","E","$","E","R","B","B",null,"R","$","E","B",null],"character_chosen":"IRONCLAD","items_purchased":["Membership Card","Calipers","Tiny Chest","Question Card","Juzu Bracelet","Anchor","Blood Vial","Bag of Preparation","TheAbacus","Ancient Tea Set","Bottled Lightning","Potion Belt","Mango","Shovel","Discovery+1","SkillPotion"],"campfire_rested":0,"item_purchase_floors":[19,19,19,19,19,37,37,45,45,45,45,45,45,45,47,54],"current_hp_per_floor":[60,61,56,56,61,25,25,26,26,26,12,15,37,35,35,21,56,38,38,38,19,34,34,34,34,34,46,46,53,32,44,44,44,66,66,64,64,83,79,79,79,79,79,79,93,93,93,93,93,93,90,92,92,92,93,93],"gold":39,"neow_bonus":"THREE_RARE_CARDS","is_prod":false,"is_daily":false,"chose_seed":true,"campfire_upgraded":5,"win_rate":0,"timestamp":1545734906,"path_taken":["M","M","?","?","M","E","R","E","T","R","E","?","?","E","R","BOSS","M","$","?","?","?","R","E","?","T","E","M","E","?","E","R","BOSS","M","?","$","?","?","E","R","E","T","?","$","E","$","E","R","BOSS","BOSS","R","$","E","BOSS"],"build_version":"2018-12-20","purchased_purges":3,"victory":true,"max_hp_per_floor":[68,68,68,68,68,68,68,68,68,68,68,68,68,68,68,68,68,68,68,68,73,73,73,73,73,73,73,73,73,73,73,73,73,73,73,73,73,83,79,79,79,79,79,79,93,93,93,93,93,93,93,93,93,93,93,93],"card_choices":[{"not_picked":["Feed","Bludgeon"],"picked":"Immolate","floor":0.0},{"not_picked":["Twin Strike","Anger","Fire Breathing"],"picked":"SKIP","floor":1.0},{"not_picked":["Heavy Blade","Flex"],"picked":"Thunderclap","floor":2.0},{"not_picked":["Havoc","Intimidate"],"picked":"Feel No Pain","floor":5.0},{"not_picked":["Demon Form","Uppercut","Pummel"],"picked":"SKIP","floor":6.0},{"not_picked":["Headbutt","Seeing Red","Flame Barrier"],"picked":"SKIP","floor":8.0},{"not_picked":["Sentinel","Uppercut"],"picked":"Warcry","floor":11.0},{"not_picked":["Rupture","Headbutt","Clash"],"picked":"SKIP","floor":12.0},{"not_picked":["Infernal Blade+1","Berserk","Havoc+1"],"picked":"SKIP","floor":14.0},{"not_picked":["Infernal Blade+1","Berserk","Havoc+1"],"picked":"SKIP","floor":14.0},{"not_picked":["Brutality","Exhume+1"],"picked":"Offering+1","floor":16.0},{"not_picked":["Warcry+1","Shrug It Off+1"],"picked":"Power Through+1","floor":18.0},{"not_picked":["Wild Strike","Fire Breathing+1","Anger+1","Feed"],"picked":"SKIP","floor":24.0},{"not_picked":["Warcry+1","Thunderclap","Whirlwind+1","Dual Wield+1"],"picked":"SKIP","floor":27.0},{"not_picked":["Warcry+1","Thunderclap","Whirlwind+1","Dual Wield+1"],"picked":"SKIP","floor":27.0},{"not_picked":["Clothesline","Iron Wave","Combust","Armaments+1"],"picked":"SKIP","floor":28.0},{"not_picked":["Body Slam","True Grit+1","Thunderclap","Entrench+1"],"picked":"SKIP","floor":28.0},{"not_picked":["Body Slam","Thunderclap","Entrench+1"],"picked":"True Grit+1","floor":28.0},{"not_picked":["Clothesline","Iron Wave","Combust","Armaments+1"],"picked":"SKIP","floor":28.0},{"not_picked":["Shrug It Off+1","Intimidate+1","Dual Wield+1","Reckless Charge"],"picked":"SKIP","floor":29.0},{"not_picked":["Shrug It Off+1","Intimidate+1","Dual Wield+1","Reckless Charge"],"picked":"SKIP","floor":29.0},{"not_picked":["Perfected Strike+1","Hemokinesis","Heavy Blade","Thunderclap"],"picked":"SKIP","floor":31.0},{"not_picked":["Perfected Strike+1","Hemokinesis","Heavy Blade","Thunderclap"],"picked":"SKIP","floor":31.0},{"not_picked":["Feed","Exhume+1","Brutality"],"picked":"Impervious+1","floor":33.0},{"not_picked":["Uppercut+1","Rampage","Cleave","Thunderclap"],"picked":"SKIP","floor":35},{"not_picked":["Inflame","Cleave+1","Flex+1","Body Slam"],"picked":"SKIP","floor":35},{"not_picked":["Sentinel+1","Power Through+1","Hemokinesis","Warcry+1"],"picked":"SKIP","floor":40},{"not_picked":["Intimidate+1","Heavy Blade","Searing Blow"],"picked":"Battle Trance+1","floor":42},{"not_picked":["Sever Soul","Inflame+1","Pommel Strike+1","True Grit+1"],"picked":"SKIP","floor":46},{"not_picked":["Rupture","Iron Wave+1","Flex+1","Perfected Strike"],"picked":"SKIP","floor":48},{"not_picked":["Wild Strike+1","Thunderclap","Flex+1","Combust+1"],"picked":"SKIP","floor":55}],"player_experience":2443535,"relics_obtained":[{"floor":6.0,"key":"PreservedInsect"},{"floor":8.0,"key":"Happy Flower"},{"floor":9.0,"key":"Pen Nib"},{"floor":11.0,"key":"Toxic Egg 2"},{"floor":14.0,"key":"Oddly Smooth Stone"},{"floor":24.0,"key":"Champion Belt"},{"floor":26.0,"key":"Meat on the Bone"},{"floor":27.0,"key":"Prayer Wheel"},{"floor":29.0,"key":"Nunchaku"},{"floor":30.0,"key":"Enchiridion"},{"floor":31.0,"key":"Thread and Needle"},{"floor":36,"key":"Torii"},{"floor":40,"key":"Lantern"},{"floor":42,"key":"Vajra"},{"floor":44,"key":"Boot"},{"floor":46,"key":"Red Skull"},{"floor":48,"key":"Darkstone Periapt"},{"floor":49,"key":"Kunai"},{"floor":53,"key":"Dodecahedron"},{"floor":55,"key":"Mercury Hourglass"}],"event_choices":[{"damage_healed":0.0,"max_hp_gain":0.0,"max_hp_loss":0.0,"gold_gain":0.0,"event_name":"Scrap Ooze","player_choice":"Success","floor":3.0,"gold_loss":0.0,"damage_taken":5.0,"relics_obtained":["The Courier"]},{"damage_healed":0.0,"max_hp_gain":0.0,"max_hp_loss":0.0,"gold_gain":0.0,"event_name":"FaceTrader","player_choice":"Trade","floor":4.0,"gold_loss":0.0,"damage_taken":0.0,"relics_obtained":["SsserpentHead"]},{"damage_healed":22.0,"max_hp_gain":0.0,"max_hp_loss":0.0,"gold_gain":0.0,"event_name":"Big Fish","player_choice":"Banana","floor":13.0,"gold_loss":0.0,"damage_taken":0.0},{"cards_removed":["Searing Blow"],"damage_healed":0.0,"max_hp_gain":0.0,"max_hp_loss":0.0,"gold_gain":0.0,"event_name":"Back to Basics","player_choice":"Elegance","floor":20.0,"gold_loss":0.0,"damage_taken":0.0},{"damage_healed":0.0,"max_hp_gain":5.0,"max_hp_loss":0.0,"gold_gain":0.0,"event_name":"Forgotten Altar","player_choice":"Shed Blood","floor":21.0,"gold_loss":0.0,"damage_taken":24.0},{"damage_healed":15.0,"max_hp_gain":0.0,"max_hp_loss":0.0,"gold_gain":0.0,"event_name":"The Library","player_choice":"Heal","floor":22.0,"gold_loss":0.0,"damage_taken":0.0},{"damage_healed":0.0,"max_hp_gain":0.0,"max_hp_loss":0.0,"gold_gain":0.0,"event_name":"Vampires","player_choice":"Ignored","floor":25.0,"gold_loss":0.0,"damage_taken":0.0},{"damage_healed":0.0,"max_hp_gain":0.0,"max_hp_loss":0.0,"gold_gain":0.0,"event_name":"Cursed Tome","player_choice":"Obtained Book","floor":30.0,"gold_loss":0.0,"damage_taken":21.0},{"damage_healed":0,"gold_gain":0,"player_choice":"Fight","damage_taken":0,"max_hp_gain":0,"max_hp_loss":0,"event_name":"Mysterious Sphere","floor":36,"gold_loss":0},{"cards_removed":["Immolate"],"damage_healed":9,"gold_gain":0,"player_choice":"Offered Rare","damage_taken":0,"max_hp_gain":10,"max_hp_loss":0,"event_name":"Bonfire Elementals","floor":38,"gold_loss":0},{"damage_healed":0,"gold_gain":0,"player_choice":"Max HP","damage_taken":0,"max_hp_gain":0,"max_hp_loss":4,"event_name":"Winding Halls","floor":39,"gold_loss":0}],"is_beta":false,"boss_relics":[{"not_picked":["Eternal Feather","Black Blood"],"picked":"Pandora\u0027s Box"},{"not_picked":["Empty Cage","Fusion Hammer"],"picked":"Cursed Key"}],"items_purged_floors":[37,45,47],"is_endless":false,"potions_floor_spawned":[5,6,8,24,28,29,33,35,40,42],"ascension_level":20}