{"gold_per_floor":[367,385,56,75,25,25,60,78,78,78,94,113,113,144,144,267,267,281,304,322,18,18,18,86,86,113,134,152,10,33,132,132,132],"floor_reached":33,"playtime":1349,"items_purged":["Writhe"],"score":279,"play_id":"4c4bc2b7-138e-4829-a0b3-6af8f592d33f","local_time":"25610717185518","is_ascension_mode":false,"campfire_choices":[{"data":"Neutralize","floor":6,"key":"SMITH"},{"data":"Poisoned Stab","floor":15,"key":"SMITH"},{"floor":23,"key":"REST"},{"data":"Dash","floor":25,"key":"SMITH"},{"floor":32,"key":"REST"}],"neow_cost":"CURSE","seed_source_timestamp":27898363652545,"circlet_count":0,"master_deck":["Defend_G","Defend_G","Defend_G","Defend_G","Strike_G","Strike_G","Strike_G","Strike_G","Survivor","Neutralize+1","Quick Slash","Blade Dance","Dash+1","PiercingWail","Flying Knee","Poisoned Stab","Poisoned Stab","Deadly Poison","Poisoned Stab+1","Glass Knife","Well Laid Plans+1","Flying Knee","Deadly Poison","All Out Attack","Acrobatics+1","Underhanded Strike+1","Panache","Sucker Punch"],"relics":["Ring of the Snake","Membership Card","Incense Burner","Letter Opener","Golden Idol","Gremlin Horn","Empty Cage","TwistedFunnel","Strawberry","Tiny Chest","Juzu Bracelet"],"potions_floor_usage":[7,11,16,16,18,19,20,24,28],"damage_taken":[{"damage":1,"enemies":"Cultist","floor":1,"turns":5},{"damage":5,"enemies":"Small Slimes","floor":2,"turns":5},{"damage":0,"enemies":"2 Louse","floor":4,"turns":3},{"damage":10,"enemies":"Lagavulin","floor":7,"turns":8},{"damage":0,"enemies":"Large Slime","floor":8,"turns":5},{"damage":3,"enemies":"Gremlin Gang","floor":11,"turns":4},{"damage":1,"enemies":"Red Slaver","floor":12,"turns":3},{"damage":5,"enemies":"Gremlin Nob","floor":14,"turns":4},{"damage":7,"enemies":"The Guardian","floor":16,"turns":10},{"damage":20,"enemies":"Spheric Guardian","floor":18,"turns":6},{"damage":10,"enemies":"2 Thieves","floor":19,"turns":4},{"damage":8,"enemies":"Snake Plant","floor":20,"turns":5},{"damage":20,"enemies":"Book of Stabbing","floor":24,"turns":5},{"damage":14,"enemies":"Centurion and Healer","floor":27,"turns":6},{"damage":12,"enemies":"3 Cultists","floor":28,"turns":4},{"damage":3,"enemies":"Snake Plant","floor":30,"turns":3},{"damage":49,"enemies":"Champ","floor":33,"turns":10}],"seed_played":"840977767821899742","potions_obtained":[{"floor":1,"key":"EssenceOfSteel"},{"floor":8,"key":"EntropicBrew"},{"floor":16,"key":"FairyPotion"},{"floor":18,"key":"Fire Potion"},{"floor":19,"key":"GamblersBrew"},{"floor":20,"key":"SkillPotion"},{"floor":27,"key":"PowerPotion"}],"is_trial":false,"path_per_floor":["M","M","$","M","?","R","E","M","T","?","M","M","?","E","R","B",null,"M","M","M","$","?","R","E","R","T","M","M","$","M","?","R"],"character_chosen":"THE_SILENT","items_purchased":["Membership Card","Dash","PiercingWail","TwistedFunnel","Strawberry","All Out Attack","Panache"],"campfire_rested":2,"item_purchase_floors":[3,3,3,21,21,21,29],"current_hp_per_floor":[69,64,64,64,64,64,54,54,54,70,67,66,66,61,61,54,70,50,40,32,39,39,62,42,42,42,28,16,16,13,13,36,0],"gold":132,"neow_bonus":"TWO_FIFTY_GOLD","is_prod":false,"is_daily":false,"chose_seed":false,"campfire_upgraded":3,"win_rate":0,"timestamp":1531828518,"path_taken":["M","M","$","?","?","R","E","M","T","?","M","?","?","E","R","BOSS","M","M","?","$","?","R","E","R","T","M","M","$","M","?","R","BOSS"],"build_version":"2018-07-12","purchased_purges":1,"victory":false,"max_hp_per_floor":[70,70,70,70,70,70,70,70,70,70,70,70,70,70,70,70,70,70,70,70,77,77,77,77,77,77,77,77,77,77,77,77,77],"card_choices":[{"not_picked":["Underhanded Strike","Dagger Spray"],"picked":"Quick Slash","floor":1},{"not_picked":["Bane","Expertise"],"picked":"Blade Dance","floor":2},{"not_picked":["Deflect","Cloak And Dagger"],"picked":"Flying Knee","floor":4},{"not_picked":["Wraith Form v2","Heel Hook"],"picked":"Poisoned Stab","floor":7},{"not_picked":["Bane","Sucker Punch"],"picked":"Predator","floor":8},{"not_picked":["Infinite Blades","Quick Slash"],"picked":"Poisoned Stab","floor":11},{"not_picked":["Blade Dance","Flechettes"],"picked":"Deadly Poison","floor":12},{"not_picked":["Dagger Spray","Burst"],"picked":"Poisoned Stab","floor":14},{"not_picked":["After Image","Wraith Form v2"],"picked":"Glass Knife","floor":16},{"not_picked":["Accuracy","Dodge and Roll"],"picked":"Well Laid Plans+1","floor":18},{"not_picked":["Outmaneuver","Underhanded Strike"],"picked":"Flying Knee","floor":19},{"not_picked":["Storm of Steel","Footwork"],"picked":"Deadly Poison","floor":20},{"not_picked":["Dodge and Roll","Expertise"],"picked":"Acrobatics+1","floor":24},{"not_picked":["Prepared","Sucker Punch+1"],"picked":"Underhanded Strike+1","floor":27},{"not_picked":["Underhanded Strike+1","Terror","Acrobatics"],"picked":"SKIP","floor":28},{"not_picked":["Prepared","Heel Hook"],"picked":"Sucker Punch","floor":30}],"player_experience":77074,"relics_obtained":[{"floor":7,"key":"Incense Burner"},{"floor":9,"key":"Letter Opener"},{"floor":14,"key":"Gremlin Horn"},{"floor":24,"key":"Tiny Chest"},{"floor":26,"key":"Juzu Bracelet"}],"event_choices":[{"event_name":"The Cleric","player_choice":"Card Removal","floor":5,"damage_taken":0},{"event_name":"Bonfire Elementals","player_choice":"UNCOMMON","floor":10,"damage_taken":0},{"event_name":"Golden Idol","player_choice":"Take Wound","floor":13,"damage_taken":0},{"event_name":"Drug Dealer","player_choice":"Ignored","floor":22,"damage_taken":0},{"event_name":"Nest","player_choice":"Stole From Cult","floor":31,"damage_taken":0}],"boss_relics":[{"not_picked":["Tiny House","Snecko Eye"],"picked":"Empty Cage"}],"items_purged_floors":[3],"is_endless":false,"potions_floor_spawned":[1,8,11,12,14,16,18,19,20,27],"killed_by":"Champ","ascension_level":0}