{"gold_per_floor":[116,132,148,163,173,208,225,260,260,288,288,288,288,318,318,392,392,410,250,260,29,47,47,78,78,78,112,27,42,68,102,102,178,178,198,218,266,280,291,324,424,458,458,485,485,510,527,561,561,561,561,561,561,2,28,28],"floor_reached":57,"playtime":3120,"items_purged":["FTL"],"score":3945,"play_id":"c5762e33-f997-47a3-96d6-189eb2fa02b4","local_time":"20190128164052","daily_mods":["SealedDeck","DeadlyEvents","Elite Swarm"],"is_ascension_mode":true,"campfire_choices":[{"data":"Electrodynamics","floor":11.0,"key":"SMITH"},{"data":"Go for the Eyes","floor":13.0,"key":"SMITH"},{"data":"Fission","floor":15.0,"key":"SMITH"},{"data":"Defragment","floor":23.0,"key":"SMITH"},{"data":"Electrodynamics","floor":25.0,"key":"SMITH"},{"data":"Coolheaded","floor":32.0,"key":"SMITH"},{"data":"Buffer","floor":45.0,"key":"SMITH"},{"floor":49,"key":"RECALL"},{"data":"Buffer","floor":53,"key":"SMITH"}],"neow_cost":"","seed_source_timestamp":0,"circlet_count":0,"master_deck":["AscendersBane","White Noise","Sweeping Beam","Go for the Eyes+1","Coolheaded+1","Leap","Reinforced Body+1","Compile Driver","Ball Lightning","Genetic Algorithm","Electrodynamics+1","Buffer+1","Fission+1","Echo Form","Defragment+1","Core Surge","Electrodynamics+1","Thunder Strike","Defragment+1","Creative AI","Reinforced Body+1","Meteor Strike","Buffer+1","Rainbow","Buffer+1","Electrodynamics","Conserve Battery+1","Echo Form","Storm","Capacitor","Defragment","Heatsinks","Storm","Self Repair","Capacitor","Defragment","Dark Shackles"],"special_seed":0,"relics":["Cracked Core","Regal Pillow","Blue Candle","Gremlin Horn","PreservedInsect","Unceasing Top","Snecko Eye","Letter Opener","The Courier","Shuriken","Pocketwatch","Mercury Hourglass","Strawberry","Black Star","Dead Branch","Du-Vu Doll","Bag of Preparation","Peace Pipe","Dodecahedron","Mummified Hand","Prayer Wheel","Emotion Chip","Smiling Mask","Orichalcum","Singing Bowl","War Paint","DataDisk","Bottled Lightning"],"potions_floor_usage":[56,56],"damage_taken":[{"damage":0.0,"enemies":"Small Slimes","floor":1.0,"turns":2.0},{"damage":0.0,"enemies":"Cultist","floor":2.0,"turns":3.0},{"damage":0.0,"enemies":"Jaw Worm","floor":3.0,"turns":2.0},{"damage":0.0,"enemies":"Large Slime","floor":4.0,"turns":5.0},{"damage":5.0,"enemies":"3 Louse","floor":5.0,"turns":4.0},{"damage":0.0,"enemies":"Lagavulin","floor":6.0,"turns":6.0},{"damage":0.0,"enemies":"Blue Slaver","floor":7.0,"turns":3.0},{"damage":6.0,"enemies":"Gremlin Nob","floor":8.0,"turns":3.0},{"damage":6.0,"enemies":"3 Sentries","floor":10.0,"turns":3.0},{"damage":0.0,"enemies":"Lagavulin","floor":14.0,"turns":4.0},{"damage":0.0,"enemies":"Slime Boss","floor":16.0,"turns":8.0},{"damage":0.0,"enemies":"Shell Parasite","floor":18.0,"turns":7.0},{"damage":0.0,"enemies":"Spheric Guardian","floor":20.0,"turns":4.0},{"damage":0.0,"enemies":"Centurion and Healer","floor":22.0,"turns":5.0},{"damage":0.0,"enemies":"Slavers","floor":24.0,"turns":3.0},{"damage":5.0,"enemies":"Book of Stabbing","floor":27.0,"turns":4.0},{"damage":13.0,"enemies":"Shelled Parasite and Fungi","floor":29.0,"turns":2.0},{"damage":0.0,"enemies":"Slavers","floor":30.0,"turns":1.0},{"damage":0.0,"enemies":"Book of Stabbing","floor":31.0,"turns":4.0},{"damage":0.0,"enemies":"Collector","floor":33.0,"turns":4.0},{"damage":0.0,"enemies":"3 Shapes","floor":35.0,"turns":3.0},{"damage":0.0,"enemies":"3 Darklings","floor":36.0,"turns":4.0},{"damage":0.0,"enemies":"2 Orb Walkers","floor":37.0,"turns":3.0},{"damage":20.0,"enemies":"4 Shapes","floor":38.0,"turns":4.0},{"damage":0.0,"enemies":"Maw","floor":39.0,"turns":3.0},{"damage":0.0,"enemies":"Nemesis","floor":40.0,"turns":3.0},{"damage":0.0,"enemies":"Mind Bloom Boss Battle","floor":41.0,"turns":4.0},{"damage":2.0,"enemies":"Giant Head","floor":42.0,"turns":5.0},{"damage":0.0,"enemies":"Nemesis","floor":44.0,"turns":3.0},{"damage":0.0,"enemies":"Reptomancer","floor":46.0,"turns":1.0},{"damage":0.0,"enemies":"Writhing Mass","floor":47.0,"turns":3.0},{"damage":0.0,"enemies":"Giant Head","floor":48.0,"turns":3.0},{"damage":0,"enemies":"Awakened One","floor":50,"turns":4},{"damage":0,"enemies":"Time Eater","floor":51,"turns":3},{"damage":30,"enemies":"Shield and Spear","floor":55,"turns":4},{"damage":0,"enemies":"The Heart","floor":56,"turns":8}],"seed_played":"6216176256624099701","potions_obtained":[{"floor":1.0,"key":"Weak Potion"},{"floor":3.0,"key":"Explosive Potion"},{"floor":10.0,"key":"Block Potion"},{"floor":31.0,"key":"Energy Potion"},{"floor":35.0,"key":"Swift Potion"},{"floor":38.0,"key":"Explosive Potion"},{"floor":55,"key":"Weak Potion"}],"is_trial":true,"path_per_floor":["M","M","M","M","M","E","M","E","T","E","R","?","R","E","R","B",null,"M","$","M","$","M","R","E","R","T","E","?","M","E","E","R","B",null,"M","M","?","M","M","E","?","E","T","E","R","E","M","E","R","B","B",null,"R","$","E","B",null],"character_chosen":"DEFECT","items_purchased":["Defragment","Core Surge","Electrodynamics","Storm","Capacitor","Defragment","Heatsinks","Storm","Self Repair","Capacitor","Defragment","Dark Shackles"],"campfire_rested":0,"item_purchase_floors":[19,21,21,54,54,54,54,54,54,54,54,54],"current_hp_per_floor":[64,64,64,64,59,59,59,53,53,47,47,47,47,47,47,47,65,65,65,65,65,65,65,65,65,65,60,60,47,47,54,54,54,72,72,72,72,52,52,52,52,50,50,50,50,50,50,50,50,50,50,71,71,71,43,50],"gold":28,"neow_bonus":"","is_prod":false,"is_daily":false,"chose_seed":false,"campfire_upgraded":8,"win_rate":0,"timestamp":1548722452,"path_taken":["M","M","M","M","M","E","M","E","T","E","R","?","R","E","R","BOSS","M","?","M","$","M","R","E","R","T","E","?","M","?","E","R","BOSS","M","M","?","M","M","E","?","E","T","E","R","E","?","E","R","BOSS","BOSS","R","$","E","BOSS"],"build_version":"2019-01-23","purchased_purges":1,"victory":true,"max_hp_per_floor":[71,71,71,71,71,71,71,71,71,71,71,71,71,71,71,71,71,71,71,71,71,71,71,71,71,71,71,71,71,71,78,78,78,78,78,78,78,78,78,78,78,78,78,78,78,78,78,78,78,78,78,78,78,78,80,80],"card_choices":[{"not_picked":["Fusion","Compile Driver","Barrage"],"picked":"SKIP","floor":1.0},{"not_picked":["Rip and Tear","Compile Driver","Turbo"],"picked":"SKIP","floor":2.0},{"not_picked":["Go for the Eyes","Tempest","Double Energy"],"picked":"SKIP","floor":3.0},{"not_picked":["Coolheaded","Recycle","Beam Cell"],"picked":"SKIP","floor":4.0},{"not_picked":["Sunder","Streamline","Conserve Battery"],"picked":"SKIP","floor":5.0},{"not_picked":["Sunder","Streamline","Conserve Battery"],"picked":"SKIP","floor":5.0},{"not_picked":["Thunder Strike","Machine Learning","Amplify"],"picked":"SKIP","floor":6.0},{"not_picked":["Coolheaded","Blizzard","Sweeping Beam"],"picked":"SKIP","floor":7.0},{"not_picked":["Echo Form","Biased Cognition"],"picked":"Electrodynamics","floor":8.0},{"not_picked":["Creative AI","Machine Learning"],"picked":"Buffer","floor":10.0},{"not_picked":["Echo Form","Amplify"],"picked":"Fission","floor":14.0},{"not_picked":["Amplify","Creative AI"],"picked":"Echo Form","floor":16.0},{"not_picked":["White Noise","Chaos","Rebound"],"picked":"SKIP","floor":18.0},{"not_picked":["Tempest","Redo","Gash"],"picked":"SKIP","floor":20.0},{"not_picked":["Streamline","Scrape","Stack"],"picked":"SKIP","floor":22.0},{"not_picked":["Core Surge","Amplify","Multi-Cast"],"picked":"SKIP","floor":24.0},{"not_picked":["Core Surge","Seek"],"picked":"Thunder Strike","floor":27.0},{"not_picked":["Turbo","Sunder"],"picked":"Defragment+1","floor":29.0},{"not_picked":["Machine Learning","Electrodynamics","All For One"],"picked":"SKIP","floor":30.0},{"not_picked":["Fission","Hyperbeam"],"picked":"Creative AI","floor":31.0},{"not_picked":["Sweeping Beam","Scrape+1","Turbo"],"picked":"SKIP","floor":35.0},{"not_picked":["Go for the Eyes","Rip and Tear","Barrage"],"picked":"SKIP","floor":36.0},{"not_picked":["Steam","Rebound"],"picked":"Reinforced Body+1","floor":37.0},{"not_picked":["Double Energy+1","Coolheaded","Rip and Tear"],"picked":"SKIP","floor":38.0},{"not_picked":["Conserve Battery","Rebound"],"picked":"Meteor Strike","floor":39.0},{"not_picked":["Reboot","Seek"],"picked":"Buffer","floor":40.0},{"not_picked":["Core Surge","Machine Learning"],"picked":"Rainbow","floor":42.0},{"not_picked":["Thunder Strike","Reboot"],"picked":"Buffer","floor":44.0},{"not_picked":["Machine Learning","All For One"],"picked":"Electrodynamics","floor":46.0},{"not_picked":["Ball Lightning","Steam Power"],"picked":"Conserve Battery","floor":47.0},{"not_picked":["Coolheaded","Leap","Go for the Eyes"],"picked":"SKIP","floor":47.0},{"not_picked":["Machine Learning","Hyperbeam"],"picked":"Echo Form","floor":48.0},{"not_picked":["Electrodynamics","Amplify","Seek"],"picked":"Singing Bowl","floor":55}],"player_experience":2083428,"relics_obtained":[{"floor":6.0,"key":"Regal Pillow"},{"floor":8.0,"key":"Blue Candle"},{"floor":9.0,"key":"Gremlin Horn"},{"floor":10.0,"key":"PreservedInsect"},{"floor":14.0,"key":"Unceasing Top"},{"floor":24.0,"key":"Letter Opener"},{"floor":26.0,"key":"The Courier"},{"floor":27.0,"key":"Shuriken"},{"floor":30.0,"key":"Mercury Hourglass"},{"floor":31.0,"key":"Strawberry"},{"floor":37.0,"key":"Dead Branch"},{"floor":40.0,"key":"Du-Vu Doll"},{"floor":40.0,"key":"Bag of Preparation"},{"floor":41.0,"key":"Peace Pipe"},{"floor":42.0,"key":"Dodecahedron"},{"floor":42.0,"key":"Mummified Hand"},{"floor":44.0,"key":"Prayer Wheel"},{"floor":44.0,"key":"Emotion Chip"},{"floor":46.0,"key":"Smiling Mask"},{"floor":46.0,"key":"Orichalcum"},{"floor":48.0,"key":"Singing Bowl"},{"floor":48.0,"key":"War Paint"},{"floor":55,"key":"DataDisk"},{"floor":55,"key":"Bottled Lightning"}],"event_choices":[{"damage_healed":0.0,"max_hp_gain":0.0,"max_hp_loss":0.0,"gold_gain":0.0,"event_name":"Upgrade Shrine","player_choice":"Upgraded","floor":12.0,"gold_loss":0.0,"damage_taken":0.0,"cards_upgraded":["Buffer"]},{"damage_healed":0.0,"max_hp_gain":0.0,"max_hp_loss":0.0,"gold_gain":0.0,"event_name":"Addict","player_choice":"Obtained Relic","floor":28.0,"gold_loss":85.0,"damage_taken":0.0,"relics_obtained":["Pocketwatch"]},{"damage_healed":0.0,"max_hp_gain":0.0,"max_hp_loss":0.0,"gold_gain":0.0,"event_name":"Mysterious Sphere","player_choice":"Fight","floor":37.0,"gold_loss":0.0,"damage_taken":0.0},{"damage_healed":0.0,"max_hp_gain":0.0,"max_hp_loss":0.0,"gold_gain":0.0,"event_name":"MindBloom","player_choice":"Fight","floor":41.0,"gold_loss":0.0,"damage_taken":0.0}],"is_beta":false,"boss_relics":[{"not_picked":["Runic Dome","White Beast Statue"],"picked":"Snecko Eye"},{"not_picked":["Nuclear Battery","Tiny House"],"picked":"Black Star"}],"items_purged_floors":[19],"is_endless":false,"potions_floor_spawned":[1,3,6,8,10,16,20,31,35,37,38,40,41,46,55],"ascension_level":20}