{"gold_per_floor":[119,119,136,136,148,148,181,191,191,191,207,241,241,272,272,272],"floor_reached":16,"playtime":945,"items_purged":[],"score":240,"play_id":"76526819-b78c-41f2-a39a-642a0f9b4f6e","local_time":"20181206175756","is_ascension_mode":true,"campfire_choices":[{"floor":6,"key":"REST"},{"floor":10,"key":"REST"},{"floor":13,"key":"REST"},{"floor":15,"key":"RECALL"}],"neow_cost":"PERCENT_DAMAGE","seed_source_timestamp":1805495743434122,"circlet_count":0,"master_deck":["AscendersBane","Strike_B","Strike_B","Defend_B","Defend_B","Defend_B","Defend_B","Zap","Dualcast","Rip and Tear","Ball Lightning+1","Machine Learning","Cold Snap+1","Go for the Eyes+1","BootSequence","Echo Form","Cold Snap+1"],"relics":["Cracked Core","Molten Egg 2","Dream Catcher","Oddly Smooth Stone","Kunai"],"potions_floor_usage":[8,12,16],"damage_taken":[{"damage":0,"enemies":"Cultist","floor":1,"turns":3},{"damage":10,"enemies":"2 Louse","floor":3,"turns":2},{"damage":4,"enemies":"Small Slimes","floor":5,"turns":3},{"damage":18,"enemies":"Lagavulin","floor":7,"turns":6},{"damage":16,"enemies":"Exordium Thugs","floor":8,"turns":3},{"damage":0,"enemies":"2 Fungi Beasts","floor":11,"turns":2},{"damage":22,"enemies":"3 Sentries","floor":12,"turns":8},{"damage":2,"enemies":"Lagavulin","floor":14,"turns":5},{"damage":32,"enemies":"Slime Boss","floor":16,"turns":7}],"seed_played":"4054888066980966596","potions_obtained":[{"floor":1,"key":"Energy Potion"},{"floor":8,"key":"Poison Potion"},{"floor":11,"key":"EssenceOfSteel"},{"floor":12,"key":"EssenceOfSteel"}],"is_trial":false,"path_per_floor":["M","?","M","?","M","R","E","M","T","R","M","E","R","E","R","B"],"character_chosen":"DEFECT","items_purchased":[],"campfire_rested":3,"item_purchase_floors":[],"current_hp_per_floor":[46,41,31,31,27,48,30,14,14,35,35,13,34,32,32,0],"gold":272,"neow_bonus":"REMOVE_TWO","is_prod":false,"is_daily":false,"chose_seed":false,"campfire_upgraded":0,"win_rate":0,"timestamp":1544137076,"path_taken":["M","?","M","?","M","R","E","M","T","R","?","E","R","E","R","BOSS"],"build_version":"2018-12-06","purchased_purges":0,"victory":false,"max_hp_per_floor":[71,71,71,71,71,71,71,71,71,71,71,71,71,71,71,71],"card_choices":[{"not_picked":["Storm","Leap"],"picked":"Rip and Tear","floor":1},{"not_picked":["Rebound+1","Stack"],"picked":"Ball Lightning+1","floor":3},{"not_picked":["Streamline+1","Lockon+1"],"picked":"Cold Snap+1","floor":5},{"not_picked":["Leap","Skim","Redo"],"picked":"SKIP","floor":7},{"not_picked":["Compile Driver+1","Streamline+1"],"picked":"Go for the Eyes+1","floor":8},{"not_picked":["Double Energy","Leap"],"picked":"BootSequence","floor":11},{"not_picked":["Scrape+1","Rip and Tear+1"],"picked":"Echo Form","floor":12},{"not_picked":["Heatsinks","Stack"],"picked":"Cold Snap+1","floor":14}],"player_experience":1291167,"relics_obtained":[{"floor":7,"key":"Dream Catcher"},{"floor":12,"key":"Oddly Smooth Stone"},{"floor":14,"key":"Kunai"}],"event_choices":[{"damage_healed":0,"gold_gain":0,"player_choice":"Success","damage_taken":5,"relics_obtained":["Molten Egg 2"],"max_hp_gain":0,"max_hp_loss":0,"event_name":"Scrap Ooze","floor":2,"gold_loss":0},{"damage_healed":0,"gold_gain":0,"player_choice":"1 cards matched","damage_taken":0,"max_hp_gain":0,"max_hp_loss":0,"event_name":"Match and Keep!","floor":4,"gold_loss":0,"cards_obtained":["Machine Learning"]}],"is_beta":true,"boss_relics":[],"items_purged_floors":[],"is_endless":false,"potions_floor_spawned":[1,8,11,12],"killed_by":"Slime Boss","ascension_level":20}