{"gold_per_floor":[111,111,32,43,59,59,91,91,115,132,132],"floor_reached":11,"playtime":349,"items_purged":[],"score":91,"play_id":"a0cc9b30-7f5b-4cbe-9f65-052545208c5b","local_time":"20180809012742","is_ascension_mode":true,"campfire_choices":[{"data":"Genetic Algorithm","floor":6,"key":"SMITH"},{"data":"Zap","floor":8,"key":"SMITH"}],"neow_cost":"NONE","seed_source_timestamp":0,"circlet_count":0,"master_deck":["Strike_B+1","Strike_B+1","Strike_B","Strike_B","Defend_B","Defend_B","Defend_B","Defend_B","Zap+1","Dualcast","Genetic Algorithm+1","Fission","Conserve Battery","Cold Snap","Amplify"],"special_seed":0,"relics":["Cracked Core","Bronze Scales","Happy Flower","Whetstone"],"potions_floor_usage":[7],"damage_taken":[{"damage":0.0,"enemies":"Small Slimes","floor":1.0,"turns":2.0},{"damage":0.0,"enemies":"Cultist","floor":4.0,"turns":3.0},{"damage":6,"enemies":"Jaw Worm","floor":5,"turns":4},{"damage":56,"enemies":"Gremlin Nob","floor":7,"turns":6},{"damage":2,"enemies":"Blue Slaver","floor":10,"turns":3},{"damage":15,"enemies":"Lagavulin","floor":11,"turns":6}],"seed_played":"1501316073493552036","potions_obtained":[{"floor":5,"key":"SteroidPotion"}],"is_trial":false,"path_per_floor":["M","?","$","M","M","R","E","R","T","M"],"character_chosen":"DEFECT","items_purchased":["Fission"],"campfire_rested":0,"item_purchase_floors":[3],"current_hp_per_floor":[75,75,75,75,69,69,13,13,13,11,0],"gold":132,"neow_bonus":"RANDOM_COMMON_RELIC","is_prod":false,"is_daily":false,"chose_seed":false,"campfire_upgraded":2,"win_rate":0,"timestamp":1533770862,"path_taken":["M","?","$","M","M","R","E","R","T","M","E"],"build_version":"2018-08-02","purchased_purges":0,"victory":false,"max_hp_per_floor":[75,75,75,75,75,75,75,75,75,75,75],"card_choices":[{"not_picked":["Barrage","Melter"],"picked":"Genetic Algorithm","floor":1.0},{"not_picked":["Steam","Beam Cell"],"picked":"Conserve Battery","floor":4},{"not_picked":["Tempest","Scrape"],"picked":"Cold Snap","floor":5},{"not_picked":["Turbo","Genetic Algorithm"],"picked":"Amplify","floor":7},{"not_picked":["Go for the Eyes","Rebound","Sweeping Beam"],"picked":"SKIP","floor":10}],"player_experience":233157,"relics_obtained":[{"floor":7,"key":"Happy Flower"},{"floor":9,"key":"Whetstone"}],"event_choices":[{"event_name":"The Woman in Blue","player_choice":"Bought 0 Potions","floor":2.0,"damage_taken":0.0}],"is_beta":false,"boss_relics":[],"items_purged_floors":[],"is_endless":false,"potions_floor_spawned":[5],"killed_by":"Lagavulin","ascension_level":5}