{"gold_per_floor":[113,130,180,180,190,190,215,215,215,215,231,34,66,81,81,152,152,164,175,190,190,204,204,237,237,261,277,277,294,10,22,22,96,96,107,126,146,1,21,21,56,56,107,107,107,121,148,164,164,164],"floor_reached":51,"playtime":2066,"items_purged":[],"score":1328,"play_id":"1967f59e-1d99-44d7-8a35-8170eb64de98","local_time":"20181024225534","is_ascension_mode":true,"campfire_choices":[{"data":"Clothesline","floor":6.0,"key":"SMITH"},{"data":"Bash","floor":8.0,"key":"SMITH"},{"data":"Iron Wave","floor":10.0,"key":"SMITH"},{"data":"True Grit","floor":15.0,"key":"SMITH"},{"floor":23.0,"key":"REST"},{"floor":25.0,"key":"REST"},{"data":"Power Through","floor":28.0,"key":"SMITH"},{"floor":32.0,"key":"REST"},{"floor":40.0,"key":"REST"},{"floor":42.0,"key":"REST"},{"floor":45,"key":"REST"},{"floor":49,"key":"REST"}],"neow_cost":"NONE","seed_source_timestamp":47314718493609,"circlet_count":0,"master_deck":["Strike_R","Strike_R","Strike_R","Strike_R","Strike_R","Defend_R","Defend_R","Defend_R","Defend_R","Bash+1","AscendersBane","Clothesline+1","Iron Wave+1","Anger","Headbutt","Wild Strike","True Grit+1","Fiend Fire","Battle Trance","Twin Strike","Power Through+1","Flame Barrier","Evolve","Apotheosis","Armaments","Reaper","Pummel+1","Limit Break","Impervious","Demon Form","Heavy Blade","Parasite","Battle Trance+1"],"special_seed":0,"relics":["Burning Blood","Bronze Scales","Shuriken","Pear","Darkstone Periapt","Medical Kit","Pen Nib","Mark of Pain","Mango","Happy Flower","Fusion Hammer","Meat on the Bone","Orichalcum","Ginger","Boot"],"potions_floor_usage":[47,50,50],"damage_taken":[{"damage":23.0,"enemies":"Jaw Worm","floor":1.0,"turns":4.0},{"damage":2.0,"enemies":"Cultist","floor":2.0,"turns":4.0},{"damage":3.0,"enemies":"Small Slimes","floor":5.0,"turns":4.0},{"damage":8.0,"enemies":"Gremlin Nob","floor":7.0,"turns":4.0},{"damage":5.0,"enemies":"Blue Slaver","floor":11.0,"turns":3.0},{"damage":13.0,"enemies":"3 Sentries","floor":13.0,"turns":6.0},{"damage":3.0,"enemies":"Large Slime","floor":14.0,"turns":5.0},{"damage":37.0,"enemies":"Slime Boss","floor":16.0,"turns":11.0},{"damage":21.0,"enemies":"Shell Parasite","floor":18.0,"turns":5.0},{"damage":4.0,"enemies":"Spheric Guardian","floor":19.0,"turns":3.0},{"damage":31.0,"enemies":"Snake Plant","floor":20.0,"turns":3.0},{"damage":13.0,"enemies":"Snecko","floor":22.0,"turns":3.0},{"damage":36.0,"enemies":"Book of Stabbing","floor":24.0,"turns":5.0},{"damage":8.0,"enemies":"Centurion and Healer","floor":27.0,"turns":6.0},{"damage":14.0,"enemies":"Snake Plant","floor":29.0,"turns":4.0},{"damage":12.0,"enemies":"3 Cultists","floor":31.0,"turns":5.0},{"damage":65.0,"enemies":"Automaton","floor":33.0,"turns":10.0},{"damage":28.0,"enemies":"3 Shapes","floor":35.0,"turns":5.0},{"damage":0.0,"enemies":"3 Darklings","floor":36.0,"turns":6.0},{"damage":30.0,"enemies":"Maw","floor":37.0,"turns":7.0},{"damage":26.0,"enemies":"Spire Growth","floor":39.0,"turns":5.0},{"damage":41.0,"enemies":"Nemesis","floor":41.0,"turns":9.0},{"damage":3,"enemies":"Mind Bloom Boss Battle","floor":44,"turns":6},{"damage":3,"enemies":"4 Shapes","floor":46,"turns":6},{"damage":52,"enemies":"Reptomancer","floor":47,"turns":6},{"damage":25,"enemies":"Writhing Mass","floor":48,"turns":6},{"damage":108,"enemies":"Donu and Deca","floor":50,"turns":9}],"seed_played":"-7942434618558804636","potions_obtained":[{"floor":1.0,"key":"SpeedPotion"},{"floor":11.0,"key":"AttackPotion"},{"floor":16.0,"key":"EssenceOfSteel"},{"floor":19.0,"key":"Energy Potion"},{"floor":29.0,"key":"SkillPotion"},{"floor":31.0,"key":"PowerPotion"},{"floor":36.0,"key":"Fire Potion"},{"floor":37.0,"key":"Poison Potion"},{"floor":39.0,"key":"SkillPotion"},{"floor":46,"key":"Regen Potion"},{"floor":48,"key":"SkillPotion"}],"is_trial":false,"path_per_floor":["M","M","?","T","M","R","E","R","T","R","M","$","E","M","R","B",null,"M","M","M","?","M","R","E","R","T","M","R","M","$","M","R","B",null,"M","M","M","$","M","R","E","R","T","?","R","M","E","M","R","B"],"character_chosen":"IRONCLAD","items_purchased":["Medical Kit","Evolve","Apotheosis","Armaments","Limit Break"],"campfire_rested":7,"item_purchase_floors":[12,30,30,30,38],"current_hp_per_floor":[51,55,55,55,58,58,66,66,66,66,67,67,60,63,63,32,72,57,59,34,34,27,52,36,65,65,63,63,55,55,49,78,19,79,57,69,45,45,35,64,42,71,71,82,99,99,83,70,101,42],"gold":164,"neow_bonus":"RANDOM_COMMON_RELIC","is_prod":false,"is_daily":false,"chose_seed":true,"campfire_upgraded":5,"win_rate":0,"timestamp":1540446934,"path_taken":["M","M","?","?","M","R","E","R","T","R","M","$","E","M","R","BOSS","M","M","M","?","M","R","E","R","T","M","R","?","$","M","R","BOSS","M","M","M","$","M","R","E","R","T","?","R","M","E","M","R","BOSS"],"build_version":"2018-10-18","purchased_purges":0,"victory":true,"max_hp_per_floor":[75,75,75,75,75,75,85,85,85,85,85,85,85,85,85,85,85,85,85,85,85,85,85,99,99,99,99,99,99,99,99,99,99,99,99,99,99,99,99,99,99,99,99,99,99,99,99,105,105,105],"card_choices":[{"not_picked":["Hemokinesis","Spot Weakness"],"picked":"Clothesline","floor":1.0},{"not_picked":["Cleave","Armaments"],"picked":"Iron Wave","floor":2.0},{"not_picked":["Shrug It Off","Flex"],"picked":"Anger","floor":5.0},{"not_picked":["Anger","Disarm"],"picked":"Headbutt","floor":7.0},{"not_picked":["Heavy Blade","Iron Wave","Spot Weakness"],"picked":"SKIP","floor":11.0},{"not_picked":["Clash","Headbutt"],"picked":"Wild Strike","floor":13.0},{"not_picked":["Corruption","Clash"],"picked":"True Grit","floor":14.0},{"not_picked":["Double Tap","Berserk"],"picked":"Fiend Fire","floor":16.0},{"not_picked":["Dual Wield","Heavy Blade","Headbutt"],"picked":"SKIP","floor":18.0},{"not_picked":["Armaments","Inflame","Heavy Blade+1"],"picked":"SKIP","floor":19.0},{"not_picked":["Bloodletting","Heavy Blade"],"picked":"Battle Trance","floor":20.0},{"not_picked":["Sever Soul+1","Clothesline+1"],"picked":"Twin Strike","floor":22.0},{"not_picked":["Heavy Blade","Impervious"],"picked":"Power Through","floor":24.0},{"not_picked":["Shrug It Off","Perfected Strike"],"picked":"Flame Barrier","floor":27.0},{"not_picked":["Armaments","Flex","Havoc+1"],"picked":"SKIP","floor":29.0},{"not_picked":["Iron Wave","Perfected Strike","Rampage"],"picked":"SKIP","floor":31.0},{"not_picked":["Juggernaut","Limit Break"],"picked":"Reaper","floor":33.0},{"not_picked":["Anger+1","Heavy Blade+1","Iron Wave"],"picked":"SKIP","floor":35.0},{"not_picked":["Flame Barrier","Cleave","Havoc+1"],"picked":"SKIP","floor":36.0},{"not_picked":["Flame Barrier","Cleave","Havoc+1"],"picked":"SKIP","floor":36.0},{"not_picked":["Sentinel","Perfected Strike+1"],"picked":"Pummel+1","floor":37.0},{"not_picked":["Body Slam+1","Iron Wave+1"],"picked":"Impervious","floor":39.0},{"not_picked":["Flame Barrier","True Grit+1"],"picked":"Demon Form","floor":41.0},{"not_picked":["Thunderclap","Cleave","Wild Strike"],"picked":"SKIP","floor":46},{"not_picked":["Thunderclap","Perfected Strike"],"picked":"Heavy Blade","floor":47},{"not_picked":["Armaments","Fire Breathing"],"picked":"Battle Trance+1","floor":48}],"player_experience":1451312,"relics_obtained":[{"floor":4.0,"key":"Shuriken"},{"floor":7.0,"key":"Pear"},{"floor":9.0,"key":"Darkstone Periapt"},{"floor":13.0,"key":"Pen Nib"},{"floor":24.0,"key":"Mango"},{"floor":26.0,"key":"Happy Flower"},{"floor":41.0,"key":"Meat on the Bone"},{"floor":43.0,"key":"Orichalcum"},{"floor":44,"key":"Ginger"},{"floor":47,"key":"Boot"}],"event_choices":[{"damage_healed":0.0,"max_hp_gain":0.0,"max_hp_loss":0.0,"gold_gain":100.0,"event_name":"Golden Shrine","player_choice":"Pray","floor":3.0,"gold_loss":0.0,"damage_taken":0.0},{"damage_healed":0.0,"max_hp_gain":0.0,"max_hp_loss":0.0,"gold_gain":0.0,"event_name":"Beggar","player_choice":"Ignored","floor":21.0,"gold_loss":0.0,"damage_taken":0.0},{"damage_healed":0,"gold_gain":0,"player_choice":"Fight","damage_taken":0,"max_hp_gain":0,"max_hp_loss":0,"event_name":"MindBloom","floor":44,"gold_loss":0}],"is_beta":false,"boss_relics":[{"not_picked":["Black Blood","Velvet Choker"],"picked":"Mark of Pain"},{"not_picked":["Runic Dome","Sozu"],"picked":"Fusion Hammer"}],"items_purged_floors":[],"is_endless":false,"potions_floor_spawned":[1,11,16,19,22,29,31,36,37,39,46,48],"ascension_level":15}