{"gold_per_floor":[115,115,40,315,332,363,374,64,64,64],"floor_reached":10,"playtime":352,"items_purged":["Regret"],"score":132,"play_id":"dd6ef30b-1f82-46aa-b993-a15137e351a4","local_time":"20190118220049","is_ascension_mode":true,"campfire_choices":[],"neow_cost":"PERCENT_DAMAGE","seed_source_timestamp":1489057341333,"circlet_count":0,"master_deck":["AscendersBane","Strike_B","Strike_B","Strike_B","Defend_B","Defend_B","Defend_B","Zap","Dualcast","Sweeping Beam","Machine Learning","Ball Lightning","Glacier","Beam Cell","Loop","Double Energy","Self Repair","Go for the Eyes","Skim"],"special_seed":0,"relics":["Cracked Core","Kunai","Dream Catcher","Molten Egg 2"],"potions_floor_usage":[10,10],"damage_taken":[{"damage":5.0,"enemies":"Small Slimes","floor":1.0,"turns":3.0},{"damage":2.0,"enemies":"Cultist","floor":5.0,"turns":4.0},{"damage":31.0,"enemies":"3 Sentries","floor":6.0,"turns":9.0},{"damage":2.0,"enemies":"Jaw Worm","floor":7.0,"turns":3.0},{"damage":5,"enemies":"Gremlin Gang","floor":10,"turns":2}],"seed_played":"-7274535543232406615","potions_obtained":[{"floor":1.0,"key":"SpeedPotion"},{"floor":6.0,"key":"Swift Potion"}],"is_trial":false,"path_per_floor":["M","?","$","?","M","E","M","$","T","M"],"character_chosen":"DEFECT","items_purchased":["Glacier","Self Repair","SteroidPotion","Go for the Eyes","Skim"],"campfire_rested":0,"item_purchase_floors":[3,8,8,8,8],"current_hp_per_floor":[41,36,36,36,34,3,1,1,1,0],"gold":64,"neow_bonus":"TRANSFORM_TWO_CARDS","is_prod":false,"is_daily":false,"chose_seed":false,"campfire_upgraded":0,"win_rate":0,"timestamp":1547820049,"path_taken":["M","?","$","?","?","E","M","$","T","M"],"build_version":"2019-01-17v2","purchased_purges":1,"victory":false,"max_hp_per_floor":[71,71,71,71,71,71,71,71,71,71],"card_choices":[{"not_picked":["Melter","Streamline"],"picked":"Ball Lightning","floor":1.0},{"not_picked":["Compile Driver","Stack"],"picked":"Beam Cell","floor":5.0},{"not_picked":["Compile Driver","Loop","Doom and Gloom"],"picked":"SKIP","floor":6.0},{"not_picked":["Compile Driver","Doom and Gloom"],"picked":"Loop","floor":6.0},{"not_picked":["Leap","Turbo"],"picked":"Double Energy","floor":7.0}],"player_experience":2548207,"relics_obtained":[{"floor":6.0,"key":"Dream Catcher"},{"floor":9.0,"key":"Molten Egg 2"}],"event_choices":[{"damage_healed":0.0,"max_hp_gain":0.0,"max_hp_loss":0.0,"gold_gain":0.0,"event_name":"Scrap Ooze","player_choice":"Success","floor":2.0,"gold_loss":0.0,"damage_taken":5.0,"relics_obtained":["Kunai"]},{"damage_healed":0.0,"max_hp_gain":0.0,"max_hp_loss":0.0,"gold_gain":275.0,"event_name":"Golden Shrine","player_choice":"Desecrate","floor":4.0,"gold_loss":0.0,"damage_taken":0.0,"cards_obtained":["Regret"]}],"is_beta":false,"boss_relics":[],"items_purged_floors":[8],"is_endless":false,"potions_floor_spawned":[1,6],"killed_by":"Gremlin Gang","ascension_level":20}