{"gold_per_floor":[115,134,134,144,156,156,169,169,169,201,221,221,296,312,312,403,403,426,450,375,234,234,234],"floor_reached":23,"playtime":862,"items_purged":[],"score":338,"play_id":"b7390373-0b80-4eb8-afd1-e7c5c4e14a5c","local_time":"20190419085436","is_ascension_mode":true,"campfire_choices":[{"data":"Bash","floor":6,"key":"SMITH"},{"data":"Cleave","floor":8,"key":"SMITH"},{"floor":15,"key":"REST"}],"neow_cost":"NONE","seed_source_timestamp":20668612192511,"circlet_count":0,"master_deck":["AscendersBane","Strike_R","Strike_R+1","Defend_R+1","Defend_R","Defend_R","Defend_R","Bash+1","Cleave+1","Wild Strike","True Grit","Metallicize","Battle Trance","Anger","Pommel Strike","Rampage","Fiend Fire+1","Metallicize","Headbutt"],"relics":["Burning Blood","Smiling Mask","Bird Faced Urn","Ginger","Golden Idol","Empty Cage"],"potions_floor_usage":[10,19,23],"damage_taken":[{"damage":6,"enemies":"Small Slimes","floor":1,"turns":5},{"damage":2,"enemies":"2 Louse","floor":2,"turns":3},{"damage":10,"enemies":"Jaw Worm","floor":4,"turns":4},{"damage":6,"enemies":"2 Fungi Beasts","floor":5,"turns":4},{"damage":11,"enemies":"Lots of Slimes","floor":7,"turns":5},{"damage":24,"enemies":"3 Sentries","floor":10,"turns":7},{"damage":8,"enemies":"Gremlin Gang","floor":11,"turns":3},{"damage":12,"enemies":"Exordium Thugs","floor":14,"turns":5},{"damage":15,"enemies":"Slime Boss","floor":16,"turns":8},{"damage":21,"enemies":"Shell Parasite","floor":18,"turns":6},{"damage":15,"enemies":"Spheric Guardian","floor":19,"turns":3},{"damage":42,"enemies":"Gremlin Leader","floor":23,"turns":4}],"seed_played":"4008246741019882918","potions_obtained":[{"floor":2,"key":"BloodPotion"},{"floor":5,"key":"FearPotion"},{"floor":14,"key":"LiquidBronze"}],"is_trial":false,"path_per_floor":["M","M","?","M","M","R","M","R","T","E","M","?","?","M","R","B",null,"M","M","?","$","?","E"],"character_chosen":"IRONCLAD","items_purchased":["Metallicize","PowerPotion","Headbutt"],"campfire_rested":1,"item_purchase_floors":[21,21,21],"current_hp_per_floor":[68,72,49,45,45,45,40,40,40,31,29,29,18,14,34,27,58,45,36,36,36,36,0],"gold":234,"neow_bonus":"RANDOM_COMMON_RELIC","is_prod":false,"is_daily":false,"chose_seed":false,"campfire_upgraded":2,"win_rate":0,"timestamp":1555689276,"path_taken":["M","M","?","M","M","R","M","R","T","E","M","?","?","M","R","BOSS","M","M","?","$","?","E"],"build_version":"2019-01-23","purchased_purges":0,"victory":false,"max_hp_per_floor":[75,75,75,75,75,75,75,75,75,75,75,68,68,68,68,68,68,68,68,68,68,68,68],"card_choices":[{"not_picked":["Armaments","Evolve"],"picked":"Cleave","floor":1},{"not_picked":["Havoc","Corruption"],"picked":"Wild Strike","floor":2},{"not_picked":["Thunderclap","Rage"],"picked":"True Grit","floor":4},{"not_picked":["Burning Pact","Heavy Blade"],"picked":"Metallicize","floor":5},{"not_picked":["Clash","Dual Wield"],"picked":"Battle Trance","floor":7},{"not_picked":["Headbutt","Heavy Blade"],"picked":"Anger","floor":10},{"not_picked":["Combust","Rage"],"picked":"Pommel Strike","floor":11},{"not_picked":["Seeing Red","Warcry"],"picked":"Rampage","floor":14},{"not_picked":["Exhume","Immolate"],"picked":"Fiend Fire","floor":16},{"not_picked":["Anger","Heavy Blade","Searing Blow"],"picked":"SKIP","floor":18},{"not_picked":["Warcry","Sword Boomerang","Dropkick"],"picked":"SKIP","floor":19}],"player_experience":2470461,"relics_obtained":[{"floor":9,"key":"Bird Faced Urn"},{"floor":10,"key":"Ginger"}],"event_choices":[{"damage_healed":0,"gold_gain":0,"player_choice":"Entered Light","damage_taken":23,"max_hp_gain":0,"max_hp_loss":0,"event_name":"Shining Light","floor":3,"gold_loss":0,"cards_upgraded":["Strike_R","Defend_R"]},{"damage_healed":0,"gold_gain":0,"player_choice":"Lose Max HP","damage_taken":0,"relics_obtained":["Golden Idol"],"max_hp_gain":0,"max_hp_loss":7,"event_name":"Golden Idol","floor":12,"gold_loss":0},{"damage_healed":0,"gold_gain":75,"player_choice":"Gather Gold","damage_taken":11,"max_hp_gain":0,"max_hp_loss":0,"event_name":"World of Goop","floor":13,"gold_loss":0},{"cards_removed":["Strike_R"],"damage_healed":0,"gold_gain":0,"player_choice":"Gave Gold","damage_taken":0,"max_hp_gain":0,"max_hp_loss":0,"event_name":"Beggar","floor":20,"gold_loss":75},{"damage_healed":0,"gold_gain":0,"player_choice":"Upgraded","damage_taken":0,"max_hp_gain":0,"max_hp_loss":0,"event_name":"Upgrade Shrine","floor":22,"gold_loss":0,"cards_upgraded":["Fiend Fire"]}],"is_beta":false,"boss_relics":[{"not_picked":["Black Blood","Orrery"],"picked":"Empty Cage"}],"items_purged_floors":[],"is_endless":false,"potions_floor_spawned":[2,5,14,16,18],"killed_by":"Gremlin Leader","ascension_level":15}