{"gold_per_floor":[360,87,105,30,30,55,66,66,66,101,121,121,134,46,46,120,120,138,138,148,148,167,167,22,32,56,56,56],"floor_reached":28,"playtime":1558,"items_purged":["Pain","Strike_B"],"score":399,"play_id":"3dbbf1be-ab01-4552-93d6-2821aee62dec","local_time":"20180723104703","is_ascension_mode":true,"campfire_choices":[{"floor":8.0,"key":"REST"},{"data":"Streamline","floor":12.0,"key":"SMITH"},{"data":"Hologram","floor":15.0,"key":"SMITH"},{"data":"Seek","floor":23.0,"key":"SMITH"}],"neow_cost":"CURSE","seed_source_timestamp":0,"circlet_count":0,"master_deck":["Strike_B","Strike_B","Defend_B","Defend_B","Defend_B","Defend_B","Zap","Dualcast","AscendersBane","Streamline+1","BootSequence","Cold Snap","Capacitor","Go for the Eyes","Compile Driver","Conserve Battery","Cold Snap","Hologram+1","Self Repair","Seek+1","Darkness","Hologram","Leap","RitualDagger"],"special_seed":0,"relics":["Cracked Core","Smiling Mask","DataDisk","Juzu Bracelet","Oddly Smooth Stone","Runic Dome","Bottled Lightning","Lantern","Boot"],"potions_floor_usage":[28],"damage_taken":[{"damage":3.0,"enemies":"Small Slimes","floor":1.0,"turns":2.0},{"damage":0.0,"enemies":"Cultist","floor":3.0,"turns":3.0},{"damage":25.0,"enemies":"Lagavulin","floor":6.0,"turns":8.0},{"damage":0.0,"enemies":"2 Louse","floor":7.0,"turns":2.0},{"damage":5.0,"enemies":"3 Sentries","floor":10.0,"turns":7.0},{"damage":5.0,"enemies":"Looter","floor":11.0,"turns":3.0},{"damage":5.0,"enemies":"Blue Slaver","floor":13.0,"turns":4.0},{"damage":15.0,"enemies":"Hexaghost","floor":16.0,"turns":11.0},{"damage":0.0,"enemies":"Chosen","floor":18.0,"turns":5.0},{"damage":0.0,"floor":19.0,"turns":1.0},{"damage":6.0,"enemies":"Shell Parasite","floor":20.0,"turns":5.0},{"damage":2.0,"enemies":"Centurion and Healer","floor":22.0,"turns":6.0},{"damage":5,"enemies":"Slaver and Parasite","floor":25,"turns":7},{"damage":84,"enemies":"Gremlin Leader","floor":28,"turns":7}],"seed_played":"3996031301357416972","potions_obtained":[{"floor":1.0,"key":"SmokeBomb"},{"floor":6.0,"key":"Regen Potion"},{"floor":13.0,"key":"SteroidPotion"},{"floor":20.0,"key":"Regen Potion"}],"is_trial":false,"path_per_floor":["M","$","M","?","?","E","M","R","T","E","M","R","M","$","R","B",null,"M","?","M","T","M","R","$","M","T","?"],"character_chosen":"DEFECT","items_purchased":["BootSequence","Cold Snap","Capacitor","Self Repair","Lantern"],"campfire_rested":1,"item_purchase_floors":[2,2,2,14,24],"current_hp_per_floor":[61,61,61,61,43,18,18,39,39,49,44,44,39,39,39,31,61,68,68,69,69,71,71,71,71,71,65,0],"gold":56,"neow_bonus":"TWO_FIFTY_GOLD","is_prod":false,"is_daily":false,"chose_seed":false,"campfire_upgraded":3,"win_rate":0,"timestamp":1532368023,"path_taken":["M","$","M","?","?","E","?","R","T","E","M","R","M","?","R","BOSS","M","?","M","?","M","R","$","M","T","?","E"],"build_version":"2018-07-19v2","purchased_purges":2,"victory":false,"max_hp_per_floor":[71,71,71,71,71,71,71,71,71,71,71,71,71,71,71,71,71,71,71,71,71,71,71,71,71,71,71,71],"card_choices":[{"not_picked":["Beam Cell","Chaos"],"picked":"Streamline","floor":1.0},{"not_picked":["Steam Power","Double Energy"],"picked":"Go for the Eyes","floor":3.0},{"not_picked":["Beam Cell","Barrage"],"picked":"Compile Driver","floor":6.0},{"not_picked":["Steam","Meteor Strike"],"picked":"Conserve Battery","floor":7.0},{"not_picked":["Rebound","Compile Driver"],"picked":"Cold Snap","floor":10.0},{"not_picked":["Steam Power","Streamline"],"picked":"Hologram","floor":11.0},{"not_picked":["Sweeping Beam","Cold Snap","Hologram"],"picked":"SKIP","floor":13.0},{"not_picked":["Core Surge","Hyperbeam"],"picked":"Seek","floor":16.0},{"not_picked":["Heatsinks","Streamline"],"picked":"Darkness","floor":18.0},{"not_picked":["Streamline","Self Repair+1"],"picked":"Hologram","floor":20.0},{"not_picked":["BootSequence","Go for the Eyes"],"picked":"Leap","floor":22.0},{"not_picked":["Heatsinks","Darkness","Leap"],"picked":"SKIP","floor":25}],"player_experience":856939,"relics_obtained":[{"floor":6.0,"key":"DataDisk"},{"floor":9.0,"key":"Juzu Bracelet"},{"floor":10.0,"key":"Oddly Smooth Stone"},{"floor":21.0,"key":"Bottled Lightning"},{"floor":26,"key":"Boot"}],"event_choices":[{"event_name":"The Cleric","player_choice":"Card Removal","floor":4.0,"damage_taken":0.0},{"event_name":"Scrap Ooze","player_choice":"success","floor":5.0,"damage_taken":18.0},{"event_name":"Masked Bandits","player_choice":"Fought over 138 gold","floor":19.0,"damage_taken":0.0},{"event_name":"Nest","player_choice":"Joined the Cult","floor":27,"damage_taken":0}],"is_beta":false,"boss_relics":[{"not_picked":["Lizard Tail","Ectoplasm"],"picked":"Runic Dome"}],"items_purged_floors":[2,14],"is_endless":false,"potions_floor_spawned":[1,6,13,18,19,20],"killed_by":"Gremlin Leader","ascension_level":15}