{"gold_per_floor":[117,129,140,140,65,65,130,130,178,178,198,231,231,259,259,259],"floor_reached":16,"playtime":533,"items_purged":["Strike_G"],"score":216,"play_id":"4c438008-2047-44b7-93b7-4fbc5808829b","local_time":"20181223214935","is_ascension_mode":true,"campfire_choices":[{"data":"Masterful Stab","floor":6.0,"key":"SMITH"},{"floor":8.0,"key":"REST"},{"floor":10.0,"key":"REST"},{"data":"Flechettes","floor":15.0,"key":"SMITH"}],"neow_cost":"NONE","seed_source_timestamp":3886409732524,"circlet_count":0,"master_deck":["AscendersBane","Defend_G","Defend_G","Defend_G","Defend_G","Defend_G","Strike_G","Strike_G","Strike_G","Strike_G","Survivor","Neutralize","Masterful Stab+1","Flechettes+1","Terror","Expertise"],"special_seed":0,"relics":["Black Star","Gambling Chip","Singing Bowl","Omamori","Anchor","Letter Opener","The Specimen","Boot"],"potions_floor_usage":[],"damage_taken":[{"damage":13.0,"enemies":"Jaw Worm","floor":1.0,"turns":7.0},{"damage":2.0,"enemies":"Small Slimes","floor":2.0,"turns":4.0},{"damage":0.0,"enemies":"2 Louse","floor":3.0,"turns":4.0},{"damage":32.0,"enemies":"Gremlin Nob","floor":7.0,"turns":6.0},{"damage":3.0,"enemies":"Blue Slaver","floor":11.0,"turns":2.0},{"damage":25.0,"enemies":"Lagavulin","floor":12.0,"turns":7.0},{"damage":20.0,"enemies":"3 Sentries","floor":14.0,"turns":11.0},{"damage":0,"enemies":"Slime Boss","floor":16,"turns":4}],"seed_played":"7759715337591154383","potions_obtained":[{"floor":1.0,"key":"Weak Potion"},{"floor":3.0,"key":"EssenceOfSteel"},{"floor":7.0,"key":"Explosive Potion"},{"floor":11.0,"key":"Ancient Potion"}],"is_trial":false,"path_per_floor":["M","M","M","?","$","R","?","R","T","R","M","E","?","E","R","B"],"character_chosen":"THE_SILENT","items_purchased":[],"campfire_rested":2,"item_purchase_floors":[],"current_hp_per_floor":[46,44,44,33,33,33,1,20,20,39,38,13,35,17,17,17],"gold":259,"neow_bonus":"BOSS_RELIC","is_prod":false,"is_daily":false,"chose_seed":false,"campfire_upgraded":2,"win_rate":0,"timestamp":1545572975,"path_taken":["M","M","M","?","$","R","?","R","T","R","M","E","?","E","R","BOSS"],"build_version":"2018-12-20","purchased_purges":1,"victory":false,"max_hp_per_floor":[66,66,66,66,66,66,66,66,66,66,68,68,68,70,70,70],"card_choices":[{"not_picked":["Bouncing Flask","Blade Dance"],"picked":"Masterful Stab","floor":1.0},{"not_picked":["Sucker Punch","Prepared","Underhanded Strike"],"picked":"SKIP","floor":2.0},{"not_picked":["Catalyst","Distraction"],"picked":"Flechettes","floor":3.0},{"not_picked":["Heel Hook","Flying Knee"],"picked":"Terror","floor":7.0},{"not_picked":["Accuracy","Backflip","Slice"],"picked":"Singing Bowl","floor":11.0},{"not_picked":["Underhanded Strike","Bane"],"picked":"Expertise","floor":12.0},{"not_picked":["After Image","PiercingWail","Finisher"],"picked":"Singing Bowl","floor":14.0}],"player_experience":2413472,"relics_obtained":[{"floor":7.0,"key":"Singing Bowl"},{"floor":9.0,"key":"Omamori"},{"floor":12.0,"key":"Anchor"},{"floor":12.0,"key":"Letter Opener"},{"floor":14.0,"key":"The Specimen"},{"floor":14.0,"key":"Boot"}],"event_choices":[{"damage_healed":0.0,"max_hp_gain":0.0,"max_hp_loss":0.0,"gold_gain":0.0,"event_name":"Scrap Ooze","player_choice":"Success","floor":4.0,"gold_loss":0.0,"damage_taken":11.0,"relics_obtained":["Gambling Chip"]},{"damage_healed":0.0,"max_hp_gain":0.0,"max_hp_loss":0.0,"gold_gain":0.0,"event_name":"Dead Adventurer","player_choice":"Searched \u00272\u0027 times","floor":7.0,"gold_loss":0.0,"damage_taken":0.0},{"damage_healed":22.0,"max_hp_gain":0.0,"max_hp_loss":0.0,"gold_gain":0.0,"event_name":"Big Fish","player_choice":"Banana","floor":13.0,"gold_loss":0.0,"damage_taken":0.0}],"is_beta":false,"boss_relics":[],"items_purged_floors":[5],"is_endless":false,"potions_floor_spawned":[1,3,7,11],"killed_by":"Slime Boss","ascension_level":20}