{"gold_per_floor":[112,112,128,148,166,166,201,201,201,201,212,231,256,431,431,527,527,547,6,256,272,291,291,291],"floor_reached":24,"playtime":718,"items_purged":[],"score":229,"play_id":"3ed63095-9dce-48eb-a623-92400bbc06c3","local_time":"25610720173733","is_ascension_mode":true,"campfire_choices":[{"data":"Armaments","floor":6,"key":"SMITH"},{"data":"Seeing Red","floor":8,"key":"SMITH"},{"data":"Bash","floor":10,"key":"SMITH"},{"data":"Doubt","floor":15,"key":"PURGE"},{"data":"Immolate","floor":23,"key":"SMITH"}],"neow_cost":"NONE","seed_source_timestamp":23080123103946,"circlet_count":0,"master_deck":["Strike_R","Strike_R","Strike_R","Strike_R","Strike_R","Defend_R","Defend_R","Defend_R","Defend_R","Bash+1","Spot Weakness","Armaments+1","Headbutt","Seeing Red+1","Inflame","Carnage","Immolate+1","Reaper","Pommel Strike","Regret","Metallicize"],"relics":["Burning Blood","Strawberry","Juzu Bracelet","Self Forming Clay","Peace Pipe","Mark of Pain","Matryoshka","Nunchaku"],"potions_floor_usage":[5,7,12,16,21],"damage_taken":[{"damage":8,"enemies":"Small Slimes","floor":1,"turns":3},{"damage":10,"enemies":"Cultist","floor":3,"turns":4},{"damage":6,"enemies":"2 Louse","floor":4,"turns":3},{"damage":6,"enemies":"Looter","floor":5,"turns":2},{"damage":23,"enemies":"Lagavulin","floor":7,"turns":7},{"damage":10,"enemies":"2 Fungi Beasts","floor":11,"turns":3},{"damage":8,"enemies":"Exordium Thugs","floor":12,"turns":4},{"damage":11,"enemies":"Gremlin Nob","floor":13,"turns":3},{"damage":47,"enemies":"Slime Boss","floor":16,"turns":9},{"damage":25,"enemies":"Shell Parasite","floor":18,"turns":5},{"damage":25,"enemies":"3 Byrds","floor":21,"turns":6},{"damage":43,"enemies":"Slaver and Parasite","floor":22,"turns":7},{"damage":17,"enemies":"Centurion and Healer","floor":24,"turns":3}],"seed_played":"-6312526676685707454","potions_obtained":[{"floor":3,"key":"Fire Potion"},{"floor":4,"key":"Poison Potion"},{"floor":5,"key":"EssenceOfSteel"},{"floor":13,"key":"Explosive Potion"},{"floor":18,"key":"Weak Potion"}],"is_trial":false,"path_per_floor":["M","?","M","M","M","R","E","R","T","R","M","M","E","?","R","B",null,"M","$","?","M","M","R"],"character_chosen":"IRONCLAD","items_purchased":["Matryoshka","Nunchaku"],"campfire_rested":0,"item_purchase_floors":[19,19],"current_hp_per_floor":[85,85,81,81,81,81,64,64,64,64,60,58,53,53,53,12,87,68,68,68,58,21,21,4],"gold":291,"neow_bonus":"RANDOM_COMMON_RELIC","is_prod":false,"is_daily":false,"chose_seed":false,"campfire_upgraded":4,"win_rate":0,"timestamp":1532083053,"path_taken":["M","?","M","M","M","R","E","R","T","R","M","M","E","?","R","BOSS","M","$","?","M","M","R","M"],"build_version":"2018-07-19v2","purchased_purges":0,"victory":false,"max_hp_per_floor":[87,87,87,87,87,87,87,87,87,87,87,87,87,87,87,87,87,87,87,87,87,87,87,87],"card_choices":[{"not_picked":["True Grit","Reckless Charge","Anger"],"picked":"SKIP","floor":1},{"not_picked":["Twin Strike","Havoc"],"picked":"Spot Weakness","floor":3},{"not_picked":["Warcry","Heavy Blade"],"picked":"Armaments","floor":4},{"not_picked":["Havoc","Cleave"],"picked":"Headbutt","floor":5},{"not_picked":["Power Through","Body Slam"],"picked":"Seeing Red","floor":7},{"not_picked":["Sword Boomerang","Shrug It Off"],"picked":"Inflame","floor":11},{"not_picked":["Thunderclap","Spot Weakness"],"picked":"Carnage","floor":12},{"not_picked":["Evolve","Dark Embrace"],"picked":"Immolate","floor":13},{"not_picked":["Barricade","Fiend Fire"],"picked":"Reaper","floor":16},{"not_picked":["Sword Boomerang","Body Slam"],"picked":"Pommel Strike","floor":18},{"not_picked":["Thunderclap+1","Clothesline","Corruption"],"picked":"SKIP","floor":21},{"not_picked":["Blood for Blood","Thunderclap"],"picked":"Metallicize","floor":22}],"player_experience":95315,"relics_obtained":[{"floor":7,"key":"Juzu Bracelet"},{"floor":9,"key":"Self Forming Clay"},{"floor":13,"key":"Peace Pipe"}],"event_choices":[{"event_name":"The Woman in Blue","player_choice":"Bought 0 Potions","floor":2,"damage_taken":0},{"event_name":"Liars Game","player_choice":"agreed","floor":14,"damage_taken":0},{"event_name":"Golden Shrine","player_choice":"Desecrate","floor":20,"damage_taken":0}],"is_beta":false,"boss_relics":[{"not_picked":["Runic Cube","Ectoplasm"],"picked":"Mark of Pain"}],"items_purged_floors":[],"is_endless":false,"potions_floor_spawned":[3,4,5,13,18],"killed_by":"Centurion and Healer","ascension_level":2}