{"gold_per_floor":[112,127,137,137,42,77,61,88,88,38,57,57,71,84,84,183,183,162,99,118,18,18,18],"floor_reached":23,"playtime":1435,"items_purged":["Normality","Pain"],"score":203,"play_id":"875fa2b4-bed5-4610-8595-0d1f50eabd7f","local_time":"20181102111803","is_ascension_mode":false,"campfire_choices":[{"floor":15,"key":"REST"}],"neow_cost":"NONE","seed_source_timestamp":1873019252387090,"circlet_count":0,"master_deck":["Defend_G","Defend_G","Defend_G","Defend_G+1","Defend_G","Strike_G","Strike_G","Strike_G","Strike_G","Survivor","Neutralize","Deadly Poison","Backflip","Quick Slash","Deadly Poison","After Image","Noxious Fumes","Deflect","Blur","Adrenaline","Shame"],"relics":["Ring of the Snake","NeowsBlessing","StoneCalendar","Girya","Calling Bell","MawBank","Question Card","Mango","Nloth\u0027s Gift"],"potions_floor_usage":[11,20,23,23],"damage_taken":[{"damage":0,"enemies":"Cultist","floor":1,"turns":1},{"damage":0,"enemies":"2 Louse","floor":2,"turns":1},{"damage":0,"enemies":"Jaw Worm","floor":3,"turns":1},{"damage":14,"enemies":"Lagavulin","floor":6,"turns":7},{"damage":0,"enemies":"Exordium Thugs","floor":7,"turns":5},{"damage":27,"enemies":"Gremlin Nob","floor":8,"turns":5},{"damage":7,"enemies":"Gremlin Gang","floor":11,"turns":5},{"damage":0,"enemies":"Looter","floor":13,"turns":4},{"damage":3,"enemies":"Red Slaver","floor":14,"turns":5},{"damage":8,"enemies":"Hexaghost","floor":16,"turns":10},{"damage":33,"enemies":"2 Thieves","floor":18,"turns":5},{"damage":18,"enemies":"3 Byrds","floor":20,"turns":6},{"damage":43,"enemies":"Gremlin Leader","floor":23,"turns":4}],"seed_played":"-1040298457566783074","potions_obtained":[{"floor":6,"key":"Fire Potion"},{"floor":7,"key":"PowerPotion"},{"floor":8,"key":"GhostInAJar"},{"floor":13,"key":"Explosive Potion"}],"is_trial":false,"path_per_floor":["M","M","M","?","$","E","M","E","T","?","M","$","M","M","R","B",null,"M","$","M","$","?","E"],"character_chosen":"THE_SILENT","items_purchased":["Quick Slash","Deadly Poison"],"campfire_rested":1,"item_purchase_floors":[5,5],"current_hp_per_floor":[70,70,70,56,56,42,42,15,15,15,8,8,8,5,26,18,84,51,51,33,33,33,0],"gold":18,"neow_bonus":"THREE_ENEMY_KILL","is_prod":false,"is_daily":false,"chose_seed":false,"campfire_upgraded":0,"win_rate":0.0,"timestamp":1541153883,"path_taken":["M","M","M","?","$","E","M","E","T","?","M","?","M","M","R","BOSS","M","$","M","$","?","E"],"build_version":"2018-11-01v2","purchased_purges":2,"victory":false,"max_hp_per_floor":[70,70,70,70,70,70,70,70,70,70,70,70,70,70,70,70,84,84,84,84,84,84,84],"card_choices":[{"not_picked":["Prepared","Underhanded Strike"],"picked":"Deadly Poison","floor":1},{"not_picked":["Leg Sweep","Predator"],"picked":"Backflip","floor":2},{"not_picked":["Bouncing Flask","Blade Dance","Riddle With Holes"],"picked":"SKIP","floor":3},{"not_picked":["Tactician","PiercingWail"],"picked":"After Image","floor":6},{"not_picked":["Deadly Poison","Outmaneuver"],"picked":"Noxious Fumes","floor":7},{"not_picked":["Calculated Gamble","Deadly Poison"],"picked":"Deflect","floor":8},{"not_picked":["Prepared","Deadly Poison"],"picked":"Blur","floor":11},{"not_picked":["Predator","Endless Agony","Sucker Punch"],"picked":"SKIP","floor":13},{"not_picked":["Blade Dance","Choke","Endless Agony"],"picked":"SKIP","floor":14},{"not_picked":["Bullet Time","Die Die Die"],"picked":"Adrenaline","floor":16},{"not_picked":["PiercingWail","Deflect","Choke","Finisher"],"picked":"SKIP","floor":18},{"not_picked":["Finisher+1","Underhanded Strike+1","Acrobatics","Skewer+1"],"picked":"SKIP","floor":20}],"player_experience":2991,"relics_obtained":[{"floor":6,"key":"Dream Catcher"},{"floor":8,"key":"StoneCalendar"},{"floor":9,"key":"Girya"},{"floor":17,"key":"MawBank"},{"floor":17,"key":"Question Card"},{"floor":17,"key":"Mango"}],"event_choices":[{"damage_healed":0,"gold_gain":0,"player_choice":"Entered Light","damage_taken":14,"max_hp_gain":0,"max_hp_loss":0,"event_name":"Shining Light","floor":4,"gold_loss":0,"cards_upgraded":["Defend_G","Strike_G"]},{"cards_removed":["Strike_G"],"damage_healed":0,"gold_gain":0,"player_choice":"Card Removal","damage_taken":0,"max_hp_gain":0,"max_hp_loss":0,"event_name":"The Cleric","floor":10,"gold_loss":50},{"damage_healed":0,"gold_gain":0,"player_choice":"Traded Relic","damage_taken":0,"relics_obtained":["Nloth\u0027s Gift"],"max_hp_gain":0,"max_hp_loss":0,"event_name":"N\u0027loth","floor":22,"relics_lost":["Dream Catcher"],"gold_loss":0}],"is_beta":true,"boss_relics":[{"not_picked":["Lizard Tail","Eternal Feather"],"picked":"Calling Bell"}],"items_purged_floors":[19,21],"is_endless":false,"potions_floor_spawned":[6,7,8,13,16],"killed_by":"Gremlin Leader","ascension_level":0}