{"gold_per_floor":[119,137,137,36,49,49,81,81,81,98,115,40,57,89,89,163,163,181,196,212,127,28,57,57,74,74,85,119,119,153,153,153,229,229,240,251,35,51,67,99,99,99,99,110,37,37,69,82,82,82],"floor_reached":51,"playtime":2484,"items_purged":["Strike_B","Strike_B"],"score":1395,"play_id":"65ef0349-9301-48f8-a51d-cfa0f64184ed","local_time":"20181011133919","is_ascension_mode":true,"campfire_choices":[{"data":"Beam Cell","floor":6.0,"key":"SMITH"},{"data":"Zap","floor":8.0,"key":"SMITH"},{"data":"Go for the Eyes","floor":15,"key":"SMITH"},{"floor":24,"key":"REST"},{"floor":29,"key":"REST"},{"floor":32,"key":"REST"},{"floor":41,"key":"REST"},{"floor":49,"key":"REST"}],"neow_cost":"TEN_PERCENT_HP_LOSS","seed_source_timestamp":19053286611042,"circlet_count":0,"master_deck":["Strike_B+1","Defend_B","Defend_B","Defend_B","Zap+1","Dualcast","AscendersBane","Core Surge+1","Ball Lightning","Genetic Algorithm","Beam Cell+1","Steam","Self Repair","Go for the Eyes+1","Leap","Seek","Cold Snap","Sweeping Beam","Cold Snap","Hologram","Loop","BootSequence","Leap+1","All For One","Echo Form","Recycle+1","Compile Driver","Go for the Eyes","Beam Cell","Capacitor+1","Ball Lightning","Reinforced Body","Skim","Force Field+1","Leap","Skim","FTL"],"special_seed":0,"relics":["Cracked Core","Mercury Hourglass","Orichalcum","Matryoshka","Blood Vial","Fusion Hammer","Du-Vu Doll","Whetstone","Bottled Lightning","Ornamental Fan","Singing Bowl","Vajra","Orrery","Potion Belt","Mummified Hand","Bottled Flame","StoneCalendar","Shuriken"],"potions_floor_usage":[18,23,28,50,50,50],"damage_taken":[{"damage":6.0,"enemies":"Cultist","floor":1.0,"turns":3.0},{"damage":0.0,"enemies":"Small Slimes","floor":2.0,"turns":2.0},{"damage":1.0,"enemies":"2 Louse","floor":5.0,"turns":2.0},{"damage":9.0,"enemies":"Gremlin Nob","floor":7.0,"turns":3.0},{"damage":14.0,"enemies":"Exordium Wildlife","floor":10.0,"turns":3.0},{"damage":0.0,"enemies":"Exordium Thugs","floor":11.0,"turns":4.0},{"damage":0.0,"enemies":"2 Fungi Beasts","floor":13.0,"turns":2.0},{"damage":7,"enemies":"Lagavulin","floor":14,"turns":6},{"damage":15,"enemies":"The Guardian","floor":16,"turns":12},{"damage":0,"enemies":"Chosen","floor":18,"turns":4},{"damage":6,"enemies":"Spheric Guardian","floor":19,"turns":4},{"damage":16,"enemies":"Snake Plant","floor":20,"turns":4},{"damage":25,"enemies":"Book of Stabbing","floor":23,"turns":5},{"damage":22,"enemies":"3 Cultists","floor":25,"turns":5},{"damage":1,"enemies":"Shelled Parasite and Fungi","floor":27,"turns":6},{"damage":8,"enemies":"Gremlin Leader","floor":28,"turns":9},{"damage":0,"enemies":"Book of Stabbing","floor":30,"turns":5},{"damage":60,"enemies":"Collector","floor":33,"turns":10},{"damage":0,"enemies":"Orb Walker","floor":35,"turns":3},{"damage":13,"enemies":"3 Shapes","floor":36,"turns":6},{"damage":0,"enemies":"3 Darklings","floor":38,"turns":5},{"damage":17,"enemies":"Sphere and 2 Shapes","floor":39,"turns":5},{"damage":33,"enemies":"2 Orb Walkers","floor":40,"turns":6},{"damage":32,"enemies":"Transient","floor":44,"turns":5},{"damage":0,"enemies":"Mind Bloom Boss Battle","floor":46,"turns":5},{"damage":17,"enemies":"Nemesis","floor":47,"turns":7},{"damage":0,"enemies":"Spire Growth","floor":48,"turns":5},{"damage":1,"enemies":"Donu and Deca","floor":50,"turns":8}],"seed_played":"-2688517974680948798","potions_obtained":[{"floor":2.0,"key":"Strength Potion"},{"floor":10.0,"key":"Explosive Potion"},{"floor":11.0,"key":"AttackPotion"},{"floor":14,"key":"Ancient Potion"},{"floor":25,"key":"Explosive Potion"},{"floor":27,"key":"Regen Potion"},{"floor":30,"key":"Regen Potion"},{"floor":40,"key":"Dexterity Potion"}],"is_trial":false,"path_per_floor":["M","M","T","$","M","R","E","R","T","M","M","?","M","E","R","B",null,"M","M","M","?","$","E","R","M","T","M","E","R","E","?","R","B",null,"M","M","$","M","M","E","R","?","T","M","$","?","E","M","R","B"],"character_chosen":"DEFECT","items_purchased":["Beam Cell","PowerPotion","Hologram","Ball Lightning","Reinforced Body","SteroidPotion","Leap"],"campfire_rested":5,"item_purchase_floors":[4,22,22,37,37,45,45],"current_hp_per_floor":[58,58,58,58,57,57,48,48,48,34,41,41,41,41,41,35,57,64,64,55,55,55,39,58,45,45,53,56,66,68,68,68,15,57,68,71,71,72,57,40,62,62,62,41,41,50,49,67,78,78],"gold":82,"neow_bonus":"THREE_RARE_CARDS","is_prod":false,"is_daily":false,"chose_seed":false,"campfire_upgraded":3,"win_rate":0,"timestamp":1539290359,"path_taken":["M","M","?","$","M","R","E","R","T","M","M","?","M","E","R","BOSS","M","M","M","?","$","E","R","M","T","M","E","R","E","?","R","BOSS","M","M","$","M","M","E","R","?","T","M","$","?","E","M","R","BOSS"],"build_version":"2018-10-04v2","purchased_purges":2,"victory":true,"max_hp_per_floor":[64,64,64,64,64,64,64,64,64,64,64,64,64,64,64,64,64,64,64,64,64,64,64,64,64,64,64,66,66,68,68,68,68,70,72,72,72,72,74,74,74,74,74,76,76,76,76,78,78,78],"card_choices":[{"not_picked":["Buffer","Meteor Strike"],"picked":"Core Surge","floor":0.0},{"not_picked":["Go for the Eyes","Steam"],"picked":"Ball Lightning","floor":1.0},{"not_picked":["Steam Power","Fusion"],"picked":"Genetic Algorithm","floor":2.0},{"not_picked":["Sweeping Beam","Rip and Tear"],"picked":"Steam","floor":5.0},{"not_picked":["Beam Cell","Gash","Tempest"],"picked":"SKIP","floor":7.0},{"not_picked":["Coolheaded","Barrage"],"picked":"Self Repair","floor":10.0},{"not_picked":["Fusion","Turbo","Static Discharge"],"picked":"SKIP","floor":11.0},{"not_picked":["Gash","Stack"],"picked":"Go for the Eyes","floor":13},{"not_picked":["Multi-Cast","Conserve Battery"],"picked":"Leap","floor":14},{"not_picked":["Buffer","Hyperbeam"],"picked":"Seek","floor":16},{"not_picked":["FTL","Redo"],"picked":"Cold Snap","floor":18},{"not_picked":["Go for the Eyes","Undo"],"picked":"Sweeping Beam","floor":19},{"not_picked":["Consume","Aggregate"],"picked":"Cold Snap","floor":20},{"not_picked":["Streamline","Coolheaded"],"picked":"Loop","floor":23},{"not_picked":["Sweeping Beam","Double Energy"],"picked":"BootSequence","floor":25},{"not_picked":["Rebound","Hologram"],"picked":"Leap+1","floor":27},{"not_picked":["Hyperbeam","Rebound","Steam"],"picked":"Singing Bowl","floor":28},{"not_picked":["Cold Snap","Coolheaded","Auto Shields"],"picked":"Singing Bowl","floor":30},{"not_picked":["Thunder Strike","Meteor Strike"],"picked":"Echo Form","floor":33},{"not_picked":["Leap","Consume"],"picked":"Recycle+1","floor":34},{"not_picked":["Conserve Battery+1","Barrage"],"picked":"Compile Driver","floor":34},{"not_picked":["Compile Driver","Beam Cell"],"picked":"Go for the Eyes","floor":34},{"not_picked":["Conserve Battery","Sweeping Beam"],"picked":"Beam Cell","floor":34},{"not_picked":["Barrage","Conserve Battery","Fusion"],"picked":"Singing Bowl","floor":34},{"not_picked":["Leap+1","Compile Driver+1","Redo"],"picked":"Singing Bowl","floor":35},{"not_picked":["Hyperbeam","Steam+1"],"picked":"Capacitor+1","floor":36},{"not_picked":["Cold Snap","Leap"],"picked":"Skim","floor":38},{"not_picked":["Leap","Beam Cell","Stack+1"],"picked":"Singing Bowl","floor":39},{"not_picked":["Rebound","Conserve Battery"],"picked":"Force Field+1","floor":40},{"not_picked":["Sweeping Beam","Melter","Self Repair+1"],"picked":"Singing Bowl","floor":44},{"not_picked":["Doom and Gloom","Sweeping Beam"],"picked":"Skim","floor":46},{"not_picked":["Doom and Gloom","Fusion"],"picked":"FTL","floor":47},{"not_picked":["Sweeping Beam","Storm+1","Hologram"],"picked":"Singing Bowl","floor":48}],"player_experience":1332176,"relics_obtained":[{"floor":3.0,"key":"Mercury Hourglass"},{"floor":7.0,"key":"Orichalcum"},{"floor":9.0,"key":"Matryoshka"},{"floor":14,"key":"Blood Vial"},{"floor":23,"key":"Whetstone"},{"floor":26,"key":"Bottled Lightning"},{"floor":26,"key":"Ornamental Fan"},{"floor":28,"key":"Singing Bowl"},{"floor":30,"key":"Vajra"},{"floor":40,"key":"Potion Belt"},{"floor":43,"key":"Mummified Hand"},{"floor":43,"key":"Bottled Flame"},{"floor":46,"key":"StoneCalendar"},{"floor":47,"key":"Shuriken"}],"event_choices":[{"event_name":"The Cleric","player_choice":"Card Removal","floor":12.0,"damage_taken":0.0},{"event_name":"Addict","player_choice":"Obtained Relic","floor":21,"damage_taken":0},{"event_name":"The Library","player_choice":"Read","floor":31,"damage_taken":0},{"event_name":"Bonfire Elementals","player_choice":"BASIC","floor":42,"damage_taken":0},{"event_name":"MindBloom","player_choice":"Fight","floor":46,"damage_taken":0}],"is_beta":false,"boss_relics":[{"not_picked":["Runic Pyramid","White Beast Statue"],"picked":"Fusion Hammer"},{"not_picked":["Philosopher\u0027s Stone","Empty Cage"],"picked":"Orrery"}],"items_purged_floors":[4,37],"is_endless":false,"potions_floor_spawned":[2,10,11,14,25,27,30,33,38,40,47,48],"ascension_level":15}