{"gold_per_floor":[116,133,153,168,183,202,202,237,267,118,103],"floor_reached":11,"playtime":424,"items_purged":[],"score":112,"play_id":"94186470-ad7d-4e79-936d-ba55fd1021fe","local_time":"20181026223201","is_ascension_mode":true,"campfire_choices":[{"data":"Sunder","floor":7,"key":"SMITH"}],"neow_cost":"TEN_PERCENT_HP_LOSS","seed_source_timestamp":497076766539407,"circlet_count":0,"master_deck":["Strike_B","Strike_B","Strike_B","Strike_B","Defend_B","Defend_B","Defend_B","Defend_B","Zap","Dualcast","Thunder Strike","Steam Power","Coolheaded","Sunder+1","Storm","Hologram","Multi-Cast","Lockon","Biased Cognition"],"relics":["Cracked Core","Boot","Tiny Chest"],"potions_floor_usage":[],"damage_taken":[{"damage":0,"enemies":"Small Slimes","floor":1,"turns":3},{"damage":0,"enemies":"Cultist","floor":2,"turns":3},{"damage":7,"enemies":"2 Louse","floor":3,"turns":3},{"damage":7,"enemies":"Exordium Thugs","floor":4,"turns":3},{"damage":7,"enemies":"Blue Slaver","floor":5,"turns":3},{"damage":11,"enemies":"2 Fungi Beasts","floor":6,"turns":3},{"damage":30,"enemies":"3 Sentries","floor":8,"turns":12},{"damage":9,"enemies":"Looter","floor":11,"turns":1}],"seed_played":"-4763431471965076328","potions_obtained":[{"floor":3,"key":"Ancient Potion"},{"floor":5,"key":"Ancient Potion"},{"floor":6,"key":"Dexterity Potion"}],"is_trial":false,"path_per_floor":["M","M","M","M","M","M","R","E","T","$"],"character_chosen":"DEFECT","items_purchased":["Biased Cognition"],"campfire_rested":0,"item_purchase_floors":[10],"current_hp_per_floor":[68,68,61,54,47,36,36,6,6,6,0],"gold":103,"neow_bonus":"THREE_RARE_CARDS","is_prod":false,"is_daily":false,"chose_seed":false,"campfire_upgraded":1,"win_rate":0,"timestamp":1540585921,"path_taken":["M","M","M","M","M","M","R","E","T","$","M"],"build_version":"2018-10-25v2","purchased_purges":0,"victory":false,"max_hp_per_floor":[68,68,68,68,68,68,68,68,68,68,68],"card_choices":[{"not_picked":["Fission","Biased Cognition"],"picked":"Thunder Strike","floor":0},{"not_picked":["Sweeping Beam","Consume"],"picked":"Steam Power","floor":1},{"not_picked":["Doom and Gloom","Cold Snap"],"picked":"Coolheaded","floor":2},{"not_picked":["Storm","Leap"],"picked":"Sunder","floor":3},{"not_picked":["Compile Driver","Streamline"],"picked":"Storm","floor":4},{"not_picked":["Genetic Algorithm","Beam Cell"],"picked":"Hologram","floor":5},{"not_picked":["Reprogram","Scrape"],"picked":"Multi-Cast","floor":6},{"not_picked":["Compile Driver","Consume"],"picked":"Lockon","floor":8}],"player_experience":303071,"relics_obtained":[{"floor":8,"key":"Boot"},{"floor":9,"key":"Tiny Chest"}],"event_choices":[],"is_beta":false,"boss_relics":[],"items_purged_floors":[],"is_endless":false,"potions_floor_spawned":[3,5,6,8],"killed_by":"Looter","ascension_level":9}