{"gold_per_floor":[113,123,123,140,153,153,178,178,224,235,265,275,225,260,260,356,356,370,386,396,396,576,576,601,68,68,87,87,107,138,15,15,116,116,134,148,158,171,184,209,220,220,220,237,37,37,37,55,55,55],"floor_reached":51,"playtime":2316,"items_purged":["Strike_R","Strike_R"],"score":743,"play_id":"ed4c65ee-b5a2-4e6e-b8e4-03494107e8aa","local_time":"25610718150643","is_ascension_mode":false,"campfire_choices":[{"data":"Bash","floor":6,"key":"SMITH"},{"data":"Cleave","floor":8,"key":"SMITH"},{"data":"Infernal Blade","floor":15,"key":"SMITH"},{"data":"Clothesline","floor":23,"key":"SMITH"},{"floor":28,"key":"REST"},{"data":"Carnage","floor":32,"key":"SMITH"},{"data":"Immolate","floor":42,"key":"SMITH"},{"floor":47,"key":"REST"},{"data":"Body Slam","floor":49,"key":"SMITH"}],"neow_cost":"NONE","seed_source_timestamp":21123919910290,"circlet_count":0,"master_deck":["Strike_R+1","Strike_R+1","Defend_R","Defend_R","Defend_R+1","Defend_R","Bash+1","Cleave+1","Carnage+1","Clothesline+1","Power Through+1","Infernal Blade+1","Thunderclap","Rage+1","Armaments+1","Exhume+1","Combust+1","Spot Weakness+1","Double Tap+1","Flex+1","True Grit+1","Reaper","Entrench+1","Heavy Blade","Heavy Blade","Immolate+1","Uppercut+1","Shrug It Off+1","Spot Weakness+1","Burning Pact+1","Body Slam+1","Ghostly Armor+1","Whirlwind+1","Uppercut+1"],"relics":["Burning Blood","Orichalcum","Kunai","Pen Nib","War Paint","Toxic Egg 2","Happy Flower","Sozu","Omamori","Lantern","Whetstone","Calipers","Red Skull","Mark of Pain","Gambling Chip","Matryoshka","HandDrill","Dream Catcher","Bag of Preparation"],"potions_floor_usage":[5,11],"damage_taken":[{"damage":0,"enemies":"Small Slimes","floor":1,"turns":3},{"damage":2,"enemies":"2 Louse","floor":2,"turns":2},{"damage":11,"enemies":"Jaw Worm","floor":4,"turns":4},{"damage":4,"enemies":"Gremlin Gang","floor":5,"turns":5},{"damage":8,"enemies":"3 Sentries","floor":7,"turns":8},{"damage":0,"enemies":"Blue Slaver","floor":10,"turns":2},{"damage":6,"enemies":"Gremlin Nob","floor":11,"turns":3},{"damage":0,"enemies":"Looter","floor":12,"turns":3},{"damage":2,"enemies":"3 Sentries","floor":14,"turns":5},{"damage":18,"enemies":"Slime Boss","floor":16,"turns":14},{"damage":4,"enemies":"Shell Parasite","floor":18,"turns":4},{"damage":5,"enemies":"3 Byrds","floor":19,"turns":3},{"damage":12,"enemies":"Centurion and Healer","floor":20,"turns":5},{"damage":28,"enemies":"Gremlin Leader","floor":24,"turns":6},{"damage":9,"enemies":"Snecko","floor":27,"turns":4},{"damage":11,"enemies":"Slaver and Parasite","floor":29,"turns":6},{"damage":28,"enemies":"Slavers","floor":30,"turns":6},{"damage":53,"enemies":"Automaton","floor":33,"turns":9},{"damage":9,"enemies":"3 Darklings","floor":35,"turns":4},{"damage":0,"enemies":"Flame Bruiser 1 Orb","floor":36,"turns":2},{"damage":24,"enemies":"4 Shapes","floor":37,"turns":4},{"damage":17,"enemies":"Spire Growth","floor":38,"turns":5},{"damage":0,"enemies":"Sphere and 2 Shapes","floor":39,"turns":4},{"damage":53,"enemies":"Giant Head","floor":40,"turns":9},{"damage":7,"enemies":"Transient","floor":41,"turns":5},{"damage":45,"enemies":"Maw","floor":44,"turns":8},{"damage":0,"enemies":"3 Darklings","floor":48,"turns":1},{"damage":37,"enemies":"Awakened One","floor":50,"turns":11}],"seed_played":"-5133742480117913079","potions_obtained":[{"floor":2,"key":"Block Potion"},{"floor":7,"key":"FearPotion"},{"floor":10,"key":"FairyPotion"},{"floor":16,"key":"SmokeBomb"}],"is_trial":false,"path_per_floor":["M","M","?","M","M","R","E","R","T","M","E","M","?","E","R","B",null,"M","M","M","?","?","R","E","$","T","M","R","M","E","$","R","B",null,"M","M","M","M","M","E","M","R","T","M","$","T","R","M","R","B"],"character_chosen":"IRONCLAD","items_purchased":["Lantern","Whetstone","Reaper","Heavy Blade","HandDrill"],"campfire_rested":2,"item_purchase_floors":[25,25,25,31,45],"current_hp_per_floor":[80,80,68,63,65,65,63,63,63,69,69,75,75,79,79,67,80,80,80,74,74,50,50,28,28,28,43,67,75,63,63,63,26,80,80,80,62,59,65,36,57,57,57,30,30,30,54,80,80,49],"gold":55,"neow_bonus":"RANDOM_COMMON_RELIC","is_prod":false,"is_daily":false,"chose_seed":false,"campfire_upgraded":7,"win_rate":0,"timestamp":1531901203,"path_taken":["M","M","?","?","?","R","E","R","T","M","E","M","?","E","R","BOSS","M","M","M","?","?","R","E","$","T","M","R","M","E","?","R","BOSS","M","M","?","M","M","E","M","R","T","?","?","?","R","M","R","BOSS"],"build_version":"2018-07-12","purchased_purges":2,"victory":true,"max_hp_per_floor":[80,80,80,80,80,80,80,80,80,80,80,80,80,80,80,80,80,80,80,80,80,80,80,80,80,80,80,80,80,80,80,80,80,80,80,80,80,80,80,80,80,80,80,80,80,80,80,80,80,80],"card_choices":[{"not_picked":["Wild Strike","Clash"],"picked":"Cleave","floor":1},{"not_picked":["Ghostly Armor","Pummel"],"picked":"Carnage","floor":2},{"not_picked":["Wild Strike","Clash"],"picked":"Clothesline","floor":4},{"not_picked":["Intimidate","Twin Strike"],"picked":"Power Through","floor":5},{"not_picked":["Headbutt","Body Slam"],"picked":"Infernal Blade","floor":7},{"not_picked":["Clash","Pummel"],"picked":"Thunderclap","floor":10},{"not_picked":["Body Slam","Cleave"],"picked":"Rage","floor":11},{"not_picked":["Juggernaut","Headbutt","Reckless Charge"],"picked":"SKIP","floor":12},{"not_picked":["Clash","Body Slam"],"picked":"Armaments+1","floor":14},{"not_picked":["Reaper","Dark Embrace"],"picked":"Exhume+1","floor":16},{"not_picked":["Cleave","Perfected Strike"],"picked":"Combust+1","floor":18},{"not_picked":["Infernal Blade+1","True Grit+1"],"picked":"Spot Weakness+1","floor":19},{"not_picked":["Feel No Pain","Anger+1"],"picked":"Double Tap+1","floor":20},{"not_picked":["Searing Blow","Perfected Strike"],"picked":"True Grit+1","floor":24},{"not_picked":["Reaper","Clothesline","Sword Boomerang"],"picked":"SKIP","floor":27},{"not_picked":["Feel No Pain","Cleave"],"picked":"Entrench+1","floor":29},{"not_picked":["Sword Boomerang","True Grit+1"],"picked":"Heavy Blade","floor":30},{"not_picked":["Barricade","Juggernaut"],"picked":"Immolate","floor":33},{"not_picked":["Sword Boomerang","Ghostly Armor+1"],"picked":"Uppercut+1","floor":35},{"not_picked":["Clash","Clothesline"],"picked":"Shrug It Off+1","floor":36},{"not_picked":["Hemokinesis","Anger"],"picked":"Spot Weakness+1","floor":37},{"not_picked":["Havoc+1","Corruption+1"],"picked":"Burning Pact+1","floor":38},{"not_picked":["Perfected Strike","Havoc+1"],"picked":"Body Slam","floor":39},{"not_picked":["Second Wind+1","Cleave+1"],"picked":"Ghostly Armor+1","floor":40},{"not_picked":["Perfected Strike+1","Dropkick","Second Wind+1"],"picked":"SKIP","floor":41},{"not_picked":["Perfected Strike+1","Hemokinesis+1","Heavy Blade"],"picked":"SKIP","floor":44},{"not_picked":["Headbutt+1","Warcry+1"],"picked":"Whirlwind+1","floor":47},{"not_picked":["Armaments+1","Bloodletting+1"],"picked":"Uppercut+1","floor":48}],"player_experience":86382,"relics_obtained":[{"floor":7,"key":"Pen Nib"},{"floor":9,"key":"War Paint"},{"floor":11,"key":"Toxic Egg 2"},{"floor":14,"key":"Happy Flower"},{"floor":24,"key":"Omamori"},{"floor":26,"key":"Calipers"},{"floor":30,"key":"Red Skull"},{"floor":40,"key":"Gambling Chip"},{"floor":43,"key":"Matryoshka"},{"floor":46,"key":"Dream Catcher"},{"floor":46,"key":"Bag of Preparation"}],"event_choices":[{"event_name":"Scrap Ooze","player_choice":"success","floor":3,"damage_taken":12},{"event_name":"The Cleric","player_choice":"Card Removal","floor":13,"damage_taken":0},{"event_name":"The Library","player_choice":"Read","floor":21,"damage_taken":0},{"event_name":"Knowing Skull","player_choice":"GOLD GOLD ","floor":22,"damage_taken":0}],"boss_relics":[{"not_picked":["Philosopher\u0027s Stone","Coffee Dripper"],"picked":"Sozu"},{"not_picked":["Lizard Tail","Empty Cage"],"picked":"Mark of Pain"}],"items_purged_floors":[25,31],"is_endless":false,"potions_floor_spawned":[2,7,10,16,24,27,33,37,38,39,44],"ascension_level":0}