{"gold_per_floor":[115,115,29,29,44,44,60,60,136,136,164,177,45,64,64,139,139,156,156,156,56,0],"floor_reached":22,"playtime":670,"items_purged":["Strike_R","Strike_R"],"score":346,"play_id":"07dec5b9-53fc-4099-8b2a-ecaf61c2678e","local_time":"20190427104336","is_ascension_mode":true,"campfire_choices":[{"data":"Spot Weakness","floor":6,"key":"SMITH"},{"data":"Hemokinesis","floor":8,"key":"SMITH"},{"data":"Bash","floor":10,"key":"SMITH"},{"floor":15,"key":"REST"}],"neow_cost":"PERCENT_DAMAGE","seed_source_timestamp":73254367947800,"circlet_count":0,"master_deck":["AscendersBane","Strike_R","Strike_R","Defend_R","Defend_R","Defend_R","Defend_R","Bash+1","Shrug It Off","Spot Weakness+1","Cleave","Hemokinesis+1","Heavy Blade","Shrug It Off","Reaper","Shrug It Off","Pommel Strike","Metallicize","Shockwave","Impervious","Feel No Pain+1","Armaments","Double Tap"],"relics":["Burning Blood","Matryoshka","Self Forming Clay","Orrery"],"potions_floor_usage":[7,11,16],"damage_taken":[{"damage":9,"enemies":"Jaw Worm","floor":1,"turns":5},{"damage":8,"enemies":"2 Louse","floor":5,"turns":3},{"damage":0,"enemies":"Cultist","floor":7,"turns":3},{"damage":36,"enemies":"3 Sentries","floor":11,"turns":7},{"damage":11,"enemies":"Looter","floor":12,"turns":3},{"damage":7,"enemies":"Large Slime","floor":14,"turns":6},{"damage":53,"enemies":"Hexaghost","floor":16,"turns":9},{"damage":51,"enemies":"Shell Parasite","floor":18,"turns":8},{"damage":29,"enemies":"2 Thieves","floor":22,"turns":2}],"seed_played":"430427346109704662","potions_obtained":[{"floor":1,"key":"Weak Potion"},{"floor":5,"key":"FearPotion"},{"floor":11,"key":"GamblersBrew"}],"is_trial":false,"path_per_floor":["M","?","$","?","M","R","M","R","T","R","E","M","$","M","R","B",null,"M","?","?","$","M"],"character_chosen":"IRONCLAD","items_purchased":["Spot Weakness","Shrug It Off"],"campfire_rested":1,"item_purchase_floors":[3,13],"current_hp_per_floor":[61,61,61,66,64,64,70,70,70,70,40,35,35,34,62,15,74,29,29,29,29,0],"gold":0,"neow_bonus":"TWENTY_PERCENT_HP_BONUS","is_prod":false,"is_daily":false,"chose_seed":false,"campfire_upgraded":3,"win_rate":0,"timestamp":1556351016,"path_taken":["M","?","$","?","M","R","M","R","T","R","E","M","$","M","R","BOSS","M","?","?","$","M"],"build_version":"2019-01-23","purchased_purges":2,"victory":false,"max_hp_per_floor":[89,89,89,94,94,94,94,94,94,94,94,94,94,94,94,94,94,94,94,94,94,94],"card_choices":[{"not_picked":["Flame Barrier","Wild Strike"],"picked":"Shrug It Off","floor":1},{"not_picked":["Warcry","Headbutt"],"picked":"Cleave","floor":5},{"not_picked":["Body Slam","Rage"],"picked":"Hemokinesis","floor":7},{"not_picked":["Exhume","Wild Strike","Havoc"],"picked":"SKIP","floor":11},{"not_picked":["Anger","Power Through"],"picked":"Heavy Blade","floor":12},{"not_picked":["Cleave","Havoc","Sword Boomerang"],"picked":"SKIP","floor":14},{"not_picked":["Fiend Fire","Impervious"],"picked":"Reaper","floor":16},{"not_picked":["Clothesline","Armaments"],"picked":"Shrug It Off","floor":17},{"not_picked":["Iron Wave","Anger"],"picked":"Pommel Strike","floor":17},{"not_picked":["Rage","Wild Strike"],"picked":"Metallicize","floor":17},{"not_picked":["Dual Wield","Shrug It Off"],"picked":"Shockwave","floor":17},{"not_picked":["Cleave","Sword Boomerang"],"picked":"Impervious","floor":17},{"not_picked":["Twin Strike+1","Headbutt"],"picked":"Feel No Pain+1","floor":18}],"player_experience":340410,"relics_obtained":[{"floor":9,"key":"Matryoshka"},{"floor":11,"key":"Self Forming Clay"}],"event_choices":[{"damage_healed":0,"gold_gain":0,"player_choice":"Ignored","damage_taken":0,"max_hp_gain":0,"max_hp_loss":0,"event_name":"Golden Idol","floor":2,"gold_loss":0},{"damage_healed":0,"gold_gain":0,"player_choice":"Donut","damage_taken":0,"max_hp_gain":5,"max_hp_loss":0,"event_name":"Big Fish","floor":4,"gold_loss":0},{"damage_healed":0,"gold_gain":0,"player_choice":"Read","damage_taken":0,"max_hp_gain":0,"max_hp_loss":0,"event_name":"The Library","floor":19,"gold_loss":0,"cards_obtained":["Armaments"]},{"damage_healed":0,"gold_gain":0,"cards_transformed":["Strike_R"],"player_choice":"Transformed","damage_taken":0,"max_hp_gain":0,"max_hp_loss":0,"event_name":"Transmorgrifier","floor":20,"gold_loss":0,"cards_obtained":["Double Tap"]}],"is_beta":false,"boss_relics":[{"not_picked":["White Beast Statue","Busted Crown"],"picked":"Orrery"}],"items_purged_floors":[13,21],"is_endless":false,"potions_floor_spawned":[1,5,11],"killed_by":"2 Thieves","ascension_level":18}