{"gold_per_floor":[110,127,143,160,179,179,207,207,207,234,567,582,608,632,644,729,741,772,784,808,855,884,896,941,953,965,1004,1016,1058,653,686,686,759,759,778,728,745,517,531,559,559,589,635,666,694,485,485,515,515,515,515,515,515,134,167,167],"floor_reached":57,"playtime":3439,"items_purged":[],"score":4148,"play_id":"d7228f24-6f0f-443c-899f-a8ed342a42e9","local_time":"20190208180431","daily_mods":["SealedDeck","DeadlyEvents","Elite Swarm"],"is_ascension_mode":true,"campfire_choices":[{"data":"Inflame","floor":6.0,"key":"SMITH"},{"data":"Limit Break","floor":8.0,"key":"SMITH"},{"data":"Disarm","floor":15.0,"key":"SMITH"},{"data":"Feed","floor":23.0,"key":"SMITH"},{"data":"Feel No Pain","floor":25.0,"key":"SMITH"},{"data":"Armaments","floor":32.0,"key":"SMITH"},{"data":"Dark Embrace","floor":41.0,"key":"SMITH"},{"floor":47.0,"key":"RECALL"},{"data":"Barricade","floor":49.0,"key":"SMITH"},{"data":"Uppercut","floor":53,"key":"SMITH"}],"neow_cost":"","seed_source_timestamp":0,"circlet_count":0,"master_deck":["AscendersBane","Power Through","Armaments+1","Sentinel","Corruption","Anger","Uppercut+1","Inflame+1","Disarm+1","Pommel Strike","Shrug It Off","Headbutt","Limit Break+1","Impervious","Reaper","Immolate","Flame Barrier","Feed+1","Exhume","Whirlwind","Feel No Pain+1","Impervious","Shockwave+1","Dark Embrace+1","Barricade+1","Offering+1","True Grit+1","Warcry+1","Offering+1","Second Wind+1","Impervious+1","Impervious+1","Shrug It Off+1","Impervious+1","Offering+1"],"special_seed":0,"relics":["Burning Blood","Gambling Chip","Charon\u0027s Ashes","Torii","Old Coin","Pocketwatch","MawBank","Black Star","Omamori","Lantern","Gremlin Horn","Bag of Marbles","Toxic Egg 2","Strawberry","Matryoshka","StoneCalendar","Boot","Potion Belt","PreservedInsect","Shovel","Red Skull","Coffee Dripper","Vajra","Ancient Tea Set","Art of War","Du-Vu Doll","Letter Opener","Darkstone Periapt","Singing Bowl","Bird Faced Urn","Bronze Scales","Smiling Mask","Happy Flower","Dream Catcher","Prayer Wheel","Bag of Preparation","Pen Nib","Mummified Hand","Centennial Puzzle"],"potions_floor_usage":[56,56,56,56],"damage_taken":[{"damage":0.0,"enemies":"Cultist","floor":1.0,"turns":3.0},{"damage":1.0,"enemies":"Jaw Worm","floor":2.0,"turns":3.0},{"damage":10.0,"enemies":"2 Louse","floor":3.0,"turns":3.0},{"damage":0.0,"enemies":"Large Slime","floor":4.0,"turns":4.0},{"damage":9.0,"enemies":"Exordium Wildlife","floor":5.0,"turns":7.0},{"damage":0.0,"enemies":"Lagavulin","floor":7.0,"turns":5.0},{"damage":6.0,"enemies":"Gremlin Nob","floor":10.0,"turns":4.0},{"damage":11.0,"enemies":"3 Sentries","floor":11.0,"turns":6.0},{"damage":0.0,"enemies":"Red Slaver","floor":12.0,"turns":3.0},{"damage":1.0,"enemies":"Gremlin Nob","floor":13.0,"turns":3.0},{"damage":0.0,"enemies":"The Guardian","floor":16.0,"turns":7.0},{"damage":2.0,"enemies":"Shell Parasite","floor":18.0,"turns":4.0},{"damage":1.0,"enemies":"Chosen","floor":20.0,"turns":4.0},{"damage":0.0,"enemies":"Gremlin Leader","floor":21.0,"turns":8.0},{"damage":13.0,"enemies":"Snecko","floor":22.0,"turns":5.0},{"damage":6.0,"enemies":"Book of Stabbing","floor":24.0,"turns":7.0},{"damage":9.0,"enemies":"Gremlin Leader","floor":27.0,"turns":6.0},{"damage":0.0,"enemies":"Slavers","floor":29.0,"turns":1.0},{"damage":6.0,"enemies":"Book of Stabbing","floor":31.0,"turns":7.0},{"damage":13.0,"enemies":"Collector","floor":33.0,"turns":9.0},{"damage":12.0,"enemies":"Orb Walker","floor":35.0,"turns":3.0},{"damage":6.0,"enemies":"3 Darklings","floor":37.0,"turns":2.0},{"damage":12.0,"enemies":"Writhing Mass","floor":39.0,"turns":3.0},{"damage":12.0,"enemies":"Nemesis","floor":40.0,"turns":7.0},{"damage":6.0,"enemies":"Reptomancer","floor":42.0,"turns":1.0},{"damage":18.0,"enemies":"Giant Head","floor":44.0,"turns":1.0},{"damage":6.0,"enemies":"Nemesis","floor":45.0,"turns":7.0},{"damage":6.0,"enemies":"Reptomancer","floor":48.0,"turns":2.0},{"damage":12,"enemies":"Awakened One","floor":50,"turns":9},{"damage":6,"enemies":"Time Eater","floor":51,"turns":10},{"damage":12,"enemies":"Shield and Spear","floor":55,"turns":1},{"damage":18,"enemies":"The Heart","floor":56,"turns":7}],"seed_played":"-4504747403227722090","potions_obtained":[{"floor":1.0,"key":"Regen Potion"},{"floor":7.0,"key":"Energy Potion"},{"floor":10.0,"key":"AttackPotion"},{"floor":12.0,"key":"GamblersBrew"},{"floor":16.0,"key":"Poison Potion"},{"floor":18.0,"key":"SteroidPotion"},{"floor":31.0,"key":"SteroidPotion"},{"floor":39.0,"key":"Strength Potion"}],"is_trial":true,"path_per_floor":["M","M","M","M","M","R","E","R","T","E","E","M","E","T","R","B",null,"M","?","M","E","M","R","E","R","T","E","?","E","$","E","R","B",null,"M","?","M","$","M","E","R","E","T","E","E","$","R","E","R","B","B",null,"R","$","E","B",null],"character_chosen":"IRONCLAD","items_purchased":["Potion Belt","PreservedInsect","True Grit+1","Warcry+1","Vajra","PowerPotion","Shrug It Off+1","Happy Flower","Bag of Preparation","Pen Nib","Swift Potion"],"campfire_rested":0,"item_purchase_floors":[30,30,30,30,38,38,46,46,54,54,54],"current_hp_per_floor":[74,75,71,75,72,72,75,75,75,75,70,75,75,75,75,78,78,82,82,85,88,91,91,95,95,95,106,106,106,106,110,110,114,114,118,118,118,118,116,122,122,126,126,120,136,136,136,140,140,140,144,144,144,144,146,144],"gold":167,"neow_bonus":"","is_prod":false,"is_daily":false,"chose_seed":false,"campfire_upgraded":9,"win_rate":0,"timestamp":1549677871,"path_taken":["M","M","?","M","?","R","E","R","T","?","E","M","E","?","R","BOSS","M","?","?","?","M","R","E","R","T","E","?","E","$","E","R","BOSS","M","?","M","$","M","E","R","E","T","E","?","$","R","E","R","BOSS","BOSS","R","$","E","BOSS"],"build_version":"2019-01-23","purchased_purges":0,"victory":true,"max_hp_per_floor":[75,75,75,75,75,75,75,75,75,75,75,75,75,75,75,78,78,82,82,85,88,91,91,95,95,95,106,106,106,106,110,110,114,114,118,118,118,118,122,122,122,126,126,132,136,136,136,140,140,140,144,144,144,144,148,148],"card_choices":[{"not_picked":["Dual Wield","Thunderclap","Heavy Blade"],"picked":"SKIP","floor":1.0},{"not_picked":["Anger","Heavy Blade","Havoc"],"picked":"SKIP","floor":2.0},{"not_picked":["Entrench","Evolve"],"picked":"Headbutt","floor":3.0},{"not_picked":["Heavy Blade","Iron Wave"],"picked":"Limit Break","floor":4.0},{"not_picked":["Warcry","Armaments","Heavy Blade"],"picked":"SKIP","floor":5.0},{"not_picked":["Reaper","Demon Form"],"picked":"Impervious","floor":7.0},{"not_picked":["Limit Break","Brutality"],"picked":"Reaper","floor":10.0},{"not_picked":["Berserk","Barricade"],"picked":"Immolate","floor":11.0},{"not_picked":["Pommel Strike","Inflame"],"picked":"Flame Barrier","floor":12.0},{"not_picked":["Brutality","Fiend Fire"],"picked":"Feed","floor":13.0},{"not_picked":["Double Tap","Immolate"],"picked":"Exhume","floor":16.0},{"not_picked":["Entrench","Wild Strike+1","Infernal Blade+1"],"picked":"SKIP","floor":18.0},{"not_picked":["Thunderclap+1","Dual Wield"],"picked":"Feel No Pain","floor":20.0},{"not_picked":["Limit Break","Immolate"],"picked":"Impervious","floor":21.0},{"not_picked":["Shrug It Off","Anger"],"picked":"Shockwave","floor":22.0},{"not_picked":["Juggernaut","Feed"],"picked":"Dark Embrace","floor":24.0},{"not_picked":["Reaper","Limit Break+1"],"picked":"Barricade","floor":27.0},{"not_picked":["Brutality","Bludgeon"],"picked":"Offering+1","floor":29.0},{"not_picked":["Reaper","Limit Break+1"],"picked":"Offering+1","floor":31.0},{"not_picked":["Reckless Charge","Flex+1"],"picked":"Second Wind+1","floor":35.0},{"not_picked":["Clash","Evolve","Sever Soul"],"picked":"SKIP","floor":37.0},{"not_picked":["Warcry+1","Anger","Blood for Blood"],"picked":"SKIP","floor":39.0},{"not_picked":["Barricade","Fiend Fire"],"picked":"Impervious+1","floor":40.0},{"not_picked":["Demon Form","Dark Embrace","Bludgeon"],"picked":"SKIP","floor":42.0},{"not_picked":["Fiend Fire","Immolate","Reaper"],"picked":"Singing Bowl","floor":44.0},{"not_picked":["Brutality","Juggernaut"],"picked":"Impervious+1","floor":45.0},{"not_picked":["Dark Embrace","Double Tap+1"],"picked":"Impervious+1","floor":48.0},{"not_picked":["Berserk","Fiend Fire"],"picked":"Offering+1","floor":55}],"player_experience":2179594,"relics_obtained":[{"floor":7.0,"key":"Gambling Chip"},{"floor":9.0,"key":"Charon\u0027s Ashes"},{"floor":10.0,"key":"Torii"},{"floor":11.0,"key":"Old Coin"},{"floor":13.0,"key":"Pocketwatch"},{"floor":14.0,"key":"MawBank"},{"floor":21.0,"key":"Omamori"},{"floor":21.0,"key":"Lantern"},{"floor":24.0,"key":"Gremlin Horn"},{"floor":24.0,"key":"Bag of Marbles"},{"floor":26.0,"key":"Toxic Egg 2"},{"floor":27.0,"key":"Strawberry"},{"floor":27.0,"key":"Matryoshka"},{"floor":29.0,"key":"StoneCalendar"},{"floor":29.0,"key":"Boot"},{"floor":31.0,"key":"Shovel"},{"floor":31.0,"key":"Red Skull"},{"floor":40.0,"key":"Ancient Tea Set"},{"floor":40.0,"key":"Art of War"},{"floor":42.0,"key":"Du-Vu Doll"},{"floor":42.0,"key":"Letter Opener"},{"floor":43.0,"key":"Darkstone Periapt"},{"floor":44.0,"key":"Singing Bowl"},{"floor":44.0,"key":"Bird Faced Urn"},{"floor":45.0,"key":"Bronze Scales"},{"floor":45.0,"key":"Smiling Mask"},{"floor":48.0,"key":"Dream Catcher"},{"floor":48.0,"key":"Prayer Wheel"},{"floor":55,"key":"Mummified Hand"},{"floor":55,"key":"Centennial Puzzle"}],"event_choices":[{"damage_healed":0.0,"max_hp_gain":0.0,"max_hp_loss":0.0,"gold_gain":0.0,"event_name":"The Library","player_choice":"Read","floor":19.0,"gold_loss":0.0,"damage_taken":0.0,"cards_obtained":["Whirlwind"]},{"damage_healed":0.0,"max_hp_gain":0.0,"max_hp_loss":0.0,"gold_gain":0.0,"event_name":"Forgotten Altar","player_choice":"Smashed Altar","floor":28.0,"gold_loss":0.0,"damage_taken":0.0,"cards_obtained":["Decay"]},{"damage_healed":0.0,"max_hp_gain":0.0,"max_hp_loss":0.0,"gold_gain":0.0,"event_name":"Designer","player_choice":"Upgrade","floor":36.0,"gold_loss":50.0,"damage_taken":0.0,"cards_upgraded":["Shockwave"]}],"is_beta":false,"boss_relics":[{"not_picked":["Eternal Feather","Runic Pyramid"],"picked":"Black Star"},{"not_picked":["Lizard Tail","Calling Bell"],"picked":"Coffee Dripper"}],"items_purged_floors":[],"is_endless":false,"potions_floor_spawned":[1,7,10,12,16,18,21,22,31,39,42],"ascension_level":20}