{"gold_per_floor":[118,193,211,211,231,265,265,265,265,295,295,295,295,315,315,419,469,485,505,505,133,150,180,180,207,207,233,246,246,272,291,291,392,392,408,423,363,66,16,48,48,10,10,0,29,43,61,80,80,80,80,80,30,56,56],"floor_reached":56,"playtime":2817,"items_purged":["Strike_G","Dagger Spray","Slice","Writhe"],"score":1648,"play_id":"a3fa668e-ff06-4059-8e75-3d619be41724","local_time":"20190411013029","is_ascension_mode":true,"campfire_choices":[{"floor":7.0,"key":"REST"},{"data":"Noxious Fumes","floor":11.0,"key":"SMITH"},{"data":"Neutralize","floor":13.0,"key":"SMITH"},{"data":"Deflect","floor":15.0,"key":"SMITH"},{"data":"Concentrate","floor":24.0,"key":"SMITH"},{"data":"Reflex","floor":32.0,"key":"SMITH"},{"data":"Acrobatics","floor":41.0,"key":"SMITH"},{"floor":49.0,"key":"RECALL"},{"data":"Purity","floor":52.0,"key":"SMITH"}],"neow_cost":"CURSE","seed_source_timestamp":17160100452899,"circlet_count":0,"master_deck":["Defend_G","Defend_G","Defend_G+1","Defend_G","Defend_G","Survivor","Neutralize+1","Concentrate+1","Noxious Fumes+1","Deflect+1","Adrenaline","Acrobatics","Acrobatics+1","Venomology","Purity+1","Endless Agony+1","Finisher+1","Backflip","Reflex+1","A Thousand Cuts+1","After Image+1","Flechettes+1","Blur"],"special_seed":0,"relics":["Ring of the Snake","Pantograph","Molten Egg 2","Meat on the Bone","Letter Opener","Tiny House","TwistedFunnel","Ninja Scroll","Smiling Mask","Frozen Egg 2","Oddly Smooth Stone","Paper Crane","Cursed Key","Sundial","Juzu Bracelet","Red Mask","Boot","Blood Vial"],"potions_floor_usage":[55,55],"damage_taken":[{"damage":3.0,"enemies":"Jaw Worm","floor":1.0,"turns":8.0},{"damage":11.0,"enemies":"Cultist","floor":3.0,"turns":5.0},{"damage":1.0,"enemies":"2 Louse","floor":5.0,"turns":2.0},{"damage":39.0,"enemies":"Lagavulin","floor":6.0,"turns":10.0},{"damage":1.0,"enemies":"2 Fungi Beasts","floor":14.0,"turns":4.0},{"damage":0.0,"enemies":"The Guardian","floor":16.0,"turns":14.0},{"damage":4.0,"enemies":"2 Thieves","floor":18.0,"turns":4.0},{"damage":0.0,"enemies":"3 Byrds","floor":19.0,"turns":4.0},{"damage":4.0,"enemies":"Snake Plant","floor":22.0,"turns":6.0},{"damage":10.0,"enemies":"Gremlin Leader","floor":23.0,"turns":6.0},{"damage":0.0,"enemies":"Slavers","floor":25.0,"turns":5.0},{"damage":12.0,"enemies":"Gremlin Leader","floor":27.0,"turns":4.0},{"damage":0.0,"enemies":"Centurion and Healer","floor":28.0,"turns":6.0},{"damage":0.0,"enemies":"Book of Stabbing","floor":30.0,"turns":7.0},{"damage":0.0,"enemies":"3 Cultists","floor":31.0,"turns":4.0},{"damage":0.0,"enemies":"Automaton","floor":33.0,"turns":6.0},{"damage":2.0,"enemies":"3 Shapes","floor":35.0,"turns":2.0},{"damage":0.0,"enemies":"Orb Walker","floor":36.0,"turns":2.0},{"damage":0.0,"enemies":"Nemesis","floor":40.0,"turns":3.0},{"damage":0.0,"enemies":"Reptomancer","floor":45.0,"turns":5.0},{"damage":0.0,"enemies":"Spire Growth","floor":46.0,"turns":4.0},{"damage":0.0,"enemies":"4 Shapes","floor":47.0,"turns":3.0},{"damage":9.0,"enemies":"Jaw Worm Horde","floor":48.0,"turns":3.0},{"damage":0.0,"enemies":"Time Eater","floor":50.0,"turns":10.0},{"damage":0.0,"enemies":"Shield and Spear","floor":54.0,"turns":7.0},{"damage":13,"enemies":"The Heart","floor":55,"turns":5}],"seed_played":"-6487563960015315186","potions_obtained":[{"floor":6.0,"key":"EntropicBrew"},{"floor":12.0,"key":"Dexterity Potion"},{"floor":12.0,"key":"SteroidPotion"},{"floor":17.0,"key":"SteroidPotion"},{"floor":18.0,"key":"EssenceOfSteel"},{"floor":23.0,"key":"Dexterity Potion"},{"floor":25.0,"key":"PowerPotion"},{"floor":30.0,"key":"FearPotion"},{"floor":48.0,"key":"PowerPotion"}],"is_trial":false,"path_per_floor":["M","?","M","T","M","E","R","?","T","?","R","?","R","M","R","B",null,"M","M","?","$","M","E","R","E","T","E","M","?","E","M","R","B",null,"M","M","?","$","$","E","R","$","T","?","E","M","M","M","R","B",null,"R","$","E","B",null],"character_chosen":"THE_SILENT","items_purchased":["Purity","TwistedFunnel","Sundial","Blur"],"campfire_rested":1,"item_purchase_floors":[21,21,38,42],"current_hp_per_floor":[67,56,45,45,44,5,26,19,19,19,19,19,19,30,30,55,75,71,71,71,71,67,57,57,57,57,45,45,45,45,45,45,70,75,73,73,73,73,73,73,73,73,73,73,73,73,73,64,64,75,75,75,75,75,62],"gold":56,"neow_bonus":"TRANSFORM_TWO_CARDS","is_prod":false,"is_daily":false,"chose_seed":false,"campfire_upgraded":7,"win_rate":0,"timestamp":1554917429,"path_taken":["M","?","M","?","?","E","R","?","T","?","R","?","R","?","R","BOSS","M","M","?","$","M","E","R","E","T","E","?","?","E","?","R","BOSS","M","M","?","?","$","E","R","$","T","?","E","M","M","M","R","BOSS","R","$","E","BOSS"],"build_version":"2019-04-04","purchased_purges":4,"victory":true,"max_hp_per_floor":[70,70,70,70,70,70,70,70,70,70,70,70,70,70,70,70,75,75,75,75,75,75,75,75,75,75,75,75,75,75,75,75,75,75,75,75,75,75,75,75,75,75,75,75,75,75,75,75,75,75,75,75,75,75,75],"card_choices":[{"not_picked":["Flying Knee","Bane","Underhanded Strike"],"picked":"SKIP","floor":1.0},{"not_picked":["Quick Slash","Backflip"],"picked":"Dagger Spray","floor":3.0},{"not_picked":["Dodge and Roll","Bullet Time"],"picked":"Noxious Fumes","floor":5.0},{"not_picked":["Outmaneuver","Blade Dance","Dodge and Roll"],"picked":"SKIP","floor":6.0},{"not_picked":["Bane+1","Noxious Fumes"],"picked":"Deflect","floor":14.0},{"not_picked":["Glass Knife+1","Phantasmal Killer"],"picked":"Adrenaline","floor":16.0},{"not_picked":["Flying Knee+1","Footwork"],"picked":"Acrobatics","floor":17.0},{"not_picked":["Deadly Poison","Crippling Poison+1"],"picked":"Acrobatics","floor":18.0},{"not_picked":["Bane+1","Terror+1","Caltrops"],"picked":"SKIP","floor":19.0},{"not_picked":["Backflip","Quick Slash+1"],"picked":"Endless Agony+1","floor":22.0},{"not_picked":["Cloak And Dagger","Wraith Form v2"],"picked":"Finisher+1","floor":23.0},{"not_picked":["Dodge and Roll+1","Dagger Spray+1"],"picked":"Backflip","floor":25.0},{"not_picked":["Crippling Poison","Distraction+1"],"picked":"Reflex","floor":27.0},{"not_picked":["All Out Attack+1","Caltrops+1","Sucker Punch+1"],"picked":"SKIP","floor":28.0},{"not_picked":["Backflip","Deadly Poison+1"],"picked":"A Thousand Cuts+1","floor":30.0},{"not_picked":["Eviscerate+1","Concentrate","Deadly Poison"],"picked":"SKIP","floor":31.0},{"not_picked":["Eviscerate+1","Concentrate","Deadly Poison"],"picked":"SKIP","floor":31.0},{"not_picked":["Storm of Steel","Die Die Die+1"],"picked":"After Image+1","floor":33.0},{"not_picked":["Deflect","Underhanded Strike+1"],"picked":"Flechettes+1","floor":35.0},{"not_picked":["Dodge and Roll","Slice+1","Poisoned Stab+1"],"picked":"SKIP","floor":36.0},{"not_picked":["Cloak And Dagger","Dash+1","Adrenaline"],"picked":"SKIP","floor":40.0},{"not_picked":["Blade Dance","Deadly Poison","Dagger Throw+1"],"picked":"SKIP","floor":45.0},{"not_picked":["Masterful Stab+1","Dagger Spray+1","Underhanded Strike+1"],"picked":"SKIP","floor":46.0},{"not_picked":["Blur","PiercingWail","Bane+1"],"picked":"SKIP","floor":47.0},{"not_picked":["Skewer+1","Poisoned Stab+1","Dagger Spray+1"],"picked":"SKIP","floor":48.0},{"not_picked":["Storm of Steel","Backflip","Eviscerate+1"],"picked":"SKIP","floor":54.0}],"player_experience":1385462,"relics_obtained":[{"floor":4.0,"key":"Pantograph"},{"floor":6.0,"key":"Molten Egg 2"},{"floor":9.0,"key":"Meat on the Bone"},{"floor":23.0,"key":"Ninja Scroll"},{"floor":25.0,"key":"Smiling Mask"},{"floor":26.0,"key":"Frozen Egg 2"},{"floor":27.0,"key":"Oddly Smooth Stone"},{"floor":30.0,"key":"Paper Crane"},{"floor":40.0,"key":"Juzu Bracelet"},{"floor":45.0,"key":"Boot"},{"floor":54.0,"key":"Blood Vial"}],"event_choices":[{"damage_healed":0.0,"max_hp_gain":0.0,"max_hp_loss":0.0,"gold_gain":75.0,"event_name":"World of Goop","player_choice":"Gather Gold","floor":2.0,"gold_loss":0.0,"damage_taken":11.0},{"cards_removed":["Pain"],"damage_healed":0.0,"max_hp_gain":0.0,"max_hp_loss":0.0,"gold_gain":0.0,"event_name":"Golden Wing","player_choice":"Card Removal","floor":8.0,"gold_loss":0.0,"damage_taken":7.0},{"damage_healed":0.0,"max_hp_gain":0.0,"max_hp_loss":0.0,"gold_gain":30.0,"event_name":"Dead Adventurer","player_choice":"Searched \u00272\u0027 times","floor":10.0,"gold_loss":0.0,"damage_taken":0.0,"relics_obtained":["Letter Opener"]},{"damage_healed":0.0,"max_hp_gain":0.0,"max_hp_loss":0.0,"gold_gain":0.0,"event_name":"Lab","player_choice":"Got Potions","floor":12.0,"gold_loss":0.0,"damage_taken":0.0},{"damage_healed":0.0,"max_hp_gain":0.0,"max_hp_loss":0.0,"gold_gain":0.0,"cards_transformed":["Strike_G"],"event_name":"Transmorgrifier","player_choice":"Transformed","floor":20.0,"gold_loss":0.0,"damage_taken":0.0,"cards_obtained":["Venomology"]},{"damage_healed":0.0,"max_hp_gain":0.0,"max_hp_loss":0.0,"gold_gain":0.0,"event_name":"The Woman in Blue","player_choice":"Bought 0 Potions","floor":29.0,"gold_loss":0.0,"damage_taken":0.0},{"cards_removed":["Strike_G"],"damage_healed":0.0,"max_hp_gain":0.0,"max_hp_loss":0.0,"gold_gain":0.0,"event_name":"Designer","player_choice":"Single Remove","floor":37.0,"gold_loss":60.0,"damage_taken":0.0},{"damage_healed":0.0,"max_hp_gain":0.0,"max_hp_loss":0.0,"gold_gain":0.0,"event_name":"Tomb of Lord Red Mask","player_choice":"Paid","floor":44.0,"gold_loss":10.0,"damage_taken":0.0,"relics_obtained":["Red Mask"]}],"is_beta":true,"boss_relics":[{"not_picked":["White Beast Statue","Lizard Tail"],"picked":"Tiny House"},{"not_picked":["WristBlade","Sozu"],"picked":"Cursed Key"}],"items_purged_floors":[21,38,39,53],"is_endless":false,"potions_floor_spawned":[6,18,23,25,27,30,36,46,47,48],"ascension_level":1}