{"gold_per_floor":[119,35,110,60,77,112,112,129,197,216,216,231,231,249,249,353,353],"floor_reached":17,"playtime":251,"items_purged":[],"score":182,"play_id":"36c8b75d-48fa-4c87-a58e-0badafaf3182","local_time":"20190110003818","is_ascension_mode":false,"campfire_choices":[{"data":"Cleave","floor":11,"key":"SMITH"},{"data":"Discovery","floor":15,"key":"SMITH"}],"neow_cost":"NONE","seed_source_timestamp":13716252404188,"circlet_count":0,"master_deck":["Strike_R","Strike_R","Strike_R","Strike_R","Defend_R","Defend_R","Defend_R","Defend_R","Bash","Heavy Blade","Discovery+1","Cleave","Cleave+1","True Grit","Havoc+1","Twin Strike","Warcry+1","Reaper"],"relics":["Burning Blood","NeowsBlessing","Omamori","Toxic Egg 2","Black Star"],"potions_floor_usage":[],"damage_taken":[{"damage":0,"enemies":"2 Louse","floor":1,"turns":1},{"damage":0,"enemies":"Jaw Worm","floor":5,"turns":1},{"damage":0,"enemies":"Lagavulin","floor":6,"turns":1},{"damage":5,"enemies":"Small Slimes","floor":8,"turns":3},{"damage":12,"enemies":"Blue Slaver","floor":10,"turns":3},{"damage":13,"enemies":"Red Slaver","floor":12,"turns":2},{"damage":1,"enemies":"Gremlin Gang","floor":14,"turns":2},{"damage":46,"enemies":"Slime Boss","floor":16,"turns":7}],"seed_played":"-9168431674715645337","potions_obtained":[{"floor":5,"key":"SpeedPotion"},{"floor":12,"key":"Strength Potion"},{"floor":13,"key":"LiquidBronze"}],"is_trial":false,"path_per_floor":["M","$","?","?","M","E","?","M","T","M","R","M","?","M","R","B",null],"character_chosen":"IRONCLAD","items_purchased":["Discovery"],"campfire_rested":0,"item_purchase_floors":[2],"current_hp_per_floor":[80,80,69,69,75,80,80,80,80,74,74,67,67,72,72,32,80],"gold":353,"neow_bonus":"THREE_ENEMY_KILL","is_prod":false,"is_daily":false,"chose_seed":false,"campfire_upgraded":2,"win_rate":0,"timestamp":1547077098,"path_taken":["M","$","?","?","M","E","?","?","T","M","R","M","?","M","R","BOSS"],"build_version":"2019-01-03v4","purchased_purges":0,"victory":false,"max_hp_per_floor":[80,80,80,80,80,80,80,80,80,80,80,80,80,80,80,80,80],"card_choices":[{"not_picked":["Havoc","Warcry"],"picked":"Heavy Blade","floor":1},{"not_picked":["Sentinel","Iron Wave"],"picked":"Cleave","floor":5},{"not_picked":["Reckless Charge","Dropkick"],"picked":"Cleave","floor":6},{"not_picked":["Body Slam","Searing Blow"],"picked":"True Grit","floor":8},{"not_picked":["Pommel Strike","True Grit+1"],"picked":"Havoc+1","floor":10},{"not_picked":["Juggernaut","Clothesline"],"picked":"Twin Strike","floor":12},{"not_picked":["Reckless Charge","Feel No Pain"],"picked":"Warcry+1","floor":14},{"not_picked":["Limit Break+1","Brutality"],"picked":"Reaper","floor":16}],"player_experience":430297,"relics_obtained":[{"floor":6,"key":"Omamori"},{"floor":9,"key":"Toxic Egg 2"}],"event_choices":[{"damage_healed":0,"gold_gain":75,"player_choice":"Gather Gold","damage_taken":11,"max_hp_gain":0,"max_hp_loss":0,"event_name":"World of Goop","floor":3,"gold_loss":0},{"cards_removed":["Strike_R"],"damage_healed":0,"gold_gain":0,"player_choice":"Card Removal","damage_taken":0,"max_hp_gain":0,"max_hp_loss":0,"event_name":"The Cleric","floor":4,"gold_loss":50},{"damage_healed":0,"gold_gain":0,"player_choice":"Ignored","damage_taken":0,"max_hp_gain":0,"max_hp_loss":0,"event_name":"NoteForYourself","floor":7,"gold_loss":0},{"damage_healed":0,"gold_gain":0,"player_choice":"Got Potions","damage_taken":0,"max_hp_gain":0,"max_hp_loss":0,"event_name":"Lab","floor":13,"gold_loss":0}],"is_beta":false,"boss_relics":[{"not_picked":["Black Blood","Pandora\u0027s Box"],"picked":"Black Star"}],"items_purged_floors":[],"is_endless":false,"potions_floor_spawned":[5,12,14],"ascension_level":0}