{"gold_per_floor":[119,134,20,20,33,33,65,65,89,114,36,36,53,86,86,183,183,201,221,221,235,246,246,246,246,273,286,286,47,66,101,113,229,241,267,293,315,346,146,146,156,156,156,175,188,188,188,0,0,0],"floor_reached":50,"playtime":2961,"items_purged":["Defend_B"],"score":509,"play_id":"c86b6603-69d9-4795-9860-50fd16233e68","local_time":"25611102192329","is_ascension_mode":false,"campfire_choices":[{"data":"Glacier","floor":6.0,"key":"SMITH"},{"floor":8.0,"key":"REST"},{"floor":15.0,"key":"REST"},{"floor":23,"key":"REST"},{"data":"Zap","floor":25,"key":"SMITH"},{"data":"Auto Shields","floor":28,"key":"SMITH"},{"floor":32,"key":"REST"},{"data":"White Noise","floor":40,"key":"SMITH"},{"floor":42,"key":"REST"},{"data":"White Noise","floor":46,"key":"SMITH"},{"floor":49,"key":"REST"}],"neow_cost":"NONE","seed_source_timestamp":0,"circlet_count":0,"master_deck":["Strike_B","Strike_B","Strike_B","Strike_B","Defend_B","Defend_B","Defend_B","Zap+1","Dualcast","Steam","Fusion","Auto Shields+1","Glacier+1","Machine Learning","White Noise+1","Redo","Doom and Gloom","Electrodynamics","FTL","Hologram+1","Capacitor","White Noise+1","Static Discharge+1","Creative AI","Force Field","Redo+1","BootSequence","Enlightenment","Scrape+1","Lockon+1","Cold Snap+1"],"special_seed":0,"relics":["Lizard Tail","Vajra","Anchor","Smiling Mask","Blood Vial","CultistMask","Regal Pillow","Eternal Feather","Bag of Preparation","Mummified Hand","MawBank","Inserter","Sundial","Red Mask"],"potions_floor_usage":[21,27,31,38,44,50,50,50],"damage_taken":[{"damage":6.0,"enemies":"Jaw Worm","floor":1.0,"turns":3.0},{"damage":4.0,"enemies":"Cultist","floor":2.0,"turns":4.0},{"damage":0.0,"enemies":"Small Slimes","floor":5.0,"turns":4.0},{"damage":15.0,"enemies":"3 Sentries","floor":7.0,"turns":13.0},{"damage":11.0,"enemies":"Lagavulin","floor":10.0,"turns":7.0},{"damage":8.0,"enemies":"Exordium Thugs","floor":13.0,"turns":6.0},{"damage":20.0,"enemies":"3 Sentries","floor":14.0,"turns":8.0},{"damage":38.0,"enemies":"The Guardian","floor":16.0,"turns":14.0},{"damage":18.0,"enemies":"Spheric Guardian","floor":18.0,"turns":5.0},{"damage":10.0,"enemies":"2 Thieves","floor":19.0,"turns":3.0},{"damage":20,"enemies":"Chosen and Byrds","floor":21,"turns":7},{"damage":13,"enemies":"Centurion and Healer","floor":22,"turns":10},{"damage":30,"enemies":"Cultist and Chosen","floor":27,"turns":8},{"damage":17,"enemies":"Chosen and Byrds","floor":30,"turns":6},{"damage":0,"enemies":"Gremlin Leader","floor":31,"turns":6},{"damage":69,"enemies":"Collector","floor":33,"turns":7},{"damage":7,"enemies":"3 Shapes","floor":35,"turns":7},{"damage":23,"enemies":"3 Darklings","floor":36,"turns":3},{"damage":16,"enemies":"Writhing Mass","floor":37,"turns":9},{"damage":72,"enemies":"Maw","floor":38,"turns":9},{"damage":30,"enemies":"Transient","floor":41,"turns":5},{"damage":16,"enemies":"3 Darklings","floor":44,"turns":8},{"damage":18,"enemies":"4 Shapes","floor":45,"turns":4},{"damage":80,"enemies":"Time Eater","floor":50,"turns":7}],"seed_played":"-5017327719363032071","potions_obtained":[{"floor":5.0,"key":"Swift Potion"},{"floor":7.0,"key":"Fire Potion"},{"floor":10.0,"key":"Ancient Potion"},{"floor":16.0,"key":"PowerPotion"},{"floor":22,"key":"FocusPotion"},{"floor":27,"key":"SpeedPotion"},{"floor":37,"key":"Weak Potion"},{"floor":41,"key":"Dexterity Potion"},{"floor":45,"key":"Fire Potion"}],"is_trial":false,"path_per_floor":["M","M","$","?","M","R","E","R","T","E","$","?","M","E","R","B",null,"M","M","?","M","M","R","?","R","T","M","R","$","M","E","R","B",null,"M","M","M","M","$","R","M","R","T","M","M","R","?","?","R","B"],"character_chosen":"DEFECT","items_purchased":["Auto Shields","White Noise","Mummified Hand","Block Potion","LiquidBronze","Enlightenment"],"campfire_rested":6,"item_purchase_floors":[3,11,29,39,39,39],"current_hp_per_floor":[69,65,65,47,47,47,32,54,54,43,43,43,37,19,56,20,75,57,49,35,17,6,57,57,69,69,41,53,53,38,40,80,11,80,73,52,38,18,18,33,5,62,62,48,32,50,50,50,80,0],"gold":0,"neow_bonus":"BOSS_RELIC","is_prod":false,"is_daily":false,"chose_seed":false,"campfire_upgraded":5,"win_rate":0.0,"timestamp":1541161409,"path_taken":["M","M","$","?","M","R","E","R","T","E","$","?","M","E","R","BOSS","M","M","?","?","?","R","?","R","T","M","R","$","M","E","R","BOSS","M","M","M","M","$","R","M","R","T","M","M","R","?","?","R","BOSS"],"build_version":"2018-11-01","purchased_purges":1,"victory":false,"max_hp_per_floor":[75,75,75,75,75,75,75,75,75,75,75,75,75,75,75,75,75,75,75,80,80,80,80,80,80,80,80,80,80,80,80,80,80,80,80,80,80,80,80,80,80,80,80,80,80,80,80,80,80,80],"card_choices":[{"not_picked":["Stack","Fusion"],"picked":"Steam","floor":1.0},{"not_picked":["Coolheaded","Aggregate"],"picked":"Fusion","floor":2.0},{"not_picked":["Melter","Gash"],"picked":"Glacier","floor":5.0},{"not_picked":["Stack","Conserve Battery"],"picked":"Streamline","floor":7.0},{"not_picked":["Go for the Eyes","Streamline"],"picked":"Machine Learning","floor":10.0},{"not_picked":["Sweeping Beam","Streamline"],"picked":"Redo","floor":13.0},{"not_picked":["Tempest","Hologram"],"picked":"Doom and Gloom","floor":14.0},{"not_picked":["Rainbow","Multi-Cast"],"picked":"Electrodynamics","floor":16.0},{"not_picked":["Compile Driver","Go for the Eyes"],"picked":"FTL","floor":18.0},{"not_picked":["Conserve Battery","Steam Power"],"picked":"Hologram+1","floor":19.0},{"not_picked":["Compile Driver","Beam Cell","Gash"],"picked":"SKIP","floor":21},{"not_picked":["Coolheaded","Fusion","Beam Cell"],"picked":"SKIP","floor":22},{"not_picked":["Sweeping Beam","Thunder Strike"],"picked":"Capacitor","floor":27},{"not_picked":["Conserve Battery","Hologram"],"picked":"White Noise","floor":30},{"not_picked":["Go for the Eyes","Gash"],"picked":"Static Discharge+1","floor":31},{"not_picked":["Multi-Cast","Reboot"],"picked":"Creative AI","floor":33},{"not_picked":["Streamline+1","Beam Cell"],"picked":"Force Field","floor":35},{"not_picked":["Go for the Eyes+1","Leap"],"picked":"Redo+1","floor":36},{"not_picked":["Heatsinks","Hologram+1","Cold Snap"],"picked":"SKIP","floor":37},{"not_picked":["Melter+1","Capacitor"],"picked":"BootSequence","floor":38},{"not_picked":["Steam+1","Hologram+1"],"picked":"Scrape+1","floor":41},{"not_picked":["Electrodynamics","Gash+1"],"picked":"Lockon+1","floor":44},{"not_picked":["Leap","Ball Lightning+1"],"picked":"Cold Snap+1","floor":45}],"player_experience":38337,"relics_obtained":[{"floor":7.0,"key":"Anchor"},{"floor":9.0,"key":"Smiling Mask"},{"floor":10.0,"key":"Blood Vial"},{"floor":14.0,"key":"Regal Pillow"},{"floor":26,"key":"Bag of Preparation"},{"floor":31,"key":"MawBank"},{"floor":43,"key":"Sundial"}],"event_choices":[{"damage_healed":0.0,"max_hp_gain":0.0,"max_hp_loss":0.0,"gold_gain":0.0,"event_name":"Scrap Ooze","player_choice":"Success","floor":4.0,"gold_loss":0.0,"damage_taken":18.0,"relics_obtained":["Vajra"]},{"damage_healed":0.0,"max_hp_gain":0.0,"max_hp_loss":0.0,"gold_gain":0.0,"event_name":"FaceTrader","player_choice":"Trade","floor":12.0,"gold_loss":0.0,"damage_taken":0.0,"relics_obtained":["CultistMask"]},{"damage_healed":0.0,"max_hp_gain":5.0,"max_hp_loss":0.0,"gold_gain":0.0,"event_name":"Forgotten Altar","player_choice":"Shed Blood","floor":20.0,"gold_loss":0.0,"damage_taken":19.0},{"damage_healed":0,"gold_gain":0,"player_choice":"Ignored","damage_taken":0,"max_hp_gain":0,"max_hp_loss":0,"event_name":"Ghosts","floor":24,"gold_loss":0},{"cards_removed":["Streamline"],"damage_healed":0,"gold_gain":0,"player_choice":"Removed Attack","damage_taken":0,"max_hp_gain":0,"max_hp_loss":0,"event_name":"Falling","floor":47,"gold_loss":0},{"damage_healed":0,"gold_gain":0,"player_choice":"Paid","damage_taken":0,"relics_obtained":["Red Mask"],"max_hp_gain":0,"max_hp_loss":0,"event_name":"Tomb of Lord Red Mask","floor":48,"gold_loss":188}],"is_beta":false,"boss_relics":[{"not_picked":["White Beast Statue","Velvet Choker"],"picked":"Eternal Feather"},{"not_picked":["Black Star","Tiny House"],"picked":"Inserter"}],"items_purged_floors":[3],"is_endless":false,"potions_floor_spawned":[5,7,10,16,22,27,37,41,45],"killed_by":"Time Eater","ascension_level":0}