{"gold_per_floor":[118,118,130,148,148,175,194,220,297,312,322,322,338,353,353,456,456,473,473,4,17,29,54,68,68,92,122,122,47,47,47,47,149,149,163,179,226,226,96,96,112,130,156,173,184,214,234,234,234,234],"floor_reached":51,"playtime":4477,"items_purged":[],"score":965,"play_id":"8254f450-26d7-4f7e-a06c-e0b890085818","local_time":"20190508213238","is_ascension_mode":true,"campfire_choices":[{"floor":15,"key":"REST"},{"data":"Glacier","floor":25,"key":"SMITH"},{"data":"Zap","floor":28,"key":"SMITH"},{"floor":32,"key":"REST"},{"floor":40,"key":"REST"},{"data":"Thinking Ahead","floor":49,"key":"SMITH"}],"neow_cost":"NONE","seed_source_timestamp":3477327074459763,"circlet_count":0,"master_deck":["Strike_B","Strike_B","Strike_B+1","Defend_B","Defend_B","Defend_B","Defend_B","Zap+1","Dualcast","Gash","Reboot","Defragment+1","Conserve Battery","White Noise","Glacier+1","Echo Form+1","Ghostly","Ghostly","Ghostly","Ghostly","Ghostly","Loop+1","Loop+1","Capacitor+1","Defragment+1","Creative AI+1","Gash+1","Thinking Ahead+1","Gash+1","Beam Cell+1"],"relics":["Cracked Core","NeowsBlessing","Cables","Unceasing Top","Singing Bowl","Frozen Egg 2","Nuclear Battery","Mercury Hourglass","DataDisk","Strawberry","Orichalcum","Bottled Flame","Busted Crown","StoneCalendar","Molten Egg 2","Potion Belt","Juzu Bracelet"],"potions_floor_usage":[6,6,8,11,13,27,30,33,37,46,50,50],"damage_taken":[{"damage":0,"enemies":"2 Louse","floor":1,"turns":1},{"damage":0,"enemies":"Cultist","floor":3,"turns":1},{"damage":0,"enemies":"Jaw Worm","floor":4,"turns":1},{"damage":11,"enemies":"Gremlin Nob","floor":6,"turns":4},{"damage":13,"enemies":"Blue Slaver","floor":7,"turns":3},{"damage":25,"enemies":"3 Sentries","floor":8,"turns":6},{"damage":0,"enemies":"Large Slime","floor":10,"turns":5},{"damage":1,"enemies":"Looter","floor":11,"turns":3},{"damage":7,"enemies":"Lots of Slimes","floor":13,"turns":3},{"damage":5,"enemies":"Gremlin Gang","floor":14,"turns":4},{"damage":1,"enemies":"The Guardian","floor":16,"turns":13},{"damage":27,"enemies":"3 Byrds","floor":18,"turns":4},{"damage":1,"enemies":"Spheric Guardian","floor":21,"turns":4},{"damage":1,"enemies":"Cultist and Chosen","floor":22,"turns":5},{"damage":17,"enemies":"Book of Stabbing","floor":23,"turns":4},{"damage":1,"enemies":"Snecko","floor":24,"turns":5},{"damage":0,"enemies":"Gremlin Leader","floor":27,"turns":5},{"damage":0,"enemies":"Colosseum Slavers","floor":30,"turns":4},{"damage":0,"enemies":"Collector","floor":33,"turns":8},{"damage":22,"enemies":"Orb Walker","floor":35,"turns":5},{"damage":0,"enemies":"3 Darklings","floor":36,"turns":4},{"damage":16,"enemies":"2 Orb Walkers","floor":37,"turns":5},{"damage":0,"enemies":"Sphere and 2 Shapes","floor":41,"turns":6},{"damage":0,"enemies":"4 Shapes","floor":42,"turns":5},{"damage":0,"enemies":"Transient","floor":44,"turns":5},{"damage":0,"enemies":"Spire Growth","floor":45,"turns":5},{"damage":0,"enemies":"Giant Head","floor":46,"turns":7},{"damage":0,"enemies":"Writhing Mass","floor":47,"turns":4},{"damage":18,"enemies":"Time Eater","floor":50,"turns":12}],"seed_played":"1441067434733722437","potions_obtained":[{"floor":1,"key":"AttackPotion"},{"floor":3,"key":"Dexterity Potion"},{"floor":7,"key":"Swift Potion"},{"floor":8,"key":"Energy Potion"},{"floor":11,"key":"SkillPotion"},{"floor":18,"key":"FearPotion"},{"floor":21,"key":"Swift Potion"},{"floor":23,"key":"Explosive Potion"},{"floor":35,"key":"PowerPotion"},{"floor":41,"key":"Dexterity Potion"},{"floor":45,"key":"Swift Potion"},{"floor":47,"key":"EssenceOfSteel"}],"is_trial":false,"path_per_floor":["M","?","M","M","?","E","M","E","T","M","M","T","M","M","R","B",null,"M","?","$","M","M","E","M","R","T","E","R","?","?","$","R","B",null,"M","M","?","?","?","R","M","M","T","M","M","E","M","?","R","B",null],"character_chosen":"DEFECT","items_purchased":["Mercury Hourglass","DataDisk","Loop+1"],"campfire_rested":3,"item_purchase_floors":[20,20,20],"current_hp_per_floor":[75,75,75,75,60,49,36,11,11,13,14,14,9,6,30,29,83,58,42,42,41,40,30,31,31,31,33,33,33,33,33,48,48,53,33,35,19,19,19,36,38,40,40,42,42,42,44,65,65,47],"gold":234,"neow_bonus":"THREE_ENEMY_KILL","is_prod":false,"is_daily":false,"chose_seed":false,"campfire_upgraded":3,"win_rate":0,"timestamp":1557365558,"path_taken":["M","?","?","M","?","E","M","E","T","M","M","?","M","M","R","BOSS","M","?","$","M","M","E","M","R","T","E","R","?","?","$","R","BOSS","M","M","?","?","?","R","M","M","T","?","M","E","M","?","R","BOSS"],"build_version":"2019-01-23","purchased_purges":0,"victory":true,"max_hp_per_floor":[75,75,75,75,75,75,75,75,75,77,79,79,81,83,83,83,83,85,42,42,42,42,49,51,51,51,53,53,53,53,53,53,53,53,55,57,57,57,57,57,59,61,61,63,63,63,65,65,65,65],"card_choices":[{"not_picked":["Genetic Algorithm","White Noise"],"picked":"Gash","floor":1},{"not_picked":["Double Energy","Skim"],"picked":"Defragment","floor":3},{"not_picked":["Coolheaded","Storm"],"picked":"Conserve Battery","floor":4},{"not_picked":["Steam Power","Chill","Double Energy"],"picked":"SKIP","floor":6},{"not_picked":["Sunder","Leap"],"picked":"White Noise","floor":7},{"not_picked":["Turbo","Multi-Cast"],"picked":"Glacier","floor":8},{"not_picked":["Stack","Double Energy","Steam"],"picked":"Singing Bowl","floor":10},{"not_picked":["Hologram","Conserve Battery","Glacier"],"picked":"Singing Bowl","floor":11},{"not_picked":["Chill","Conserve Battery","Compile Driver"],"picked":"Singing Bowl","floor":13},{"not_picked":["Seek","Blizzard","Redo"],"picked":"Singing Bowl","floor":14},{"not_picked":["Thunder Strike","Seek"],"picked":"Echo Form+1","floor":16},{"not_picked":["Barrage","Sweeping Beam","Compile Driver"],"picked":"Singing Bowl","floor":18},{"not_picked":["Consume","Glacier"],"picked":"Loop+1","floor":21},{"not_picked":["Gash","Hologram"],"picked":"Capacitor+1","floor":22},{"not_picked":["Streamline+1","Blizzard"],"picked":"Defragment+1","floor":23},{"not_picked":["Turbo+1","Doom and Gloom","Go for the Eyes"],"picked":"Singing Bowl","floor":24},{"not_picked":["Reprogram","Reinforced Body","Recycle"],"picked":"Singing Bowl","floor":27},{"not_picked":["Hyperbeam","Meteor Strike"],"picked":"Creative AI+1","floor":33},{"not_picked":["Redo+1"],"picked":"Singing Bowl","floor":35},{"not_picked":["Go for the Eyes"],"picked":"Singing Bowl","floor":36},{"not_picked":[],"picked":"Gash+1","floor":37},{"not_picked":[],"picked":"Thinking Ahead","floor":38},{"not_picked":["Heatsinks+1"],"picked":"Singing Bowl","floor":41},{"not_picked":["Static Discharge+1"],"picked":"Singing Bowl","floor":42},{"not_picked":["Auto Shields+1"],"picked":"Singing Bowl","floor":44},{"not_picked":[],"picked":"Gash+1","floor":45},{"not_picked":[],"picked":"Beam Cell+1","floor":46},{"not_picked":["Compile Driver+1"],"picked":"Singing Bowl","floor":47}],"player_experience":226697,"relics_obtained":[{"floor":6,"key":"Cables"},{"floor":8,"key":"Unceasing Top"},{"floor":9,"key":"Singing Bowl"},{"floor":12,"key":"Frozen Egg 2"},{"floor":23,"key":"Strawberry"},{"floor":26,"key":"Orichalcum"},{"floor":27,"key":"Bottled Flame"},{"floor":37,"key":"StoneCalendar"},{"floor":43,"key":"Potion Belt"},{"floor":46,"key":"Juzu Bracelet"}],"event_choices":[{"damage_healed":0,"gold_gain":0,"player_choice":"1 cards matched","damage_taken":0,"max_hp_gain":0,"max_hp_loss":0,"event_name":"Match and Keep!","floor":2,"gold_loss":0,"cards_obtained":["Reboot"]},{"damage_healed":0,"gold_gain":0,"player_choice":"Entered Light","damage_taken":15,"max_hp_gain":0,"max_hp_loss":0,"event_name":"Shining Light","floor":5,"gold_loss":0,"cards_upgraded":["Strike_B","Defragment"]},{"damage_healed":0,"gold_gain":0,"player_choice":"Became a Ghost","damage_taken":0,"max_hp_gain":0,"max_hp_loss":43,"event_name":"Ghosts","floor":19,"gold_loss":0,"cards_obtained":["Ghostly","Ghostly","Ghostly","Ghostly","Ghostly"]},{"cards_removed":["Strike_B"],"damage_healed":0,"gold_gain":0,"player_choice":"Gave Gold","damage_taken":0,"max_hp_gain":0,"max_hp_loss":0,"event_name":"Beggar","floor":29,"gold_loss":75},{"damage_healed":0,"gold_gain":0,"player_choice":"Fight","damage_taken":0,"max_hp_gain":0,"max_hp_loss":0,"event_name":"Colosseum","floor":30,"gold_loss":0},{"damage_healed":0,"gold_gain":0,"player_choice":"Fled From Nobs","damage_taken":0,"max_hp_gain":0,"max_hp_loss":0,"event_name":"Colosseum","floor":30,"gold_loss":0},{"damage_healed":0,"gold_gain":0,"player_choice":"Fight","damage_taken":0,"max_hp_gain":0,"max_hp_loss":0,"event_name":"Mysterious Sphere","floor":37,"gold_loss":0},{"damage_healed":0,"gold_gain":0,"player_choice":"Memory 1","damage_taken":0,"max_hp_gain":0,"max_hp_loss":0,"event_name":"SensoryStone","floor":38,"gold_loss":0},{"damage_healed":0,"gold_gain":0,"player_choice":"Paid Gold","damage_taken":0,"relics_obtained":["Molten Egg 2"],"max_hp_gain":0,"max_hp_loss":0,"event_name":"WeMeetAgain","floor":39,"gold_loss":130},{"damage_healed":21,"gold_gain":0,"player_choice":"Full Heal","damage_taken":0,"max_hp_gain":0,"max_hp_loss":0,"event_name":"Wheel of Change","floor":48,"gold_loss":0}],"is_beta":false,"boss_relics":[{"not_picked":["Orrery","Snecko Eye"],"picked":"Nuclear Battery"},{"not_picked":["Tiny House","Black Star"],"picked":"Busted Crown"}],"items_purged_floors":[],"is_endless":false,"potions_floor_spawned":[1,3,7,8,11,18,21,23,35,41,45,47],"ascension_level":4}