{"gold_per_floor":[417,417,432,409,422,422,439,450,450,478,478,199,99,131,131,231,231,249,249,249,233,246,246,246],"floor_reached":24,"playtime":1846,"items_purged":["Pain","Injury"],"score":206,"play_id":"70c285bd-35af-4294-a699-7d52e70acd60","local_time":"20190326232936","is_ascension_mode":true,"campfire_choices":[{"data":"Pommel Strike","floor":6,"key":"SMITH"},{"data":"Blood for Blood","floor":15,"key":"SMITH"},{"floor":23,"key":"REST"}],"neow_cost":"CURSE","seed_source_timestamp":41966129343620,"circlet_count":0,"master_deck":["Strike_R","Strike_R","Strike_R","Strike_R","Strike_R","Defend_R","Defend_R","Defend_R","Defend_R","Bash","Pommel Strike+1","Shrug It Off","Twin Strike","Blood for Blood+1","Bludgeon"],"relics":["Burning Blood","Old Coin","WarpedTongs","Bottled Lightning","Odd Mushroom","Mummified Hand","Lee\u0027s Waffle","Pantograph","Lizard Tail"],"potions_floor_usage":[],"damage_taken":[{"damage":1,"enemies":"Jaw Worm","floor":1,"turns":5},{"damage":5,"enemies":"Cultist","floor":3,"turns":3},{"damage":4,"enemies":"Small Slimes","floor":5,"turns":3},{"damage":7,"enemies":"Looter","floor":7,"turns":4},{"damage":7,"enemies":"Blue Slaver","floor":8,"turns":4},{"damage":34,"enemies":"The Mushroom Lair","floor":10,"turns":5},{"damage":18,"enemies":"Lagavulin","floor":14,"turns":9},{"damage":35,"enemies":"The Guardian","floor":16,"turns":15},{"damage":11,"enemies":"Spheric Guardian","floor":18,"turns":4},{"damage":14,"enemies":"2 Thieves","floor":21,"turns":4},{"damage":52,"enemies":"3 Cultists","floor":22,"turns":7},{"damage":112,"enemies":"Book of Stabbing","floor":24,"turns":8}],"seed_played":"-7862845237894113874","potions_obtained":[{"floor":5,"key":"GamblersBrew"},{"floor":10,"key":"Explosive Potion"},{"floor":18,"key":"BloodPotion"}],"is_trial":false,"path_per_floor":["M","?","M","?","M","R","M","M","T","?","T","$","$","E","R","B",null,"M","?","?","M","M","R","E"],"character_chosen":"IRONCLAD","items_purchased":["Lee\u0027s Waffle"],"campfire_rested":1,"item_purchase_floors":[12],"current_hp_per_floor":[80,80,80,80,80,80,79,78,78,50,50,87,87,75,75,58,87,82,65,92,84,38,65,0],"gold":246,"neow_bonus":"ONE_RARE_RELIC","is_prod":false,"is_daily":false,"chose_seed":false,"campfire_upgraded":2,"win_rate":0,"timestamp":1553642976,"path_taken":["M","?","?","?","M","R","M","M","T","?","?","?","$","E","R","BOSS","M","?","?","M","?","R","E"],"build_version":"2019-01-23","purchased_purges":2,"victory":false,"max_hp_per_floor":[80,80,80,80,80,80,80,80,80,80,80,87,87,87,87,87,87,87,92,92,92,92,92,92],"card_choices":[{"not_picked":["Warcry","Flex"],"picked":"Pommel Strike","floor":1},{"not_picked":["Carnage","Disarm"],"picked":"Shrug It Off","floor":3},{"not_picked":["Pommel Strike","Fire Breathing","Warcry"],"picked":"SKIP","floor":5},{"not_picked":["Heavy Blade","Shrug It Off","Warcry"],"picked":"SKIP","floor":7},{"not_picked":["Pommel Strike","Headbutt"],"picked":"Twin Strike","floor":8},{"not_picked":["Rupture","Cleave"],"picked":"Blood for Blood","floor":14},{"not_picked":["Fiend Fire","Offering"],"picked":"Bludgeon","floor":16},{"not_picked":["Thunderclap","Heavy Blade+1","Twin Strike"],"picked":"SKIP","floor":18},{"not_picked":["Body Slam","Thunderclap","Sever Soul"],"picked":"SKIP","floor":21},{"not_picked":["Intimidate+1","Headbutt","Anger"],"picked":"SKIP","floor":22}],"player_experience":422953,"relics_obtained":[{"floor":9,"key":"Bottled Lightning"},{"floor":10,"key":"Odd Mushroom"},{"floor":11,"key":"Mummified Hand"},{"floor":14,"key":"Pantograph"}],"event_choices":[{"damage_healed":0,"gold_gain":0,"player_choice":"Rummage","damage_taken":0,"relics_obtained":["WarpedTongs"],"max_hp_gain":0,"max_hp_loss":0,"event_name":"Accursed Blacksmith","floor":2,"gold_loss":0,"cards_obtained":["Pain"]},{"damage_healed":0,"gold_gain":0,"player_choice":"Left Gold","damage_taken":0,"max_hp_gain":0,"max_hp_loss":0,"event_name":"World of Goop","floor":4,"gold_loss":23},{"damage_healed":0,"gold_gain":0,"player_choice":"Fought Mushrooms","damage_taken":0,"max_hp_gain":0,"max_hp_loss":0,"event_name":"Mushrooms","floor":10,"gold_loss":0},{"damage_healed":0,"gold_gain":0,"player_choice":"Shed Blood","damage_taken":22,"max_hp_gain":5,"max_hp_loss":0,"event_name":"Forgotten Altar","floor":19,"gold_loss":0},{"damage_healed":30,"gold_gain":0,"player_choice":"Heal","damage_taken":0,"max_hp_gain":0,"max_hp_loss":0,"event_name":"The Library","floor":20,"gold_loss":0}],"is_beta":false,"boss_relics":[{"not_picked":["Pandora\u0027s Box","Tiny House"],"picked":"Lizard Tail"}],"items_purged_floors":[12,13],"is_endless":false,"potions_floor_spawned":[5,10,18],"killed_by":"Book of Stabbing","ascension_level":1}