{"gold_per_floor":[119,119,194,194,218,218,252,276,276,319,382,382,396,59,59,153,153,176,176,176,197,217,237,237,252,276,301,301,316,316,359,359,458,458,477,477,477,38,38,72,85,125,125,138,154,185,185,185,185,185,185,185,185,16,55,55],"floor_reached":57,"playtime":3405,"items_purged":["Strike_B"],"score":2815,"play_id":"eec648cd-8dd8-4ce8-a1d7-ed51018b4522","local_time":"20190124022201","is_ascension_mode":true,"campfire_choices":[{"data":"Defragment","floor":6.0,"key":"SMITH"},{"data":"Defragment","floor":15.0,"key":"SMITH"},{"data":"Sunder","floor":24.0,"key":"SMITH"},{"data":"Hologram","floor":28.0,"key":"SMITH"},{"data":"Coolheaded","floor":30.0,"key":"SMITH"},{"data":"Turbo","floor":32.0,"key":"SMITH"},{"data":"Sunder","floor":47.0,"key":"SMITH"},{"floor":49.0,"key":"RECALL"},{"data":"Echo Form","floor":53.0,"key":"SMITH"}],"neow_cost":"NONE","seed_source_timestamp":20488407581497,"circlet_count":0,"master_deck":["AscendersBane","Strike_B","Strike_B","Defend_B","Defend_B","Defend_B","Defend_B","Zap","Dualcast","Defragment+1","FTL","Coolheaded+1","All For One","Hologram+1","Beam Cell","Defragment+1","Turbo+1","Echo Form+1","Sunder+1","Conserve Battery+1","Rainbow","Sunder+1"],"special_seed":0,"relics":["Cracked Core","NeowsBlessing","Golden Idol","PreservedInsect","Meat on the Bone","Lantern","The Courier","WarpedTongs","Kunai","DataDisk","Snecko Eye","Oddly Smooth Stone","Centennial Puzzle","Runic Dome","Bag of Marbles","Ice Cream","Torii","Ancient Tea Set","Dodecahedron","Frozen Egg 2","Anchor","Symbiotic Virus"],"potions_floor_usage":[56],"damage_taken":[{"damage":0.0,"enemies":"Small Slimes","floor":1.0,"turns":1.0},{"damage":0.0,"enemies":"Jaw Worm","floor":5.0,"turns":1.0},{"damage":0.0,"enemies":"3 Sentries","floor":7.0,"turns":1.0},{"damage":0.0,"enemies":"2 Louse","floor":8.0,"turns":2.0},{"damage":7.0,"enemies":"Lagavulin","floor":10.0,"turns":5.0},{"damage":33.0,"enemies":"Lagavulin Event","floor":11.0,"turns":8.0},{"damage":5.0,"enemies":"Exordium Thugs","floor":13.0,"turns":4.0},{"damage":11.0,"enemies":"Hexaghost","floor":16.0,"turns":9.0},{"damage":3.0,"enemies":"2 Thieves","floor":18.0,"turns":4.0},{"damage":17.0,"enemies":"3 Byrds","floor":21.0,"turns":4.0},{"damage":1.0,"enemies":"3 Cultists","floor":22.0,"turns":3.0},{"damage":20.0,"enemies":"Centurion and Healer","floor":23.0,"turns":5.0},{"damage":0.0,"enemies":"Snecko","floor":25.0,"turns":2.0},{"damage":28.0,"enemies":"Snake Plant","floor":27.0,"turns":4.0},{"damage":0.0,"enemies":"Centurion and Healer","floor":29.0,"turns":3.0},{"damage":4.0,"enemies":"Book of Stabbing","floor":31.0,"turns":4.0},{"damage":44.0,"enemies":"Collector","floor":33.0,"turns":10.0},{"damage":0.0,"enemies":"3 Shapes","floor":35.0,"turns":2.0},{"damage":10.0,"enemies":"Nemesis","floor":40.0,"turns":7.0},{"damage":1.0,"enemies":"Orb Walker","floor":41.0,"turns":2.0},{"damage":14.0,"enemies":"Reptomancer","floor":42.0,"turns":4.0},{"damage":11.0,"enemies":"Sphere and 2 Shapes","floor":44.0,"turns":3.0},{"damage":15.0,"enemies":"Spire Growth","floor":45.0,"turns":3.0},{"damage":0.0,"enemies":"Nemesis","floor":46.0,"turns":3.0},{"damage":13.0,"enemies":"Donu and Deca","floor":50.0,"turns":7.0},{"damage":25.0,"enemies":"Awakened One","floor":51.0,"turns":13.0},{"damage":26.0,"enemies":"Shield and Spear","floor":55.0,"turns":5.0},{"damage":39,"enemies":"The Heart","floor":56,"turns":8}],"seed_played":"1846485008187309780","potions_obtained":[{"floor":1.0,"key":"Dexterity Potion"},{"floor":5.0,"key":"GamblersBrew"},{"floor":10.0,"key":"Energy Potion"},{"floor":11.0,"key":"FearPotion"},{"floor":13.0,"key":"PowerPotion"},{"floor":21.0,"key":"Dexterity Potion"},{"floor":22.0,"key":"Ancient Potion"},{"floor":25.0,"key":"Regen Potion"},{"floor":29.0,"key":"Poison Potion"},{"floor":33.0,"key":"FearPotion"},{"floor":45.0,"key":"SpeedPotion"}],"is_trial":false,"path_per_floor":["?","?","?","M","?","?","?","?","M","?","?","$","M","T"],"character_chosen":"DEFECT","items_purchased":["Kunai","DataDisk","Bag of Marbles","Ice Cream","Anchor","PowerPotion"],"campfire_rested":0,"item_purchase_floors":[14,14,38,38,54,54],"current_hp_per_floor":[64,40,29,29,29,29,29,29,29,34,13,13,20,20,20,21,59,56,56,56,39,38,30,30,42,42,38,38,38,38,46,46,14,57,57,57,57,57,57,47,46,44,44,45,42,42,42,42,42,41,28,57,57,57,43,16],"gold":55,"neow_bonus":"THREE_ENEMY_KILL","is_prod":false,"is_daily":false,"chose_seed":false,"campfire_upgraded":8,"win_rate":0,"timestamp":1548267721,"path_taken":["M","?","?","?","?","R","E","M","T","E","?","?","M","$","R","BOSS","M","?","?","?","M","M","R","M","T","M","R","M","R","E","R","BOSS","M","?","?","?","$","E","?","E","T","M","M","E","R","?","R","BOSS","BOSS","R","$","E","BOSS"],"build_version":"2019-01-23","purchased_purges":1,"victory":true,"max_hp_per_floor":[71,71,71,71,71,71,71,71,71,71,71,71,71,71,71,71,71,71,71,71,71,71,71,71,71,71,71,71,71,71,71,71,71,71,71,67,67,67,67,67,67,67,67,67,67,67,67,67,67,67,67,67,67,67,67,67],"card_choices":[{"not_picked":["Ball Lightning","Turbo"],"picked":"Defragment","floor":1.0},{"not_picked":["Barrage","Machine Learning"],"picked":"Coolheaded","floor":5.0},{"not_picked":["Rebound","Turbo"],"picked":"All For One","floor":7.0},{"not_picked":["Rebound","Streamline"],"picked":"Hologram","floor":8.0},{"not_picked":["Steam Power","Conserve Battery"],"picked":"Beam Cell","floor":10.0},{"not_picked":["Recycle","Cold Snap"],"picked":"Defragment","floor":11.0},{"not_picked":["Cold Snap","Force Field"],"picked":"Turbo","floor":13.0},{"not_picked":["Multi-Cast","Creative AI"],"picked":"Echo Form","floor":16.0},{"not_picked":["Redo","Aggregate","Lockon"],"picked":"SKIP","floor":18.0},{"not_picked":["Turbo","Scrape","Cold Snap+1"],"picked":"SKIP","floor":21.0},{"not_picked":["Beam Cell","Capacitor","Stack"],"picked":"SKIP","floor":22.0},{"not_picked":["Beam Cell","Capacitor","Stack"],"picked":"SKIP","floor":22.0},{"not_picked":["Cold Snap","Turbo","Hologram"],"picked":"SKIP","floor":23.0},{"not_picked":["Hologram","Leap","Reprogram"],"picked":"SKIP","floor":25.0},{"not_picked":["Go for the Eyes","Leap","Defragment"],"picked":"SKIP","floor":27.0},{"not_picked":["Steam+1","Multi-Cast"],"picked":"Conserve Battery+1","floor":29.0},{"not_picked":["Consume","Hologram","Sweeping Beam"],"picked":"SKIP","floor":31.0},{"not_picked":["Amplify","Thunder Strike"],"picked":"Rainbow","floor":33.0},{"not_picked":["Steam","Self Repair","Lockon"],"picked":"SKIP","floor":35.0},{"not_picked":["Biased Cognition","Hello World+1"],"picked":"Sunder","floor":40.0},{"not_picked":["White Noise+1","Stack","Sweeping Beam"],"picked":"SKIP","floor":41.0},{"not_picked":["Rip and Tear","Chill","Redo"],"picked":"SKIP","floor":42.0},{"not_picked":["Ball Lightning","Conserve Battery","Redo+1"],"picked":"SKIP","floor":44.0},{"not_picked":["Conserve Battery","Sweeping Beam+1","Genetic Algorithm"],"picked":"SKIP","floor":45.0},{"not_picked":["Amplify","Coolheaded","Ball Lightning"],"picked":"SKIP","floor":46.0},{"not_picked":["Beam Cell+1","Redo","Sweeping Beam"],"picked":"SKIP","floor":55.0}],"player_experience":2585107,"relics_obtained":[{"floor":7.0,"key":"PreservedInsect"},{"floor":9.0,"key":"Meat on the Bone"},{"floor":10.0,"key":"Lantern"},{"floor":11.0,"key":"The Courier"},{"floor":26.0,"key":"Oddly Smooth Stone"},{"floor":31.0,"key":"Centennial Puzzle"},{"floor":40.0,"key":"Torii"},{"floor":42.0,"key":"Ancient Tea Set"},{"floor":46.0,"key":"Dodecahedron"},{"floor":48.0,"key":"Frozen Egg 2"},{"floor":55.0,"key":"Symbiotic Virus"}],"event_choices":[{"damage_healed":0.0,"max_hp_gain":0.0,"max_hp_loss":0.0,"gold_gain":0.0,"event_name":"Golden Idol","player_choice":"Take Damage","floor":2.0,"gold_loss":0.0,"damage_taken":24.0,"relics_obtained":["Golden Idol"]},{"damage_healed":0.0,"max_hp_gain":0.0,"max_hp_loss":0.0,"gold_gain":75.0,"event_name":"World of Goop","player_choice":"Gather Gold","floor":3.0,"gold_loss":0.0,"damage_taken":11.0},{"damage_healed":0.0,"max_hp_gain":0.0,"max_hp_loss":0.0,"gold_gain":0.0,"cards_transformed":["Strike_B"],"event_name":"Living Wall","player_choice":"Change","floor":4.0,"gold_loss":0.0,"damage_taken":0.0,"cards_obtained":["FTL"]},{"damage_healed":0.0,"max_hp_gain":0.0,"max_hp_loss":0.0,"gold_gain":30.0,"event_name":"Dead Adventurer","player_choice":"Searched \u00273\u0027 times","floor":11.0,"gold_loss":0.0,"damage_taken":0.0},{"damage_healed":0.0,"max_hp_gain":0.0,"max_hp_loss":0.0,"gold_gain":0.0,"event_name":"Accursed Blacksmith","player_choice":"Rummage","floor":12.0,"gold_loss":0.0,"damage_taken":0.0,"relics_obtained":["WarpedTongs"],"cards_obtained":["Pain"]},{"cards_removed":["Pain"],"damage_healed":0.0,"max_hp_gain":0.0,"max_hp_loss":0.0,"gold_gain":0.0,"event_name":"Back to Basics","player_choice":"Elegance","floor":19.0,"gold_loss":0.0,"damage_taken":0.0},{"damage_healed":0.0,"max_hp_gain":0.0,"max_hp_loss":0.0,"gold_gain":0.0,"event_name":"The Library","player_choice":"Read","floor":20.0,"gold_loss":0.0,"damage_taken":0.0,"cards_obtained":["Sunder"]},{"damage_healed":0.0,"max_hp_gain":0.0,"max_hp_loss":4.0,"gold_gain":0.0,"event_name":"Winding Halls","player_choice":"Max HP","floor":36.0,"gold_loss":0.0,"damage_taken":0.0},{"damage_healed":0.0,"max_hp_gain":0.0,"max_hp_loss":0.0,"gold_gain":0.0,"event_name":"Tomb of Lord Red Mask","player_choice":"Ignored","floor":37.0,"gold_loss":0.0,"damage_taken":0.0}],"is_beta":false,"boss_relics":[{"not_picked":["Orrery","Fusion Hammer"],"picked":"Snecko Eye"},{"not_picked":["Philosopher\u0027s Stone","Runic Pyramid"],"picked":"Runic Dome"}],"items_purged_floors":[38],"is_endless":false,"potions_floor_spawned":[1,5,10,11,13,21,22,25,29,33,41,42,44,45],"ascension_level":20}