{"gold_per_floor":[115,133,308,324,324,324,358,358,384,401,132,150,169,203,203,301,301,311,322,12,30,30,30,30,45,91,16,33,33,64,78,78,176,176,195,195,207,56,67,67,87,87,87,87,0,0,10,26,26,26],"floor_reached":50,"playtime":2936,"items_purged":["Survivor"],"score":601,"play_id":"0d99560b-9bd2-40f1-8042-9fbcf57a2288","local_time":"20181008215023","is_ascension_mode":false,"campfire_choices":[{"data":"Quick Slash","floor":6,"key":"SMITH"},{"floor":15,"key":"REST"},{"data":"Blade Dance","floor":23,"key":"SMITH"},{"data":"Noxious Fumes","floor":29,"key":"SMITH"},{"data":"Catalyst","floor":32,"key":"SMITH"},{"data":"After Image","floor":40,"key":"SMITH"},{"data":"Skewer","floor":42,"key":"SMITH"},{"data":"Backstab","floor":46,"key":"SMITH"},{"data":"Finisher","floor":49,"key":"SMITH"}],"neow_cost":"NONE","seed_source_timestamp":623397200157991,"circlet_count":0,"master_deck":["Defend_G+1","Defend_G+1","Defend_G+1","Defend_G+1","Strike_G+1","Strike_G+1","Strike_G+1","Strike_G+1","Neutralize","Shame","Writhe","Doubt","Dagger Spray","Quick Slash+1","Doubt","Backstab+1","Noxious Fumes+1","Bouncing Flask+1","Dagger Spray","Riddle With Holes+1","Finisher+1","Blade Dance+1","Doubt","Bane+1","Catalyst+1","Catalyst+1","After Image+1","Dagger Spray","Skewer+1","Flying Knee+1","Parasite","Quick Slash","Quick Slash"],"relics":["Calling Bell","Du-Vu Doll","Sundial","Potion Belt","Strawberry","Snake Skull","Frozen Eye","Question Card","Cursed Key","Toy Ornithopter","Oddly Smooth Stone","War Paint","Eternal Feather","Orichalcum","Red Mask"],"potions_floor_usage":[7,7,14,14,16,16,18,28,30,30,30,30,30,30,31,33,39,41,41,41],"damage_taken":[{"damage":16,"enemies":"Small Slimes","floor":1,"turns":3},{"damage":6,"enemies":"Jaw Worm","floor":2,"turns":2},{"damage":0,"enemies":"2 Louse","floor":4,"turns":2},{"damage":10,"enemies":"3 Sentries","floor":7,"turns":3},{"damage":0,"enemies":"Lots of Slimes","floor":10,"turns":2},{"damage":4,"enemies":"2 Fungi Beasts","floor":12,"turns":2},{"damage":0,"enemies":"Looter","floor":13,"turns":1},{"damage":0,"enemies":"Gremlin Nob","floor":14,"turns":3},{"damage":52,"enemies":"Hexaghost","floor":16,"turns":7},{"damage":5,"enemies":"3 Byrds","floor":18,"turns":3},{"damage":20,"enemies":"Spheric Guardian","floor":19,"turns":5},{"damage":7,"enemies":"3 Cultists","floor":21,"turns":4},{"damage":10,"enemies":"Cultist and Chosen","floor":25,"turns":3},{"damage":0,"enemies":"Snecko","floor":28,"turns":3},{"damage":3,"enemies":"Gremlin Leader","floor":30,"turns":3},{"damage":0,"enemies":"Snake Plant","floor":31,"turns":2},{"damage":20,"enemies":"Collector","floor":33,"turns":6},{"damage":35,"enemies":"3 Darklings","floor":35,"turns":5},{"damage":1,"enemies":"Orb Walker","floor":37,"turns":3},{"damage":31,"enemies":"4 Shapes","floor":39,"turns":2},{"damage":12,"enemies":"Spire Growth","floor":41,"turns":4},{"damage":29,"enemies":"Transient","floor":47,"turns":5},{"damage":0,"enemies":"4 Shapes","floor":48,"turns":2},{"damage":70,"enemies":"Time Eater","floor":50,"turns":5}],"seed_played":"-8967257554452816949","potions_obtained":[{"floor":2,"key":"SteroidPotion"},{"floor":4,"key":"Explosive Potion"},{"floor":8,"key":"SkillPotion"},{"floor":8,"key":"Block Potion"},{"floor":8,"key":"Regen Potion"},{"floor":10,"key":"LiquidBronze"},{"floor":16,"key":"AttackPotion"},{"floor":19,"key":"GamblersBrew"},{"floor":28,"key":"EntropicBrew"},{"floor":30,"key":"Poison Potion"},{"floor":31,"key":"PowerPotion"},{"floor":37,"key":"GamblersBrew"}],"is_trial":false,"path_per_floor":["M","M","?","M","?","R","E","?","T","M","$","M","M","E","R","B",null,"M","M","$","M","?","R","$","M","T","?","M","R","E","M","R","B",null,"M","$","M","$","M","R","M","R","T","?","?","R","M","M","R"],"character_chosen":"THE_SILENT","items_purchased":["Frozen Eye","Bouncing Flask","Finisher","Toy Ornithopter","SkillPotion","Weak Potion","Weak Potion"],"campfire_rested":1,"item_purchase_floors":[11,11,20,20,38,38,38],"current_hp_per_floor":[54,48,48,48,48,48,45,45,45,45,45,41,41,41,64,27,77,72,52,52,45,45,45,45,35,35,35,40,40,74,77,77,57,77,42,42,41,41,15,33,36,54,54,54,54,72,43,43,61,0],"gold":26,"neow_bonus":"BOSS_RELIC","is_prod":false,"is_daily":false,"chose_seed":false,"campfire_upgraded":8,"win_rate":0.0,"timestamp":1539049823,"path_taken":["M","M","?","M","?","R","E","?","T","M","$","M","?","E","R","BOSS","M","M","$","M","?","R","$","?","T","?","?","R","E","M","R","BOSS","M","$","M","$","M","R","M","R","T","?","?","R","M","?","R","BOSS"],"build_version":"2018-09-27","purchased_purges":1,"victory":false,"max_hp_per_floor":[70,70,70,70,70,70,77,77,77,77,77,77,77,77,77,77,77,77,77,77,77,77,77,77,77,77,77,77,77,77,77,77,77,77,77,77,77,77,77,77,77,77,77,77,77,77,77,77,77,77],"card_choices":[{"not_picked":["Escape Plan","Crippling Poison"],"picked":"Dagger Spray","floor":1},{"not_picked":["Dagger Spray","Backflip"],"picked":"Quick Slash","floor":2},{"not_picked":["PiercingWail","Crippling Poison","Well Laid Plans"],"picked":"SKIP","floor":4},{"not_picked":["Phantasmal Killer","Terror"],"picked":"Backstab","floor":7},{"not_picked":["Dagger Throw","Sucker Punch"],"picked":"Noxious Fumes","floor":10},{"not_picked":["Sucker Punch","Distraction","Well Laid Plans"],"picked":"SKIP","floor":12},{"not_picked":["Reflex","Acrobatics"],"picked":"Dagger Spray","floor":13},{"not_picked":["Reflex","Dodge and Roll","Footwork"],"picked":"SKIP","floor":14},{"not_picked":["Tools of the Trade","A Thousand Cuts","Malaise"],"picked":"Night Terror","floor":16},{"not_picked":["Terror+1","Backflip+1","Predator","Expertise"],"picked":"SKIP","floor":18},{"not_picked":["Dagger Spray","Dodge and Roll","Bane"],"picked":"Riddle With Holes+1","floor":19},{"not_picked":["Backflip","Flying Knee+1","Finisher"],"picked":"Blade Dance","floor":21},{"not_picked":["Wraith Form v2","Terror","Dodge and Roll","Dagger Throw"],"picked":"SKIP","floor":25},{"not_picked":["Dagger Throw","Catalyst","Bouncing Flask+1"],"picked":"Bane+1","floor":28},{"not_picked":["Deadly Poison","Slice","Deflect"],"picked":"Catalyst+1","floor":30},{"not_picked":["Poisoned Stab","Slice","Bane+1"],"picked":"Catalyst","floor":31},{"not_picked":["Die Die Die","Malaise","A Thousand Cuts"],"picked":"After Image","floor":33},{"not_picked":["Deflect+1","Dagger Throw+1","Dodge and Roll+1"],"picked":"Dagger Spray","floor":35},{"not_picked":["Masterful Stab+1","Acrobatics+1","Die Die Die"],"picked":"Skewer","floor":37},{"not_picked":["Expertise+1","Outmaneuver","Catalyst+1"],"picked":"Flying Knee+1","floor":39},{"not_picked":["Crippling Poison+1","Flying Knee","Underhanded Strike","Noxious Fumes"],"picked":"SKIP","floor":41},{"not_picked":["Tactician","Poisoned Stab+1","Acrobatics+1"],"picked":"Quick Slash","floor":47},{"not_picked":["Finisher","Endless Agony","Dodge and Roll"],"picked":"Quick Slash","floor":48}],"player_experience":30146,"relics_obtained":[{"floor":0,"key":"Du-Vu Doll"},{"floor":0,"key":"Sundial"},{"floor":0,"key":"Potion Belt"},{"floor":7,"key":"Strawberry"},{"floor":9,"key":"Snake Skull"},{"floor":14,"key":"Question Card"},{"floor":26,"key":"Oddly Smooth Stone"},{"floor":30,"key":"War Paint"},{"floor":43,"key":"Orichalcum"}],"event_choices":[{"event_name":"Liars Game","player_choice":"agreed","floor":3,"damage_taken":0},{"event_name":"Wheel of Change","player_choice":"Card Removal","floor":5,"damage_taken":0},{"event_name":"The Lab","player_choice":"Got Potions","floor":8,"damage_taken":0},{"event_name":"Back to Basics","player_choice":"Simplicity","floor":22,"damage_taken":0},{"event_name":"Beggar","player_choice":"Gave Gold","floor":27,"damage_taken":0},{"event_name":"Falling","player_choice":"Removed Attack","floor":44,"damage_taken":0},{"event_name":"Tomb of Lord Red Mask","player_choice":"Paid","floor":45,"damage_taken":0}],"is_beta":false,"boss_relics":[{"not_picked":["Orrery","Lizard Tail"],"picked":"Cursed Key"},{"not_picked":["WristBlade","Empty Cage"],"picked":"Eternal Feather"}],"items_purged_floors":[20],"is_endless":false,"potions_floor_spawned":[2,4,10,16,19,28,30,31,37],"killed_by":"Time Eater","ascension_level":0}