{"gold_per_floor":[109,126,144,144,164,164,194,194,262,15,49,124,153,153,153,227,227,243,168,186,199,199,199,199,263,263,263,263,163,163,213,213,292,292,305,14,33,33,33,59,59,90,90,90,90,121,46,46,46,46,46],"floor_reached":52,"playtime":2903,"items_purged":["Strike_B","Ball Lightning","Dualcast","Madness"],"score":2261,"play_id":"c9bfb85a-0a28-48cb-b7d6-ef8ef9512b66","local_time":"20190107172858","is_ascension_mode":true,"campfire_choices":[{"data":"Zap","floor":6.0,"key":"SMITH"},{"data":"Zap","floor":8.0,"key":"SMITH"},{"data":"Thunder Strike","floor":15.0,"key":"SMITH"},{"data":"Fission","floor":23.0,"key":"SMITH"},{"data":"Defragment","floor":27.0,"key":"SMITH"},{"data":"Creative AI","floor":30.0,"key":"SMITH"},{"floor":32.0,"key":"REST"},{"data":"Buffer","floor":41,"key":"SMITH"},{"data":"Recycle","floor":44,"key":"SMITH"},{"data":"Hologram","floor":49,"key":"SMITH"}],"neow_cost":"TEN_PERCENT_HP_LOSS","seed_source_timestamp":6255954732969,"circlet_count":0,"master_deck":["AscendersBane","Zap+1","Cold Snap","Zap+1","Thunder Strike+1","Auto Shields","Conserve Battery+1","Go for the Eyes","Fission+1","Tempest","Creative AI+1","Reprogram","Reinforced Body","Turbo","Heatsinks+1","Defragment+1","Buffer+1","Madness","Enlightenment","Recycle+1","Hologram+1"],"special_seed":0,"relics":["Cracked Core","Unceasing Top","Shuriken","Juzu Bracelet","War Paint","Question Card","Pandora\u0027s Box","Tiny Chest","Inserter","Membership Card","Incense Burner","FossilizedHelix","Pear","Dead Branch"],"potions_floor_usage":[51],"damage_taken":[{"damage":8.0,"enemies":"Cultist","floor":1.0,"turns":5.0},{"damage":1.0,"enemies":"2 Louse","floor":2.0,"turns":3.0},{"damage":7.0,"enemies":"Jaw Worm","floor":3.0,"turns":3.0},{"damage":17.0,"enemies":"3 Louse","floor":5.0,"turns":4.0},{"damage":20.0,"enemies":"Lagavulin","floor":7.0,"turns":7.0},{"damage":22.0,"enemies":"3 Sentries","floor":11.0,"turns":10.0},{"damage":0.0,"enemies":"Lagavulin","floor":13.0,"turns":7.0},{"damage":12.0,"enemies":"Hexaghost","floor":16.0,"turns":8.0},{"damage":22.0,"enemies":"2 Thieves","floor":18.0,"turns":3.0},{"damage":0.0,"enemies":"Spheric Guardian","floor":20.0,"turns":4.0},{"damage":0.0,"enemies":"Centurion and Healer","floor":21.0,"turns":5.0},{"damage":2.0,"enemies":"Colosseum Slavers","floor":22.0,"turns":4.0},{"damage":49.0,"enemies":"Slavers","floor":25.0,"turns":4.0},{"damage":11.0,"enemies":"Automaton","floor":33.0,"turns":7.0},{"damage":17.0,"enemies":"Orb Walker","floor":35.0,"turns":4.0},{"damage":31.0,"enemies":"3 Shapes","floor":37.0,"turns":4.0},{"damage":0,"enemies":"Nemesis","floor":40,"turns":9},{"damage":0,"enemies":"Giant Head","floor":42,"turns":7},{"damage":10,"enemies":"Nemesis","floor":46,"turns":5},{"damage":12,"enemies":"Donu and Deca","floor":50,"turns":6},{"damage":0,"enemies":"Time Eater","floor":51,"turns":9}],"seed_played":"6429010943038939593","potions_obtained":[{"floor":3.0,"key":"Dexterity Potion"},{"floor":7.0,"key":"Regen Potion"},{"floor":13.0,"key":"PowerPotion"},{"floor":16.0,"key":"SteroidPotion"},{"floor":20.0,"key":"EssenceOfSteel"},{"floor":25.0,"key":"SkillPotion"},{"floor":40,"key":"PowerPotion"},{"floor":46,"key":"GamblersBrew"}],"is_trial":false,"path_per_floor":["M","M","M","?","M","R","E","R","T","$","E","?","E","T","R","B",null,"M","?","M","M","?","R","?","E","T","R","?","$","R","?","R","B",null,"M","$","M","?","?","E","R","E","T","R","?","E","$","?","R","B","B",null],"character_chosen":"DEFECT","items_purchased":["Juzu Bracelet","Membership Card"],"campfire_rested":1,"item_purchase_floors":[10,36],"current_hp_per_floor":[56,62,62,62,45,45,32,32,32,32,32,21,28,28,28,23,54,39,39,46,53,51,51,74,25,25,25,4,4,4,4,27,23,65,55,55,31,17,17,24,24,31,41,41,41,38,38,38,38,26,26],"gold":46,"neow_bonus":"REMOVE_TWO","is_prod":false,"is_daily":false,"chose_seed":false,"campfire_upgraded":9,"win_rate":0,"timestamp":1546853338,"path_taken":["M","?","M","?","M","R","E","R","T","$","E","?","E","?","R","BOSS","M","?","M","M","?","R","?","E","T","R","?","$","R","?","R","BOSS","M","$","M","?","?","E","R","E","T","R","?","E","$","?","R","BOSS","BOSS"],"build_version":"2019-01-03v4","purchased_purges":4,"victory":true,"max_hp_per_floor":[64,64,64,64,64,64,64,64,64,64,64,64,64,64,64,64,64,64,64,64,64,64,64,74,74,74,74,79,79,79,79,79,79,79,79,79,79,79,79,79,79,79,89,89,89,89,89,89,89,89,89],"card_choices":[{"not_picked":["Leap","Go for the Eyes"],"picked":"Self Repair","floor":1.0},{"not_picked":["Stack","Compile Driver","Force Field"],"picked":"SKIP","floor":2.0},{"not_picked":["Leap","Force Field"],"picked":"Cold Snap","floor":3.0},{"not_picked":["Auto Shields","Sweeping Beam"],"picked":"Conserve Battery","floor":5.0},{"not_picked":["Amplify","Compile Driver"],"picked":"Go for the Eyes","floor":7.0},{"not_picked":["Steam","Machine Learning"],"picked":"Fission","floor":11.0},{"not_picked":["Hello World","White Noise"],"picked":"Tempest","floor":13.0},{"not_picked":["Cold Snap","Sweeping Beam","Coolheaded"],"picked":"Reinforced Body","floor":18.0},{"not_picked":["Conserve Battery","Doom and Gloom","Skim"],"picked":"Turbo","floor":20.0},{"not_picked":["Loop","White Noise","Gash"],"picked":"Heatsinks+1","floor":21.0},{"not_picked":["Ball Lightning","Gash","Compile Driver"],"picked":"Defragment","floor":25.0},{"not_picked":["Seek","Thunder Strike","All For One"],"picked":"Buffer","floor":33.0},{"not_picked":["Doom and Gloom","Go for the Eyes","Cold Snap","Conserve Battery"],"picked":"SKIP","floor":35.0},{"not_picked":["Chaos+1","Genetic Algorithm","Ball Lightning","Beam Cell+1"],"picked":"SKIP","floor":37.0},{"not_picked":["Panache","Purity","PanicButton"],"picked":"Enlightenment","floor":39.0},{"not_picked":["Cold Snap","Undo","Hologram","Multi-Cast"],"picked":"SKIP","floor":40},{"not_picked":["Cold Snap","Undo","Hologram","Multi-Cast"],"picked":"SKIP","floor":40},{"not_picked":["Go for the Eyes","Conserve Battery","Sweeping Beam+1"],"picked":"Recycle","floor":42},{"not_picked":["Static Discharge","Defragment+1","Ball Lightning"],"picked":"Hologram","floor":46}],"player_experience":2498126,"relics_obtained":[{"floor":7.0,"key":"Unceasing Top"},{"floor":9.0,"key":"Shuriken"},{"floor":11.0,"key":"War Paint"},{"floor":13.0,"key":"Question Card"},{"floor":25.0,"key":"Tiny Chest"},{"floor":40,"key":"Incense Burner"},{"floor":42,"key":"FossilizedHelix"},{"floor":43,"key":"Pear"},{"floor":46,"key":"Dead Branch"}],"event_choices":[{"damage_healed":0.0,"max_hp_gain":0.0,"max_hp_loss":0.0,"gold_gain":0.0,"event_name":"Match and Keep!","player_choice":"3 cards matched","floor":4.0,"gold_loss":0.0,"damage_taken":0.0,"cards_obtained":["Zap","Thunder Strike","Auto Shields"]},{"damage_healed":0.0,"max_hp_gain":0.0,"max_hp_loss":0.0,"gold_gain":75.0,"event_name":"World of Goop","player_choice":"Gather Gold","floor":12.0,"gold_loss":0.0,"damage_taken":11.0},{"cards_removed":["Barrage"],"damage_healed":0.0,"max_hp_gain":0.0,"max_hp_loss":0.0,"gold_gain":0.0,"event_name":"Beggar","player_choice":"Gave Gold","floor":19.0,"gold_loss":75.0,"damage_taken":0.0},{"damage_healed":0.0,"max_hp_gain":0.0,"max_hp_loss":0.0,"gold_gain":0.0,"event_name":"Colosseum","player_choice":"Fight","floor":22.0,"gold_loss":0.0,"damage_taken":0.0},{"damage_healed":0.0,"max_hp_gain":0.0,"max_hp_loss":0.0,"gold_gain":0.0,"event_name":"Colosseum","player_choice":"Fled From Nobs","floor":22.0,"gold_loss":0.0,"damage_taken":0.0},{"cards_removed":["Fission"],"damage_healed":13.0,"max_hp_gain":10.0,"max_hp_loss":0.0,"gold_gain":0.0,"event_name":"Bonfire Elementals","player_choice":"Offered Rare","floor":24.0,"gold_loss":0.0,"damage_taken":0.0},{"damage_healed":0.0,"max_hp_gain":5.0,"max_hp_loss":0.0,"gold_gain":0.0,"event_name":"Forgotten Altar","player_choice":"Shed Blood","floor":28.0,"gold_loss":0.0,"damage_taken":26.0},{"damage_healed":0.0,"max_hp_gain":0.0,"max_hp_loss":0.0,"gold_gain":50.0,"event_name":"Nest","player_choice":"Stole From Cult","floor":31.0,"gold_loss":0.0,"damage_taken":0.0},{"damage_healed":0.0,"max_hp_gain":0.0,"max_hp_loss":0.0,"gold_gain":0.0,"event_name":"Winding Halls","player_choice":"Embrace Madness","floor":38.0,"gold_loss":0.0,"damage_taken":14.0,"cards_obtained":["Madness","Madness"]},{"damage_healed":0.0,"max_hp_gain":0.0,"max_hp_loss":0.0,"gold_gain":0.0,"event_name":"SensoryStone","player_choice":"Memory 1","floor":39.0,"gold_loss":0.0,"damage_taken":0.0},{"damage_healed":0,"gold_gain":0,"player_choice":"Ignored","damage_taken":0,"max_hp_gain":0,"max_hp_loss":0,"event_name":"Mysterious Sphere","floor":45,"gold_loss":0},{"cards_removed":["Self Repair"],"damage_healed":0,"gold_gain":0,"player_choice":"Removed Power","damage_taken":0,"max_hp_gain":0,"max_hp_loss":0,"event_name":"Falling","floor":48,"gold_loss":0}],"is_beta":false,"boss_relics":[{"not_picked":["Eternal Feather","Sozu"],"picked":"Pandora\u0027s Box"},{"not_picked":["Empty Cage","Calling Bell"],"picked":"Inserter"}],"items_purged_floors":[10,29,36,47],"is_endless":false,"potions_floor_spawned":[3,7,13,16,20,22,25,40,46],"ascension_level":20}