{"gold_per_floor":[109,109,34,34,34,68,94,94,94,106,6,31,31,44,44,121,121,138,148,23,23,40,72,72,72,148,177,192,192,192,42,42,117,117,129,149,149,0,0,0,28,46,95,107,33,33,49,62,62,62],"floor_reached":51,"playtime":1622,"items_purged":["Strike_R","Regret","True Grit","Writhe"],"score":1360,"play_id":"1b3e19c2-2f2b-4a9b-af0b-6b6ef072aaa4","local_time":"25611115131715","is_ascension_mode":true,"campfire_choices":[{"data":"True Grit","floor":15.0,"key":"SMITH"},{"data":"Demon Form","floor":25.0,"key":"SMITH"},{"floor":30.0,"key":"REST"},{"floor":32.0,"key":"REST"},{"floor":40.0,"key":"REST"},{"floor":46,"key":"REST"},{"floor":49,"key":"REST"}],"neow_cost":"NONE","seed_source_timestamp":10927265097436,"circlet_count":0,"master_deck":["AscendersBane","Strike_R","Strike_R","Strike_R","Strike_R","Defend_R","Defend_R","Defend_R","Defend_R","Bash+1","Rampage+1","True Grit+1","Shrug It Off","Demon Form+1","Cleave","Shrug It Off+1","Parasite","Impervious"],"special_seed":0,"relics":["Burning Blood","NeowsBlessing","WingedGreaves","Gremlin Horn","Pocketwatch","Torii","Letter Opener","Pen Nib","Velvet Choker","Lantern","Sundial","Mercury Hourglass","Red Skull","Busted Crown","Red Mask","Bottled Lightning","Art of War"],"potions_floor_usage":[47,50],"damage_taken":[{"damage":0.0,"enemies":"Jaw Worm","floor":1.0,"turns":1.0},{"damage":0.0,"enemies":"Lagavulin","floor":6.0,"turns":1.0},{"damage":0.0,"enemies":"Gremlin Nob","floor":7.0,"turns":1.0},{"damage":0.0,"enemies":"Cultist","floor":10.0,"turns":3.0},{"damage":3.0,"enemies":"3 Sentries","floor":12.0,"turns":7.0},{"damage":0.0,"enemies":"Small Slimes","floor":14.0,"turns":3.0},{"damage":45.0,"enemies":"Slime Boss","floor":16.0,"turns":8.0},{"damage":7.0,"enemies":"3 Byrds","floor":18.0,"turns":6.0},{"damage":10.0,"enemies":"Spheric Guardian","floor":19.0,"turns":5.0},{"damage":1.0,"enemies":"Snecko","floor":22.0,"turns":4.0},{"damage":14.0,"enemies":"Gremlin Leader","floor":23.0,"turns":7.0},{"damage":49.0,"enemies":"Slavers","floor":27.0,"turns":6.0},{"damage":12.0,"enemies":"Sentry and Sphere","floor":28.0,"turns":5.0},{"damage":42.0,"enemies":"Champ","floor":33.0,"turns":9.0},{"damage":7.0,"enemies":"3 Shapes","floor":35.0,"turns":5.0},{"damage":24.0,"enemies":"3 Darklings","floor":36.0,"turns":5.0},{"damage":51.0,"enemies":"Reptomancer","floor":41.0,"turns":7.0},{"damage":1.0,"enemies":"Spire Growth","floor":42.0,"turns":4.0},{"damage":42,"enemies":"Writhing Mass","floor":44,"turns":5},{"damage":9,"enemies":"Jaw Worm Horde","floor":47,"turns":6},{"damage":7,"enemies":"3 Darklings","floor":48,"turns":5},{"damage":74,"enemies":"Awakened One","floor":50,"turns":12}],"seed_played":"8200203127823931234","potions_obtained":[{"floor":1.0,"key":"Explosive Potion"},{"floor":7.0,"key":"Fire Potion"},{"floor":14.0,"key":"Regen Potion"},{"floor":16.0,"key":"Explosive Potion"},{"floor":19.0,"key":"EssenceOfSteel"},{"floor":33.0,"key":"Regen Potion"},{"floor":35.0,"key":"Explosive Potion"},{"floor":39.0,"key":"FairyPotion"},{"floor":44,"key":"Regen Potion"},{"floor":48,"key":"Weak Potion"}],"is_trial":false,"path_per_floor":["M","?","$","?","?","E","E","T","T","M","$","E","$","M","R","B",null,"M","M","$","?","M","E","?","R","T","E","M","?","R","$","R","B",null,"M","M","?","?","?","R","E","M","T","M","$","R","M","M","R","B",null],"character_chosen":"IRONCLAD","items_purchased":["Impervious"],"campfire_rested":5,"item_purchase_floors":[45],"current_hp_per_floor":[74,74,74,74,74,75,75,75,75,75,75,75,75,75,75,45,68,67,63,63,75,75,67,60,60,60,17,11,11,33,33,55,19,61,69,57,57,57,57,75,30,47,47,11,11,33,45,44,66,13],"gold":62,"neow_bonus":"THREE_ENEMY_KILL","is_prod":false,"is_daily":false,"chose_seed":false,"campfire_upgraded":2,"win_rate":0,"timestamp":1542262635,"path_taken":["M","?","?","?","?","E","E","?","T","M","$","E","?","M","R","BOSS","M","M","$","?","M","E","?","R","T","E","?","?","R","$","R","BOSS","M","M","?","?","?","R","E","?","T","M","?","R","M","M","R","BOSS"],"build_version":"2018-11-08","purchased_purges":4,"victory":true,"max_hp_per_floor":[75,75,75,75,75,75,75,75,75,75,75,75,75,75,75,75,75,75,75,75,75,75,75,75,75,75,75,75,75,75,75,75,75,75,75,75,75,75,75,75,75,75,75,75,75,75,75,75,75,75],"card_choices":[{"not_picked":["Dual Wield","Wild Strike"],"picked":"Rampage","floor":1.0},{"not_picked":["Feel No Pain","Heavy Blade"],"picked":"True Grit","floor":6.0},{"not_picked":["Heavy Blade","Rupture"],"picked":"Shrug It Off","floor":7.0},{"not_picked":["Combust","Seeing Red"],"picked":"True Grit","floor":10.0},{"not_picked":["Carnage","Iron Wave","Shrug It Off"],"picked":"SKIP","floor":12.0},{"not_picked":["Corruption","Headbutt","Feed"],"picked":"SKIP","floor":14.0},{"not_picked":["Berserk","Bludgeon"],"picked":"Demon Form","floor":16.0},{"not_picked":["Twin Strike","Intimidate","Thunderclap+1"],"picked":"SKIP","floor":18.0},{"not_picked":["Pommel Strike","Iron Wave","Wild Strike"],"picked":"SKIP","floor":19.0},{"not_picked":["Second Wind+1","Twin Strike","Pommel Strike"],"picked":"SKIP","floor":22.0},{"not_picked":["Exhume","Burning Pact"],"picked":"Cleave","floor":23.0},{"not_picked":["Bloodletting","Clash","Spot Weakness"],"picked":"SKIP","floor":27.0},{"not_picked":["Searing Blow","Havoc+1","Body Slam+1"],"picked":"SKIP","floor":28.0},{"not_picked":["Offering","Immolate"],"picked":"Reaper","floor":33.0},{"not_picked":[],"picked":"Shrug It Off+1","floor":35.0},{"not_picked":["Shrug It Off"],"picked":"SKIP","floor":36.0},{"not_picked":["Reckless Charge"],"picked":"SKIP","floor":41.0},{"not_picked":["Warcry"],"picked":"SKIP","floor":42.0},{"not_picked":["Combust"],"picked":"SKIP","floor":44},{"not_picked":["Perfected Strike"],"picked":"SKIP","floor":47},{"not_picked":["Pommel Strike+1"],"picked":"SKIP","floor":48}],"player_experience":138796,"relics_obtained":[{"floor":6.0,"key":"Gremlin Horn"},{"floor":7.0,"key":"Pocketwatch"},{"floor":8.0,"key":"Torii"},{"floor":9.0,"key":"Letter Opener"},{"floor":12.0,"key":"Pen Nib"},{"floor":23.0,"key":"Lantern"},{"floor":26.0,"key":"Sundial"},{"floor":27.0,"key":"Mercury Hourglass"},{"floor":41.0,"key":"Bottled Lightning"},{"floor":43.0,"key":"Art of War"}],"event_choices":[{"damage_healed":0.0,"max_hp_gain":0.0,"max_hp_loss":0.0,"gold_gain":0.0,"event_name":"Upgrade Shrine","player_choice":"Upgraded","floor":2.0,"gold_loss":0.0,"damage_taken":0.0,"cards_upgraded":["Rampage"]},{"damage_healed":0.0,"max_hp_gain":0.0,"max_hp_loss":0.0,"gold_gain":0.0,"event_name":"Living Wall","player_choice":"Grow","floor":4.0,"gold_loss":0.0,"damage_taken":0.0,"cards_upgraded":["Bash"]},{"damage_healed":0.0,"max_hp_gain":0.0,"max_hp_loss":0.0,"gold_gain":0.0,"event_name":"Big Fish","player_choice":"Box","floor":5.0,"gold_loss":0.0,"damage_taken":0.0,"relics_obtained":["WingedGreaves"],"cards_obtained":["Regret"]},{"damage_healed":25.0,"max_hp_gain":0.0,"max_hp_loss":0.0,"gold_gain":0.0,"event_name":"The Library","player_choice":"Heal","floor":21.0,"gold_loss":0.0,"damage_taken":0.0},{"damage_healed":0.0,"max_hp_gain":0.0,"max_hp_loss":0.0,"gold_gain":0.0,"event_name":"Knowing Skull","player_choice":"","floor":24.0,"potions_obtained":[],"gold_loss":0.0,"damage_taken":7.0,"cards_obtained":[]},{"damage_healed":0.0,"max_hp_gain":0.0,"max_hp_loss":0.0,"gold_gain":0.0,"event_name":"The Mausoleum","player_choice":"Opened","floor":29.0,"gold_loss":0.0,"damage_taken":0.0,"relics_obtained":["Red Skull"],"cards_obtained":["Writhe"]},{"cards_removed":["Reaper"],"damage_healed":0.0,"max_hp_gain":0.0,"max_hp_loss":0.0,"gold_gain":0.0,"event_name":"Falling","player_choice":"Removed Attack","floor":37.0,"gold_loss":0.0,"damage_taken":0.0},{"damage_healed":0.0,"max_hp_gain":0.0,"max_hp_loss":0.0,"gold_gain":0.0,"event_name":"Tomb of Lord Red Mask","player_choice":"Paid","floor":38.0,"gold_loss":149.0,"damage_taken":0.0,"relics_obtained":["Red Mask"]},{"damage_healed":0.0,"max_hp_gain":0.0,"max_hp_loss":0.0,"gold_gain":0.0,"event_name":"Lab","player_choice":"Got Potions","floor":39.0,"gold_loss":0.0,"damage_taken":0.0}],"is_beta":false,"boss_relics":[{"not_picked":["Runic Cube","Fusion Hammer"],"picked":"Velvet Choker"},{"not_picked":["Coffee Dripper","Runic Dome"],"picked":"Busted Crown"}],"items_purged_floors":[3,11,20,31],"is_endless":false,"potions_floor_spawned":[1,7,14,16,19,22,33,35,44,48],"ascension_level":14}