{"gold_per_floor":[115,42,52,71,71,71,101,26,73,105,380,396,430,8,8,8],"floor_reached":16,"playtime":713,"items_purged":["Strike_R","Strike_R"],"score":189,"play_id":"19f97567-8d9f-4e23-982a-5a5f9fe92537","local_time":"20190316234613","is_ascension_mode":true,"campfire_choices":[{"data":"Clash","floor":6,"key":"SMITH"},{"floor":15,"key":"REST"}],"neow_cost":"TEN_PERCENT_HP_LOSS","seed_source_timestamp":0,"circlet_count":0,"master_deck":["AscendersBane","Strike_R","Strike_R","Defend_R","Defend_R","Defend_R","Defend_R","Bash","Mayhem","Impatience","Clash+1","Second Wind","Burning Pact","Double Tap","Reaper","Regret","Shrug It Off","Rampage"],"relics":["Burning Blood","Anchor","Pear","Question Card"],"potions_floor_usage":[13,16],"damage_taken":[{"damage":1,"enemies":"Cultist","floor":1,"turns":4},{"damage":10,"enemies":"Jaw Worm","floor":3,"turns":5},{"damage":6,"enemies":"2 Louse","floor":4,"turns":4},{"damage":20,"enemies":"Lagavulin","floor":10,"turns":6},{"damage":8,"enemies":"Red Slaver","floor":12,"turns":4},{"damage":65,"enemies":"3 Sentries","floor":13,"turns":17},{"damage":47,"enemies":"The Guardian","floor":16,"turns":7}],"seed_played":"7416079367510801438","potions_obtained":[{"floor":3,"key":"Block Potion"},{"floor":13,"key":"Block Potion"}],"is_trial":false,"path_per_floor":["M","$","M","M","?","R","?","$","T","E","?","M","E","$","R","B"],"character_chosen":"IRONCLAD","items_purchased":["Second Wind","Rampage","Question Card"],"campfire_rested":1,"item_purchase_floors":[2,14,14],"current_hp_per_floor":[68,68,64,64,64,64,64,64,64,50,50,56,19,19,42,0],"gold":8,"neow_bonus":"RANDOM_COLORLESS_2","is_prod":false,"is_daily":false,"chose_seed":true,"campfire_upgraded":1,"win_rate":0,"timestamp":1552751173,"path_taken":["M","$","M","?","?","R","?","?","T","E","?","M","E","$","R","BOSS"],"build_version":"2019-01-23","purchased_purges":2,"victory":false,"max_hp_per_floor":[68,68,68,68,68,68,68,68,68,68,68,68,78,78,78,78],"card_choices":[{"not_picked":["Seeing Red","Sever Soul"],"picked":"Clash","floor":1},{"not_picked":["Bloodletting","Reckless Charge","Sever Soul"],"picked":"SKIP","floor":3},{"not_picked":["Flex","Sword Boomerang"],"picked":"Burning Pact","floor":4},{"not_picked":["Warcry","Sword Boomerang"],"picked":"Reaper","floor":10},{"not_picked":["Wild Strike","Carnage","Anger"],"picked":"SKIP","floor":12},{"not_picked":["Iron Wave","Havoc"],"picked":"Shrug It Off","floor":13}],"player_experience":2840120,"relics_obtained":[{"floor":10,"key":"Anchor"},{"floor":13,"key":"Pear"}],"event_choices":[{"damage_healed":0,"gold_gain":0,"cards_transformed":["Strike_R"],"player_choice":"Change","damage_taken":0,"max_hp_gain":0,"max_hp_loss":0,"event_name":"Living Wall","floor":5,"gold_loss":0,"cards_obtained":["Double Tap"]},{"damage_healed":0,"gold_gain":30,"player_choice":"Searched \u00271\u0027 times","damage_taken":0,"max_hp_gain":0,"max_hp_loss":0,"event_name":"Dead Adventurer","floor":7,"gold_loss":0},{"damage_healed":0,"gold_gain":275,"player_choice":"Desecrate","damage_taken":0,"max_hp_gain":0,"max_hp_loss":0,"event_name":"Golden Shrine","floor":11,"gold_loss":0,"cards_obtained":["Regret"]}],"is_beta":false,"boss_relics":[],"items_purged_floors":[8,14],"is_endless":false,"potions_floor_spawned":[3,13],"killed_by":"The Guardian","ascension_level":15}