{"gold_per_floor":[113,132,132,207,221,259,259,184,207,237,237,251,251,282,294,426,438,475,502,514],"floor_reached":20,"playtime":1351,"items_purged":["Injury"],"score":191,"play_id":"ee6c4838-6fa4-4d27-b396-52d64552d76a","local_time":"20190327235717","is_ascension_mode":true,"campfire_choices":[{"floor":7,"key":"REST"},{"floor":13,"key":"REST"},{"floor":15,"key":"REST"}],"neow_cost":"NONE","seed_source_timestamp":37764608733392,"circlet_count":0,"master_deck":["Strike_R","Strike_R","Strike_R","Defend_R","Defend_R","Defend_R","Defend_R","Bash","Pommel Strike","Inflame","Cleave","Inflame","Shrug It Off","Heavy Blade","Reaper","Rupture","Flex"],"relics":["Burning Blood","Golden Idol","Red Skull","Bag of Preparation","Gremlin Horn","GremlinMask","MawBank","Empty Cage"],"potions_floor_usage":[14,16],"damage_taken":[{"damage":3,"enemies":"Jaw Worm","floor":1,"turns":4},{"damage":4,"enemies":"2 Louse","floor":2,"turns":4},{"damage":5,"enemies":"Cultist","floor":5,"turns":4},{"damage":34,"enemies":"Gremlin Nob","floor":6,"turns":5},{"damage":8,"enemies":"Lots of Slimes","floor":12,"turns":2},{"damage":18,"enemies":"Lagavulin","floor":14,"turns":5},{"damage":46,"enemies":"The Guardian","floor":16,"turns":15},{"damage":41,"enemies":"Shell Parasite","floor":18,"turns":8},{"damage":34,"enemies":"3 Byrds","floor":19,"turns":5},{"damage":50,"enemies":"Shelled Parasite and Fungi","floor":20,"turns":4}],"seed_played":"-4140148409262547865","potions_obtained":[{"floor":0,"key":"LiquidBronze"},{"floor":0,"key":"Energy Potion"},{"floor":0,"key":"Energy Potion"},{"floor":6,"key":"PowerPotion"},{"floor":18,"key":"Fire Potion"},{"floor":19,"key":"Ancient Potion"}],"is_trial":false,"path_per_floor":["M","M","?","?","M","E","R","$","T","?","?","M","R","E","R","B",null,"M","M","M"],"character_chosen":"IRONCLAD","items_purchased":[],"campfire_rested":3,"item_purchase_floors":[],"current_hp_per_floor":[80,80,80,69,70,42,66,66,66,66,66,64,80,68,80,40,80,45,35,0],"gold":514,"neow_bonus":"THREE_SMALL_POTIONS","is_prod":false,"is_daily":false,"chose_seed":false,"campfire_upgraded":0,"win_rate":0,"timestamp":1553731037,"path_taken":["M","M","?","?","M","E","R","$","T","?","?","?","R","E","R","BOSS","M","?","?"],"build_version":"2019-01-23","purchased_purges":1,"victory":false,"max_hp_per_floor":[80,80,80,80,80,80,80,80,80,80,80,80,80,80,80,80,80,80,80,80],"card_choices":[{"not_picked":["Havoc","Ghostly Armor"],"picked":"Pommel Strike","floor":1},{"not_picked":["Dark Embrace","True Grit"],"picked":"Inflame","floor":2},{"not_picked":["Warcry","Body Slam"],"picked":"Cleave","floor":5},{"not_picked":["Dropkick","Shockwave"],"picked":"Inflame","floor":6},{"not_picked":["Body Slam","Bloodletting"],"picked":"Shrug It Off","floor":12},{"not_picked":["Bloodletting","Armaments"],"picked":"Heavy Blade","floor":14},{"not_picked":["Impervious","Barricade"],"picked":"Reaper","floor":16},{"not_picked":["Sword Boomerang","Clothesline"],"picked":"Rupture","floor":18},{"not_picked":["Entrench","Twin Strike+1"],"picked":"Flex","floor":19}],"player_experience":433800,"relics_obtained":[{"floor":6,"key":"Red Skull"},{"floor":9,"key":"Bag of Preparation"},{"floor":14,"key":"MawBank"}],"event_choices":[{"damage_healed":0,"gold_gain":0,"player_choice":"Take Wound","damage_taken":0,"relics_obtained":["Golden Idol"],"max_hp_gain":0,"max_hp_loss":0,"event_name":"Golden Idol","floor":3,"gold_loss":0,"cards_obtained":["Injury"]},{"damage_healed":0,"gold_gain":75,"player_choice":"Gather Gold","damage_taken":11,"max_hp_gain":0,"max_hp_loss":0,"event_name":"World of Goop","floor":4,"gold_loss":0},{"damage_healed":0,"gold_gain":30,"player_choice":"Searched \u00272\u0027 times","damage_taken":0,"relics_obtained":["Gremlin Horn"],"max_hp_gain":0,"max_hp_loss":0,"event_name":"Dead Adventurer","floor":10,"gold_loss":0},{"damage_healed":0,"gold_gain":0,"player_choice":"Trade","damage_taken":0,"relics_obtained":["GremlinMask"],"max_hp_gain":0,"max_hp_loss":0,"event_name":"FaceTrader","floor":11,"gold_loss":0}],"is_beta":false,"boss_relics":[{"not_picked":["Runic Pyramid","Black Star"],"picked":"Empty Cage"}],"items_purged_floors":[8],"is_endless":false,"potions_floor_spawned":[2,5,6,18,19],"killed_by":"Shelled Parasite and Fungi","ascension_level":1}