{"gold_per_floor":[115,190,5,5,19,53,69,69,69,88,107,107,138,155,155,253,253,268,268,281,281,296,330,330,123,146,162,180,191,191,191,191,290,290,309,325,338,99,118,118,118],"floor_reached":41,"playtime":2021,"items_purged":[],"score":552,"play_id":"e50e004d-7ef8-41ba-996a-c874f325045f","local_time":"20190426010209","daily_mods":["Insanity","Colorless Cards","Binary"],"is_ascension_mode":false,"campfire_choices":[{"data":"Apotheosis","floor":8.0,"key":"SMITH"},{"data":"Defragment","floor":12.0,"key":"SMITH"},{"data":"Hologram","floor":15.0,"key":"SMITH"},{"floor":24.0,"key":"REST"},{"floor":30.0,"key":"REST"},{"data":"Capacitor","floor":32.0,"key":"SMITH"},{"floor":40.0,"key":"REST"}],"neow_cost":"","seed_source_timestamp":105837976243999,"circlet_count":0,"master_deck":["Hologram+1","Gash","Gash","Beam Cell","Blizzard","Rebound","Rebound","Discovery","Beam Cell","Conserve Battery","Turbo","Beam Cell","Swift Strike","Panacea","Heatsinks","Go for the Eyes","Good Instincts","Streamline","Compile Driver","Defragment+1","Sweeping Beam","Coolheaded","Gash","Scrape","Trip","Purity","Gash","Stack","Gash","Ball Lightning","Gash","Ball Lightning","Coolheaded","Storm","Capacitor+1","BootSequence","Glacier","Sweeping Beam","Conserve Battery","Coolheaded","Tempest","Dark Shackles","Go for the Eyes","Purity","Forethought","Conserve Battery","Go for the Eyes","Apotheosis+1","Blind","Ball Lightning","Rainbow","Ghostly","Ghostly","Ghostly","Ghostly","Ghostly","Go for the Eyes","Aggregate","Gash","Secret Technique","Gash+1","Gash+1"],"special_seed":0,"relics":["Cracked Core","Cables","PreservedInsect","The Courier","Sozu","Orichalcum","Singing Bowl","Pen Nib","Empty Cage","Strawberry","Bag of Preparation"],"potions_floor_usage":[41],"damage_taken":[{"damage":1.0,"enemies":"Jaw Worm","floor":1.0,"turns":3.0},{"damage":0.0,"enemies":"Cultist","floor":5.0,"turns":3.0},{"damage":6.0,"enemies":"Gremlin Nob","floor":6.0,"turns":3.0},{"damage":0.0,"enemies":"2 Louse","floor":7.0,"turns":2.0},{"damage":0.0,"enemies":"Large Slime","floor":10.0,"turns":4.0},{"damage":0.0,"enemies":"2 Fungi Beasts","floor":11.0,"turns":3.0},{"damage":13.0,"enemies":"Lagavulin","floor":13.0,"turns":5.0},{"damage":0.0,"enemies":"Blue Slaver","floor":14.0,"turns":2.0},{"damage":6.0,"enemies":"The Guardian","floor":16.0,"turns":6.0},{"damage":0.0,"enemies":"Chosen","floor":18.0,"turns":3.0},{"damage":6.0,"enemies":"Shell Parasite","floor":20.0,"turns":3.0},{"damage":0.0,"enemies":"Chosen and Byrds","floor":22.0,"turns":6.0},{"damage":10.0,"enemies":"Slavers","floor":23.0,"turns":6.0},{"damage":0.0,"enemies":"Centurion and Healer","floor":27.0,"turns":6.0},{"damage":0.0,"enemies":"Cultist and Chosen","floor":28.0,"turns":5.0},{"damage":16.0,"enemies":"Shelled Parasite and Fungi","floor":29.0,"turns":5.0},{"damage":13.0,"enemies":"Collector","floor":33.0,"turns":7.0},{"damage":12.0,"enemies":"Orb Walker","floor":35.0,"turns":3.0},{"damage":5.0,"enemies":"3 Darklings","floor":36.0,"turns":5.0},{"damage":0.0,"enemies":"Jaw Worm Horde","floor":37.0,"turns":5.0},{"damage":16.0,"enemies":"Maw","floor":39.0,"turns":7.0},{"damage":41,"enemies":"Reptomancer","floor":41,"turns":2}],"seed_played":"4996576013512697279","potions_obtained":[{"floor":5.0,"key":"Block Potion"},{"floor":6.0,"key":"FocusPotion"},{"floor":13.0,"key":"AttackPotion"},{"floor":16.0,"key":"Poison Potion"}],"is_trial":true,"path_per_floor":["M","?","$","?","M","E","M","R","T","M","M","R","E","M","R","B",null,"M","?","M","?","M","E","R","$","T","M","M","M","R","?","R","B",null,"M","M","M","$","M","R","E"],"character_chosen":"DEFECT","items_purchased":["Apotheosis","Singing Bowl","Strawberry","Bag of Preparation"],"campfire_rested":3,"item_purchase_floors":[3,25,38,38],"current_hp_per_floor":[74,63,63,56,56,50,50,50,50,50,50,50,37,37,37,31,75,75,75,69,37,37,27,37,37,37,39,39,25,37,37,37,24,41,29,26,26,33,19,34,0],"gold":118,"neow_bonus":"","is_prod":false,"is_daily":false,"chose_seed":false,"campfire_upgraded":4,"win_rate":0,"timestamp":1556233329,"path_taken":["M","?","$","?","M","E","M","R","T","M","M","R","E","M","R","BOSS","M","?","M","?","M","E","R","$","T","M","M","?","R","?","R","BOSS","M","M","?","$","M","R","E"],"build_version":"2019-01-23","purchased_purges":0,"victory":false,"max_hp_per_floor":[75,75,75,75,75,75,75,75,75,75,75,75,75,75,75,75,75,75,75,75,37,37,37,37,37,37,39,39,41,41,41,41,41,41,41,43,43,50,52,52,52],"card_choices":[{"not_picked":["Cold Snap"],"picked":"Go for the Eyes","floor":1.0},{"not_picked":["Ball Lightning","Capacitor"],"picked":"SKIP","floor":5.0},{"not_picked":["Cold Snap","Steam"],"picked":"SKIP","floor":6.0},{"not_picked":["Turbo","Recycle"],"picked":"SKIP","floor":7.0},{"not_picked":["Beam Cell","Machine Learning"],"picked":"SKIP","floor":10.0},{"not_picked":["Barrage"],"picked":"Blind","floor":11.0},{"not_picked":["Storm","Streamline"],"picked":"SKIP","floor":13.0},{"not_picked":["Chill","Jack Of All Trades"],"picked":"SKIP","floor":14.0},{"not_picked":["Swift Strike","Leap"],"picked":"SKIP","floor":18.0},{"not_picked":["Purity","Cold Snap+1"],"picked":"SKIP","floor":20.0},{"not_picked":["Conserve Battery"],"picked":"Go for the Eyes","floor":22.0},{"not_picked":["Auto Shields"],"picked":"Aggregate","floor":23.0},{"not_picked":["Fusion","Go for the Eyes"],"picked":"Singing Bowl","floor":27.0},{"not_picked":["Transmutation"],"picked":"Gash","floor":28.0},{"not_picked":["Conserve Battery+1","Barrage+1"],"picked":"Singing Bowl","floor":29.0},{"not_picked":["Reboot"],"picked":"Secret Technique","floor":33.0},{"not_picked":["Conserve Battery"],"picked":"Gash+1","floor":35.0},{"not_picked":["Purity","Coolheaded"],"picked":"Singing Bowl","floor":36.0},{"not_picked":["Redo"],"picked":"Gash+1","floor":37.0},{"not_picked":["Genetic Algorithm","Rebound"],"picked":"Singing Bowl","floor":39.0}],"player_experience":738941,"relics_obtained":[{"floor":6.0,"key":"Cables"},{"floor":9.0,"key":"PreservedInsect"},{"floor":13.0,"key":"The Courier"},{"floor":23.0,"key":"Orichalcum"},{"floor":26.0,"key":"Pen Nib"}],"event_choices":[{"damage_healed":0.0,"max_hp_gain":0.0,"max_hp_loss":0.0,"gold_gain":75.0,"event_name":"World of Goop","player_choice":"Gather Gold","floor":2.0,"gold_loss":0.0,"damage_taken":11.0},{"damage_healed":0.0,"max_hp_gain":0.0,"max_hp_loss":0.0,"gold_gain":0.0,"event_name":"Wheel of Change","player_choice":"Damaged","floor":4.0,"gold_loss":0.0,"damage_taken":7.0},{"damage_healed":0.0,"max_hp_gain":0.0,"max_hp_loss":0.0,"gold_gain":0.0,"cards_transformed":["Turbo","Turbo"],"event_name":"Drug Dealer","player_choice":"Became Test Subject","floor":19.0,"gold_loss":0.0,"damage_taken":0.0,"cards_obtained":["Ball Lightning","Rainbow"]},{"damage_healed":0.0,"max_hp_gain":0.0,"max_hp_loss":38.0,"gold_gain":0.0,"event_name":"Ghosts","player_choice":"Became a Ghost","floor":21.0,"gold_loss":0.0,"damage_taken":0.0,"cards_obtained":["Ghostly","Ghostly","Ghostly","Ghostly","Ghostly"]},{"damage_healed":0.0,"max_hp_gain":0.0,"max_hp_loss":0.0,"gold_gain":0.0,"event_name":"Lab","player_choice":"Got Potions","floor":31.0,"gold_loss":0.0,"damage_taken":0.0}],"is_beta":false,"boss_relics":[{"not_picked":["Coffee Dripper","Calling Bell"],"picked":"Sozu"},{"not_picked":["Fusion Hammer","White Beast Statue"],"picked":"Empty Cage"}],"items_purged_floors":[],"is_endless":false,"potions_floor_spawned":[5,6,13,16,22,28,37],"killed_by":"Reptomancer","ascension_level":0}