{"gold_per_floor":[116,128,128,128,138,138,164,179,232,244,258,258,269,284,284,380,380,394,394,407,407,317,352,352,363,363,363,2,2,2,17,17,114,114,134,234,234,234,253,253,264,264,264,276,19,19,19,36,36,36],"floor_reached":50,"playtime":4960,"items_purged":["Shame"],"score":587,"play_id":"8a679521-2216-4593-9bd4-02f7f03cf3ff","local_time":"20190430235706","is_ascension_mode":true,"campfire_choices":[{"floor":6.0,"key":"REST"},{"data":"Blade Dance","floor":12.0,"key":"SMITH"},{"data":"Footwork","floor":15.0,"key":"SMITH"},{"floor":24.0,"key":"REST"},{"floor":27.0,"key":"REST"},{"floor":32.0,"key":"REST"},{"floor":40.0,"key":"REST"},{"floor":42.0,"key":"REST"},{"floor":49.0,"key":"REST"}],"neow_cost":"NONE","seed_source_timestamp":0,"circlet_count":0,"master_deck":["Defend_G","Defend_G","Defend_G","Defend_G","Defend_G","Strike_G","Strike_G","Strike_G","Strike_G","Survivor+1","Neutralize","Blade Dance+1","Backstab+1","Dagger Throw","Footwork+1","Slice","Burst","Dash","Infinite Blades","Glass Knife","Noxious Fumes+1","Noxious Fumes","Distraction","Accuracy","Blade Dance","Blade Dance","Noxious Fumes+1","A Thousand Cuts","Escape Plan+1","Leg Sweep+1","Decay","Parasite","Accuracy+1"],"special_seed":0,"relics":["Ring of the Snake","Kunai","Bag of Marbles","Cursed Key","MutagenicStrength","Juzu Bracelet","Anchor","Ginger","CultistMask","WristBlade","Ice Cream","Singing Bowl","Ornamental Fan"],"potions_floor_usage":[],"damage_taken":[{"damage":0.0,"enemies":"Jaw Worm","floor":1.0,"turns":5.0},{"damage":1.0,"enemies":"Cultist","floor":2.0,"turns":4.0},{"damage":0.0,"enemies":"2 Louse","floor":5.0,"turns":1.0},{"damage":0.0,"enemies":"Gremlin Nob","floor":7.0,"turns":2.0},{"damage":0.0,"enemies":"2 Fungi Beasts","floor":8.0,"turns":3.0},{"damage":0.0,"enemies":"Blue Slaver","floor":10.0,"turns":1.0},{"damage":0.0,"enemies":"Exordium Thugs","floor":11.0,"turns":2.0},{"damage":0.0,"enemies":"3 Louse","floor":13.0,"turns":2.0},{"damage":0.0,"enemies":"Blue Slaver","floor":14.0,"turns":1.0},{"damage":5.0,"enemies":"The Guardian","floor":16.0,"turns":14.0},{"damage":4.0,"enemies":"3 Byrds","floor":18.0,"turns":5.0},{"damage":0.0,"enemies":"Chosen","floor":20.0,"turns":3.0},{"damage":13.0,"enemies":"Slavers","floor":23.0,"turns":5.0},{"damage":15.0,"enemies":"Snake Plant","floor":25.0,"turns":4.0},{"damage":28.0,"enemies":"Centurion and Healer","floor":31.0,"turns":4.0},{"damage":67.0,"enemies":"Collector","floor":33.0,"turns":9.0},{"damage":5.0,"enemies":"Orb Walker","floor":35.0,"turns":3.0},{"damage":13.0,"enemies":"Mind Bloom Boss Battle","floor":36.0,"turns":6.0},{"damage":4.0,"enemies":"3 Darklings","floor":39.0,"turns":7.0},{"damage":40.0,"enemies":"Transient","floor":41.0,"turns":5.0},{"damage":6.0,"enemies":"Writhing Mass","floor":44.0,"turns":7.0},{"damage":11.0,"enemies":"3 Darklings","floor":48.0,"turns":6.0},{"damage":58,"enemies":"Awakened One","floor":50,"turns":5}],"seed_played":"3510920751805472857","potions_obtained":[{"floor":0.0,"key":"Dexterity Potion"},{"floor":0.0,"key":"FearPotion"},{"floor":0.0,"key":"PowerPotion"},{"floor":1.0,"key":"Regen Potion"},{"floor":7.0,"key":"SpeedPotion"},{"floor":13.0,"key":"EssenceOfSteel"},{"floor":16.0,"key":"Swift Potion"},{"floor":23.0,"key":"Ancient Potion"},{"floor":25.0,"key":"AttackPotion"},{"floor":36.0,"key":"Explosive Potion"},{"floor":39.0,"key":"SpeedPotion"}],"is_trial":false,"path_per_floor":["M","M","?","?","M","R","E","M","T","M","M","R","M","M","R","B",null,"M","?","M","?","$","E","R","M","T","R","$","?","?","M","R","B",null,"M","?","?","$","M","R","M","R","T","M","$","?","$","M","R","B"],"character_chosen":"THE_SILENT","items_purchased":["Accuracy","Blade Dance","Ginger","Ornamental Fan"],"campfire_rested":7,"item_purchase_floors":[22,22,28,45],"current_hp_per_floor":[70,69,55,55,55,70,70,70,70,70,70,70,70,70,70,65,70,66,66,66,66,66,53,70,55,55,70,70,70,70,42,63,11,70,65,52,52,52,48,69,29,50,50,44,44,44,44,35,56,0],"gold":36,"neow_bonus":"THREE_SMALL_POTIONS","is_prod":false,"is_daily":false,"chose_seed":false,"campfire_upgraded":2,"win_rate":0,"timestamp":1556665026,"path_taken":["M","M","?","?","M","R","E","M","T","M","?","R","M","M","R","BOSS","M","?","M","?","$","E","R","M","T","R","$","?","?","M","R","BOSS","M","?","?","$","M","R","M","R","T","M","$","?","?","M","R","BOSS"],"build_version":"2019-01-23","purchased_purges":1,"victory":false,"max_hp_per_floor":[70,70,70,70,70,70,70,70,70,70,70,70,70,70,70,70,70,70,70,70,70,70,70,70,70,70,70,70,70,70,70,70,70,70,70,70,70,70,70,70,70,70,70,70,70,70,70,72,72,72],"card_choices":[{"not_picked":["Backflip","Underhanded Strike"],"picked":"Blade Dance","floor":1.0},{"not_picked":["Deflect","Dodge and Roll"],"picked":"Backstab","floor":2.0},{"not_picked":["Quick Slash","Masterful Stab"],"picked":"Dagger Throw","floor":5.0},{"not_picked":["Catalyst","Deadly Poison"],"picked":"Footwork","floor":7.0},{"not_picked":["Prepared","Deflect"],"picked":"Slice","floor":8.0},{"not_picked":["Catalyst","Sucker Punch"],"picked":"Burst","floor":10.0},{"not_picked":["Cloak And Dagger","PiercingWail"],"picked":"Dash","floor":11.0},{"not_picked":["Backflip","Dagger Spray"],"picked":"Infinite Blades","floor":13.0},{"not_picked":["Terror","Bane","Quick Slash"],"picked":"SKIP","floor":14.0},{"not_picked":["Night Terror","Bullet Time"],"picked":"Glass Knife","floor":16.0},{"not_picked":["Acrobatics","Dagger Throw"],"picked":"Noxious Fumes+1","floor":18.0},{"not_picked":["Blade Dance","Backflip"],"picked":"Distraction","floor":20.0},{"not_picked":["Sucker Punch+1","Escape Plan+1"],"picked":"Blade Dance","floor":23.0},{"not_picked":["Acrobatics","Slice+1"],"picked":"Noxious Fumes+1","floor":25.0},{"not_picked":["All Out Attack","Backflip","Dagger Throw"],"picked":"SKIP","floor":31.0},{"not_picked":["Malaise","Burst"],"picked":"A Thousand Cuts","floor":33.0},{"not_picked":["Acrobatics+1","Dodge and Roll+1","Quick Slash"],"picked":"SKIP","floor":35.0},{"not_picked":["Flying Knee","Sucker Punch+1"],"picked":"Escape Plan+1","floor":36.0},{"not_picked":["Dagger Throw+1","Slice"],"picked":"Leg Sweep+1","floor":39.0},{"not_picked":["Dagger Spray","Dagger Throw+1","Choke+1"],"picked":"SKIP","floor":41.0},{"not_picked":["Leg Sweep+1","Distraction+1"],"picked":"Accuracy+1","floor":44.0},{"not_picked":["Deadly Poison+1","Flying Knee+1","Endless Agony"],"picked":"Singing Bowl","floor":48.0}],"player_experience":727815,"relics_obtained":[{"floor":7.0,"key":"Kunai"},{"floor":9.0,"key":"Bag of Marbles"},{"floor":23.0,"key":"Juzu Bracelet"},{"floor":26.0,"key":"Anchor"},{"floor":36.0,"key":"Ice Cream"},{"floor":43.0,"key":"Singing Bowl"}],"event_choices":[{"damage_healed":0.0,"max_hp_gain":0.0,"max_hp_loss":0.0,"gold_gain":0.0,"event_name":"Shining Light","player_choice":"Entered Light","floor":3.0,"gold_loss":0.0,"damage_taken":14.0,"cards_upgraded":["Backstab","Survivor"]},{"damage_healed":0.0,"max_hp_gain":0.0,"max_hp_loss":0.0,"gold_gain":0.0,"event_name":"The Woman in Blue","player_choice":"Bought 0 Potions","floor":4.0,"gold_loss":0.0,"damage_taken":0.0},{"damage_healed":0.0,"max_hp_gain":0.0,"max_hp_loss":0.0,"gold_gain":0.0,"event_name":"The Library","player_choice":"Read","floor":19.0,"gold_loss":0.0,"damage_taken":0.0,"cards_obtained":["Noxious Fumes"]},{"damage_healed":0.0,"max_hp_gain":0.0,"max_hp_loss":0.0,"gold_gain":0.0,"event_name":"Drug Dealer","player_choice":"Inject Mutagens","floor":21.0,"gold_loss":0.0,"damage_taken":0.0,"relics_obtained":["MutagenicStrength"]},{"damage_healed":0.0,"max_hp_gain":0.0,"max_hp_loss":0.0,"gold_gain":0.0,"event_name":"FaceTrader","player_choice":"Trade","floor":29.0,"gold_loss":0.0,"damage_taken":0.0,"relics_obtained":["CultistMask"]},{"damage_healed":0.0,"max_hp_gain":0.0,"max_hp_loss":0.0,"gold_gain":0.0,"event_name":"Beggar","player_choice":"Ignored","floor":30.0,"gold_loss":0.0,"damage_taken":0.0},{"damage_healed":0.0,"max_hp_gain":0.0,"max_hp_loss":0.0,"gold_gain":0.0,"event_name":"MindBloom","player_choice":"Fight","floor":36.0,"gold_loss":0.0,"damage_taken":0.0},{"damage_healed":0.0,"max_hp_gain":0.0,"max_hp_loss":0.0,"gold_gain":0.0,"event_name":"Tomb of Lord Red Mask","player_choice":"Ignored","floor":37.0,"gold_loss":0.0,"damage_taken":0.0},{"cards_removed":["Strike_G"],"damage_healed":0.0,"max_hp_gain":0.0,"max_hp_loss":0.0,"gold_gain":0.0,"event_name":"Falling","player_choice":"Removed Attack","floor":46.0,"gold_loss":0.0,"damage_taken":0.0}],"is_beta":false,"boss_relics":[{"not_picked":["Busted Crown","Runic Pyramid"],"picked":"Cursed Key"},{"not_picked":["Astrolabe","Runic Dome"],"picked":"WristBlade"}],"items_purged_floors":[28],"is_endless":false,"potions_floor_spawned":[1,7,13,14,16,18,23,25,36,39],"killed_by":"Awakened One","ascension_level":4}