{"gold_per_floor":[116,11,11,26,26,26,37,37,90,125,125,158,219,144,144,144],"floor_reached":16,"playtime":523,"items_purged":["Strike_R"],"score":175,"play_id":"255bc354-6c00-4b51-b420-253366334ce9","local_time":"20190418000906","is_ascension_mode":true,"campfire_choices":[{"floor":6,"key":"REST"},{"data":"Body Slam","floor":8,"key":"SMITH"},{"data":"Inflame","floor":11,"key":"SMITH"},{"floor":15,"key":"REST"}],"neow_cost":"PERCENT_DAMAGE","seed_source_timestamp":486103358514300,"circlet_count":0,"master_deck":["AscendersBane","Strike_R","Strike_R","Strike_R","Strike_R","Defend_R","Defend_R","Defend_R","Defend_R","Bash","Heavy Blade","Inflame+1","Headbutt","Body Slam+1","Offering","Battle Trance","Whirlwind"],"relics":["Burning Blood","Incense Burner","Oddly Smooth Stone","Potion Belt","Dream Catcher","Boot","Frozen Egg 2"],"potions_floor_usage":[7,10],"damage_taken":[{"damage":7,"enemies":"2 Louse","floor":1,"turns":4},{"damage":18,"enemies":"Small Slimes","floor":4,"turns":3},{"damage":0,"enemies":"Jaw Worm","floor":7,"turns":3},{"damage":7,"enemies":"Gremlin Nob","floor":10,"turns":4},{"damage":34,"enemies":"3 Sentries","floor":12,"turns":7},{"damage":21,"enemies":"Lagavulin Event","floor":13,"turns":5},{"damage":46,"enemies":"Hexaghost","floor":16,"turns":9}],"seed_played":"-3462293421822465305","potions_obtained":[{"floor":4,"key":"Poison Potion"},{"floor":7,"key":"Weak Potion"},{"floor":13,"key":"Ancient Potion"}],"is_trial":false,"path_per_floor":["M","$","?","M","?","R","M","R","T","E","R","E","?","$","R","B"],"character_chosen":"IRONCLAD","items_purchased":["Inflame","Headbutt"],"campfire_rested":2,"item_purchase_floors":[2,2],"current_hp_per_floor":[50,50,47,35,35,59,65,65,65,64,64,36,21,21,45,0],"gold":144,"neow_bonus":"ONE_RARE_RELIC","is_prod":false,"is_daily":false,"chose_seed":false,"campfire_upgraded":2,"win_rate":0,"timestamp":1555535346,"path_taken":["M","$","?","M","?","R","M","R","T","E","R","E","?","$","R","BOSS"],"build_version":"2019-01-23","purchased_purges":1,"victory":false,"max_hp_per_floor":[80,80,80,80,80,80,80,80,80,80,80,80,80,80,80,80],"card_choices":[{"not_picked":["Flex","Feel No Pain"],"picked":"Heavy Blade","floor":1},{"not_picked":["Twin Strike","Iron Wave"],"picked":"Body Slam","floor":4},{"not_picked":["Havoc","Feel No Pain","Armaments"],"picked":"SKIP","floor":7},{"not_picked":["Iron Wave","Fire Breathing","Infernal Blade"],"picked":"SKIP","floor":10},{"not_picked":["Hemokinesis","Perfected Strike"],"picked":"Offering","floor":12},{"not_picked":["Flex","Rage"],"picked":"Battle Trance","floor":13},{"not_picked":["Flex","Iron Wave"],"picked":"Whirlwind","floor":15}],"player_experience":295868,"relics_obtained":[{"floor":9,"key":"Potion Belt"},{"floor":10,"key":"Dream Catcher"},{"floor":12,"key":"Boot"},{"floor":13,"key":"Frozen Egg 2"}],"event_choices":[{"damage_healed":0,"gold_gain":0,"player_choice":"Success","damage_taken":3,"relics_obtained":["Oddly Smooth Stone"],"max_hp_gain":0,"max_hp_loss":0,"event_name":"Scrap Ooze","floor":3,"gold_loss":0},{"damage_healed":0,"gold_gain":0,"player_choice":"Leave","damage_taken":0,"max_hp_gain":0,"max_hp_loss":0,"event_name":"The Cleric","floor":5,"gold_loss":0},{"damage_healed":0,"gold_gain":0,"player_choice":"Searched \u00272\u0027 times","damage_taken":0,"max_hp_gain":0,"max_hp_loss":0,"event_name":"Dead Adventurer","floor":13,"gold_loss":0}],"is_beta":false,"boss_relics":[],"items_purged_floors":[14],"is_endless":false,"potions_floor_spawned":[4,7,13],"killed_by":"Hexaghost","ascension_level":13}