{"gold_per_floor":[161,181,181,356,356,381,381,414,414,425,192,157,157,173,173,277,277,294,294,311,337,337],"floor_reached":22,"playtime":1561,"items_purged":["Doubt"],"score":246,"play_id":"e698227a-c7df-4479-b986-e0fbcd5c8a86","local_time":"20190410232812","is_ascension_mode":true,"campfire_choices":[{"floor":7,"key":"REST"},{"floor":13,"key":"REST"},{"data":"Noxious Fumes","floor":15,"key":"SMITH"}],"neow_cost":"NONE","seed_source_timestamp":35095881539805,"circlet_count":0,"master_deck":["Defend_G","Defend_G","Defend_G","Defend_G","Defend_G","Strike_G","Strike_G","Strike_G","Strike_G","Strike_G","Survivor","Neutralize+1","Infinite Blades","Noxious Fumes+1","Infinite Blades","Infinite Blades","Caltrops","Bandage Up","Noxious Fumes+1","Choke","Noxious Fumes","Poisoned Stab"],"relics":["Tiny House","Pear","Anchor","Snake Skull","Omamori","Philosopher\u0027s Stone","Red Mask"],"potions_floor_usage":[10,18,22],"damage_taken":[{"damage":2,"enemies":"Small Slimes","floor":1,"turns":4},{"damage":2,"enemies":"Jaw Worm","floor":2,"turns":4},{"damage":29,"enemies":"Lagavulin","floor":6,"turns":9},{"damage":31,"enemies":"3 Sentries","floor":8,"turns":8},{"damage":0,"enemies":"2 Louse","floor":10,"turns":4},{"damage":4,"enemies":"Looter","floor":14,"turns":4},{"damage":39,"enemies":"Slime Boss","floor":16,"turns":8},{"damage":24,"enemies":"3 Byrds","floor":18,"turns":4},{"damage":15,"enemies":"Chosen","floor":20,"turns":4},{"damage":57,"enemies":"Masked Bandits","floor":21,"turns":5},{"damage":31,"enemies":"Snecko","floor":22,"turns":3}],"seed_played":"-8867533445757326724","potions_obtained":[{"floor":0,"key":"LiquidBronze"},{"floor":2,"key":"Poison Potion"},{"floor":6,"key":"Poison Potion"},{"floor":14,"key":"GhostInAJar"}],"is_trial":false,"path_per_floor":["M","M","?","?","T","E","R","E","T","M","$","?","R","M","R","B",null,"M","?","M","?","M"],"character_chosen":"THE_SILENT","items_purchased":["Bandage Up","Noxious Fumes"],"campfire_rested":2,"item_purchase_floors":[11,11],"current_hp_per_floor":[73,71,71,71,81,52,77,46,46,46,46,67,85,81,81,46,85,61,95,80,27,0],"gold":337,"neow_bonus":"BOSS_RELIC","is_prod":false,"is_daily":false,"chose_seed":false,"campfire_upgraded":1,"win_rate":0,"timestamp":1554935292,"path_taken":["M","M","?","?","?","E","R","E","T","M","$","?","R","M","R","BOSS","M","?","?","?","M"],"build_version":"2019-01-23","purchased_purges":1,"victory":false,"max_hp_per_floor":[75,75,75,75,85,85,85,85,85,85,85,85,85,85,85,85,85,85,95,95,95,95],"card_choices":[{"not_picked":["Deflect","PiercingWail"],"picked":"Infinite Blades","floor":0},{"not_picked":["PiercingWail","Quick Slash"],"picked":"Noxious Fumes","floor":1},{"not_picked":["Quick Slash","Skewer","Underhanded Strike"],"picked":"SKIP","floor":2},{"not_picked":["Tactician","Finisher"],"picked":"Infinite Blades","floor":6},{"not_picked":["Cloak And Dagger","Well Laid Plans"],"picked":"Infinite Blades","floor":8},{"not_picked":["Eviscerate","Blade Dance"],"picked":"Caltrops","floor":10},{"not_picked":["Flying Knee","Dodge and Roll","Deflect"],"picked":"SKIP","floor":14},{"not_picked":["Grand Finale","Wraith Form v2"],"picked":"Venomology","floor":16},{"not_picked":["Backstab","Dagger Spray"],"picked":"Choke","floor":18},{"not_picked":["PiercingWail","Sucker Punch"],"picked":"Noxious Fumes","floor":20},{"not_picked":["Quick Slash","Dodge and Roll"],"picked":"Poisoned Stab","floor":21}],"player_experience":564972,"relics_obtained":[{"floor":5,"key":"Pear"},{"floor":6,"key":"Anchor"},{"floor":8,"key":"Snake Skull"},{"floor":9,"key":"Omamori"},{"floor":21,"key":"Red Mask"}],"event_choices":[{"damage_healed":0,"gold_gain":0,"player_choice":"Grow","damage_taken":0,"max_hp_gain":0,"max_hp_loss":0,"event_name":"Living Wall","floor":3,"gold_loss":0,"cards_upgraded":["Noxious Fumes"]},{"damage_healed":0,"gold_gain":175,"player_choice":"AGREE","damage_taken":0,"max_hp_gain":0,"max_hp_loss":0,"event_name":"Liars Game","floor":4,"gold_loss":0,"cards_obtained":["Doubt"]},{"damage_healed":21,"gold_gain":0,"player_choice":"Healed","damage_taken":0,"max_hp_gain":0,"max_hp_loss":0,"event_name":"The Cleric","floor":12,"gold_loss":35},{"cards_removed":["Venomology"],"damage_healed":24,"gold_gain":0,"player_choice":"Offered Rare","damage_taken":0,"max_hp_gain":10,"max_hp_loss":0,"event_name":"Bonfire Elementals","floor":19,"gold_loss":0},{"damage_healed":0,"gold_gain":0,"player_choice":"Fought Bandits","damage_taken":0,"max_hp_gain":0,"max_hp_loss":0,"event_name":"Masked Bandits","floor":21,"gold_loss":0}],"is_beta":false,"boss_relics":[{"not_picked":["Coffee Dripper","Calling Bell"],"picked":"Philosopher\u0027s Stone"}],"items_purged_floors":[11],"is_endless":false,"potions_floor_spawned":[2,6,8,14,18,21],"killed_by":"Snecko","ascension_level":3}