{"gold_per_floor":[111,36,49,49,49,49,69,94,148,178,192,224,239,255,255,255],"floor_reached":16,"playtime":1610,"items_purged":["Regret"],"score":154,"play_id":"bb3679e6-4119-428a-8c2f-0e4c923aa26c","local_time":"20190509090924","is_ascension_mode":true,"campfire_choices":[{"data":"Offering","floor":6,"key":"SMITH"},{"floor":15,"key":"REST"}],"neow_cost":"CURSE","seed_source_timestamp":1659059274361,"circlet_count":0,"master_deck":["Strike_R","Strike_R","Strike_R","Strike_R","Strike_R","Defend_R","Defend_R","Defend_R+1","Defend_R+1","Bash","Immolate","Thunderclap","Offering+1","Seeing Red","Headbutt","Sever Soul","Offering","Headbutt"],"relics":["Burning Blood","Vajra","Tiny Chest","Red Skull","War Paint"],"potions_floor_usage":[10,10,12,16],"damage_taken":[{"damage":12,"enemies":"Cultist","floor":1,"turns":4},{"damage":0,"enemies":"Small Slimes","floor":3,"turns":1},{"damage":7,"enemies":"Jaw Worm","floor":7,"turns":2},{"damage":26,"enemies":"3 Sentries","floor":8,"turns":6},{"damage":6,"enemies":"Gremlin Nob","floor":10,"turns":2},{"damage":6,"enemies":"Gremlin Gang","floor":11,"turns":1},{"damage":18,"enemies":"3 Sentries","floor":12,"turns":3},{"damage":0,"enemies":"3 Louse","floor":13,"turns":1},{"damage":14,"enemies":"Exordium Wildlife","floor":14,"turns":3},{"damage":51,"enemies":"The Guardian","floor":16,"turns":4}],"seed_played":"-2207993251714505626","potions_obtained":[{"floor":3,"key":"Energy Potion"},{"floor":8,"key":"Poison Potion"},{"floor":10,"key":"Strength Potion"},{"floor":11,"key":"SpeedPotion"},{"floor":14,"key":"Swift Potion"}],"is_trial":false,"path_per_floor":["M","$","M","?","$","R","M","E","T","E","M","E","M","M","R","B"],"character_chosen":"IRONCLAD","items_purchased":[],"campfire_rested":1,"item_purchase_floors":[],"current_hp_per_floor":[74,74,80,80,80,80,79,59,59,59,59,47,53,45,69,18],"gold":255,"neow_bonus":"THREE_RARE_CARDS","is_prod":false,"is_daily":false,"chose_seed":false,"campfire_upgraded":1,"win_rate":0,"timestamp":1557360564,"path_taken":["M","$","?","?","?","R","M","E","T","E","?","E","M","?","R","BOSS"],"build_version":"2019-01-23","purchased_purges":1,"victory":false,"max_hp_per_floor":[80,80,80,80,80,80,80,80,80,80,80,80,80,80,80,80],"card_choices":[{"not_picked":["Fiend Fire","Demon Form"],"picked":"Immolate","floor":0},{"not_picked":["Pommel Strike","Metallicize"],"picked":"Thunderclap","floor":1},{"not_picked":["Perfected Strike","Wild Strike","Heavy Blade"],"picked":"SKIP","floor":3},{"not_picked":["Warcry","Flex","Iron Wave"],"picked":"SKIP","floor":7},{"not_picked":["Carnage","Warcry"],"picked":"Seeing Red","floor":8},{"not_picked":["Infernal Blade","Spot Weakness","Iron Wave"],"picked":"SKIP","floor":10},{"not_picked":["Infernal Blade","Spot Weakness","Iron Wave"],"picked":"SKIP","floor":10},{"not_picked":["Inflame","Warcry"],"picked":"Headbutt","floor":11},{"not_picked":["Heavy Blade","Warcry"],"picked":"Sever Soul","floor":12},{"not_picked":["Iron Wave","Heavy Blade"],"picked":"Offering","floor":13},{"not_picked":["Flex","Warcry"],"picked":"Headbutt","floor":14}],"player_experience":123441,"relics_obtained":[{"floor":8,"key":"Vajra"},{"floor":9,"key":"Tiny Chest"},{"floor":10,"key":"Red Skull"},{"floor":12,"key":"War Paint"}],"event_choices":[{"damage_healed":0,"gold_gain":0,"player_choice":"1 cards matched","damage_taken":0,"max_hp_gain":0,"max_hp_loss":0,"event_name":"Match and Keep!","floor":4,"gold_loss":0,"cards_obtained":["Offering"]}],"is_beta":false,"boss_relics":[],"items_purged_floors":[2],"is_endless":false,"potions_floor_spawned":[3,8,10,11,14],"killed_by":"The Guardian","ascension_level":1}