{"gold_per_floor":[111,87,33,52,66,66,18,53,124,94,128,145,157,4,4,4],"floor_reached":16,"playtime":790,"items_purged":["Strike_G"],"score":193,"play_id":"da595542-ee2e-4b3e-825a-463b932c838b","local_time":"20181029122709","is_ascension_mode":true,"campfire_choices":[{"data":"Neutralize","floor":6,"key":"SMITH"},{"floor":15,"key":"REST"}],"neow_cost":"NONE","seed_source_timestamp":3444278834630,"circlet_count":0,"master_deck":["Defend_G","Defend_G","Defend_G","Defend_G","Defend_G","Strike_G","Strike_G","Strike_G","Strike_G","Survivor","Neutralize+1","AscendersBane","Dodge and Roll","Dagger Throw","Dagger Spray","Dagger Throw","Well Laid Plans","Sucker Punch","After Image","Cloak And Dagger","Predator","Noxious Fumes"],"relics":["Ring of the Snake","Art of War","Strawberry","Blue Candle","Lantern"],"potions_floor_usage":[11,16],"damage_taken":[{"damage":0,"enemies":"Cultist","floor":1,"turns":4},{"damage":2,"enemies":"Jaw Worm","floor":4,"turns":6},{"damage":1,"enemies":"2 Louse","floor":5,"turns":2},{"damage":28,"enemies":"Gremlin Nob","floor":8,"turns":5},{"damage":5,"enemies":"Looter","floor":10,"turns":4},{"damage":1,"enemies":"3 Sentries","floor":11,"turns":9},{"damage":1,"enemies":"Large Slime","floor":12,"turns":7},{"damage":22,"enemies":"Exordium Thugs","floor":13,"turns":5},{"damage":34,"enemies":"Slime Boss","floor":16,"turns":9}],"seed_played":"691644823509537683","potions_obtained":[{"floor":8,"key":"SkillPotion"},{"floor":12,"key":"AttackPotion"}],"is_trial":false,"path_per_floor":["M","$","$","M","M","R","$","E","T","M","E","M","M","$","R"],"character_chosen":"THE_SILENT","items_purchased":["Dagger Throw","Dagger Spray","Sucker Punch","Noxious Fumes"],"campfire_rested":1,"item_purchase_floors":[2,3,7,14],"current_hp_per_floor":[59,59,59,57,56,56,56,35,35,30,29,28,6,6,27,0],"gold":4,"neow_bonus":"RANDOM_COMMON_RELIC","is_prod":false,"is_daily":false,"chose_seed":false,"campfire_upgraded":1,"win_rate":0,"timestamp":1540841229,"path_taken":["M","?","$","M","M","R","$","E","T","M","E","M","M","$","R","BOSS"],"build_version":"2018-10-25v2","purchased_purges":1,"victory":false,"max_hp_per_floor":[66,66,66,66,66,66,66,73,73,73,73,73,73,73,73,73],"card_choices":[{"not_picked":["Blade Dance","Underhanded Strike"],"picked":"Dodge and Roll","floor":1},{"not_picked":["Bane","Prepared"],"picked":"Dagger Throw","floor":4},{"not_picked":["Slice","Escape Plan"],"picked":"Well Laid Plans","floor":5},{"not_picked":["Bane","Acrobatics"],"picked":"After Image","floor":8},{"not_picked":["Acrobatics","Slice"],"picked":"Cloak And Dagger","floor":10},{"not_picked":["Masterful Stab","Underhanded Strike"],"picked":"Predator","floor":11},{"not_picked":["Heel Hook","Flying Knee","Dagger Throw"],"picked":"SKIP","floor":12},{"not_picked":["Night Terror","Eviscerate","Sucker Punch"],"picked":"SKIP","floor":13}],"player_experience":1512930,"relics_obtained":[{"floor":8,"key":"Strawberry"},{"floor":9,"key":"Blue Candle"},{"floor":11,"key":"Lantern"}],"event_choices":[],"is_beta":false,"boss_relics":[],"items_purged_floors":[14],"is_endless":false,"potions_floor_spawned":[8,12],"killed_by":"Slime Boss","ascension_level":15}