{"gold_per_floor":[114,39,39,39,53,82,82,95,120,120,120,151,170,186,186,260,260,271,271,283,297,297,297,308,308,308,308,341,353,19,53,53,130,130,148,165,90,90,101,133,133,143,143,174,174,189,199,226,226,226,226,226,226,126,151,151],"floor_reached":57,"playtime":3919,"items_purged":["Dash","Predator+1"],"score":3644,"play_id":"d7c41cbc-f9f6-4943-9baf-e89d010c9ac0","local_time":"20181223234642","is_ascension_mode":true,"campfire_choices":[{"data":"Prepared","floor":7.0,"key":"SMITH"},{"data":"Bouncing Flask","floor":10.0,"key":"SMITH"},{"data":"Neutralize","floor":15.0,"key":"SMITH"},{"data":"Expertise","floor":23,"key":"SMITH"},{"data":"Well Laid Plans","floor":25,"key":"SMITH"},{"floor":27,"key":"REST"},{"data":"Tactician","floor":32,"key":"SMITH"},{"data":"Acrobatics","floor":45,"key":"SMITH"},{"floor":49,"key":"RECALL"},{"floor":53,"key":"REST"}],"neow_cost":"NONE","seed_source_timestamp":7390122084335,"circlet_count":0,"master_deck":["AscendersBane","Survivor+1","Neutralize+1","Tactician+1","Prepared+1","Backflip+1","Heel Hook+1","Catalyst+1","Grand Finale+1","Quick Slash+1","Caltrops+1","Blur+1","Well Laid Plans+1","Expertise+1","Footwork+1","Dagger Throw+1","Deflect+1","Reflex+1","Concentrate+1","Calculated Gamble+1","Acrobatics+1"],"special_seed":0,"relics":["Ring of the Snake","NeowsBlessing","Regal Pillow","Happy Flower","Vajra","Ice Cream","Pandora\u0027s Box","Dream Catcher","Gambling Chip","Strawberry","Philosopher\u0027s Stone","Mark of the Bloom","Prayer Wheel","Ninja Scroll","Frozen Egg 2","Pen Nib","Centennial Puzzle"],"potions_floor_usage":[24,28,56,56],"damage_taken":[{"damage":0.0,"enemies":"Jaw Worm","floor":1.0,"turns":1.0},{"damage":0.0,"enemies":"2 Louse","floor":5.0,"turns":1.0},{"damage":0.0,"enemies":"Gremlin Nob","floor":6.0,"turns":1.0},{"damage":0.0,"enemies":"Small Slimes","floor":8.0,"turns":5.0},{"damage":36.0,"enemies":"3 Sentries","floor":12.0,"turns":13.0},{"damage":0.0,"enemies":"Blue Slaver","floor":13.0,"turns":3.0},{"damage":0.0,"enemies":"Exordium Wildlife","floor":14.0,"turns":3.0},{"damage":0.0,"enemies":"The Guardian","floor":16.0,"turns":7.0},{"damage":12.0,"enemies":"2 Thieves","floor":18.0,"turns":4.0},{"damage":0.0,"enemies":"3 Byrds","floor":20.0,"turns":2.0},{"damage":12.0,"enemies":"Shelled Parasite and Fungi","floor":21.0,"turns":3.0},{"damage":17,"enemies":"Snake Plant","floor":24,"turns":3},{"damage":23,"enemies":"Slavers","floor":28,"turns":3},{"damage":0,"enemies":"Cultist and Chosen","floor":29,"turns":2},{"damage":0,"enemies":"Book of Stabbing","floor":31,"turns":4},{"damage":0,"enemies":"Automaton","floor":33,"turns":4},{"damage":8,"enemies":"3 Darklings","floor":35,"turns":2},{"damage":0,"enemies":"3 Shapes","floor":36,"turns":1},{"damage":0,"enemies":"Transient","floor":39,"turns":5},{"damage":0,"enemies":"Giant Head","floor":40,"turns":2},{"damage":0,"enemies":"Spire Growth","floor":42,"turns":2},{"damage":0,"enemies":"Nemesis","floor":44,"turns":3},{"damage":0,"enemies":"4 Shapes","floor":46,"turns":3},{"damage":0,"enemies":"Maw","floor":47,"turns":1},{"damage":0,"enemies":"Reptomancer","floor":48,"turns":1},{"damage":0,"enemies":"Donu and Deca","floor":50,"turns":2},{"damage":0,"enemies":"Time Eater","floor":51,"turns":7},{"damage":0,"enemies":"Shield and Spear","floor":55,"turns":2},{"damage":36,"enemies":"The Heart","floor":56,"turns":5}],"seed_played":"-5424197194890484802","potions_obtained":[{"floor":5.0,"key":"LiquidBronze"},{"floor":6.0,"key":"SteroidPotion"},{"floor":12.0,"key":"SkillPotion"},{"floor":14.0,"key":"SteroidPotion"},{"floor":18.0,"key":"SkillPotion"},{"floor":20.0,"key":"SkillPotion"},{"floor":24,"key":"Energy Potion"},{"floor":39,"key":"LiquidBronze"}],"is_trial":false,"path_per_floor":["M","?","?","$","M","E","R","M","T","R","?","E","M","M","R","B",null,"M","?","M","M","?","R","M","R","T","R","E","M","$","E","R","B",null,"M","M","$","?","M","E","?","M","T","E","R","M","M","E","R","B","B",null,"R","$","E","B",null],"character_chosen":"THE_SILENT","items_purchased":["Gambling Chip"],"campfire_rested":2,"item_purchase_floors":[30],"current_hp_per_floor":[59,59,59,59,59,59,59,59,59,59,41,5,5,5,5,5,51,39,39,39,27,27,27,10,10,10,44,21,21,21,28,28,28,62,54,54,54,54,54,54,54,54,54,54,54,54,54,54,54,54,54,54,54,54,54,18],"gold":151,"neow_bonus":"THREE_ENEMY_KILL","is_prod":false,"is_daily":false,"chose_seed":false,"campfire_upgraded":7,"win_rate":0,"timestamp":1545580002,"path_taken":["M","?","?","$","M","E","R","M","T","R","?","E","M","M","R","BOSS","M","?","M","M","?","R","M","R","T","R","E","?","$","E","R","BOSS","M","M","$","?","M","E","?","M","T","E","R","?","M","E","R","BOSS","BOSS","R","$","E","BOSS"],"build_version":"2018-12-20","purchased_purges":2,"victory":true,"max_hp_per_floor":[66,66,66,66,66,66,66,66,66,66,66,66,66,66,66,66,66,66,66,66,66,66,66,66,66,66,66,66,66,66,73,73,73,73,73,73,73,73,73,73,73,73,73,73,73,73,73,73,73,73,73,73,73,73,73,73],"card_choices":[{"not_picked":["Acrobatics","Distraction"],"picked":"Tactician","floor":1.0},{"not_picked":["Backflip","Sucker Punch"],"picked":"Prepared","floor":5.0},{"not_picked":["Poisoned Stab","Deflect"],"picked":"Backflip","floor":6.0},{"not_picked":["Blade Dance","Quick Slash"],"picked":"Bouncing Flask","floor":8.0},{"not_picked":["Underhanded Strike","Riddle With Holes"],"picked":"Heel Hook","floor":12.0},{"not_picked":["Blur","Infinite Blades"],"picked":"Catalyst","floor":13.0},{"not_picked":["Flechettes","Bullet Time","Poisoned Stab"],"picked":"SKIP","floor":14.0},{"not_picked":["Tools of the Trade","Phantasmal Killer"],"picked":"Grand Finale","floor":16.0},{"not_picked":["Eviscerate","Dodge and Roll"],"picked":"Expertise","floor":18.0},{"not_picked":["Catalyst","Backflip","Blade Dance"],"picked":"SKIP","floor":20.0},{"not_picked":["Dodge and Roll","Well Laid Plans"],"picked":"Deflect+1","floor":21.0},{"not_picked":["Crippling Poison+1","Skewer","Terror"],"picked":"SKIP","floor":24},{"not_picked":["Quick Slash","Underhanded Strike"],"picked":"Concentrate+1","floor":28},{"not_picked":["Quick Slash","Poisoned Stab+1","Eviscerate+1"],"picked":"SKIP","floor":29},{"not_picked":["PiercingWail","Storm of Steel","Outmaneuver"],"picked":"SKIP","floor":31},{"not_picked":["Endless Agony","Backflip","Footwork+1"],"picked":"SKIP","floor":35},{"not_picked":["Endless Agony","Backflip","Footwork+1"],"picked":"SKIP","floor":35},{"not_picked":["Cloak And Dagger+1","Underhanded Strike+1"],"picked":"Calculated Gamble+1","floor":36},{"not_picked":["Flying Knee","Heel Hook","Bane"],"picked":"SKIP","floor":39},{"not_picked":["Backflip+1","Doppelganger","Cloak And Dagger"],"picked":"SKIP","floor":40},{"not_picked":["Leg Sweep","Heel Hook+1","Blur"],"picked":"SKIP","floor":42},{"not_picked":["Dagger Spray","Outmaneuver","Sucker Punch"],"picked":"SKIP","floor":42},{"not_picked":["Sucker Punch","PiercingWail"],"picked":"Acrobatics","floor":44},{"not_picked":["Dagger Spray","Acrobatics","Prepared"],"picked":"SKIP","floor":46},{"not_picked":["Backflip+1","Quick Slash","Slice"],"picked":"SKIP","floor":46},{"not_picked":["Backflip+1","Quick Slash","Flying Knee"],"picked":"SKIP","floor":47},{"not_picked":["Outmaneuver+1","Skewer","Backflip"],"picked":"SKIP","floor":47},{"not_picked":["Crippling Poison","Corpse Explosion","Bouncing Flask"],"picked":"SKIP","floor":48},{"not_picked":["Slice","Tactician","Leg Sweep+1"],"picked":"SKIP","floor":55}],"player_experience":2415954,"relics_obtained":[{"floor":6.0,"key":"Regal Pillow"},{"floor":9.0,"key":"Happy Flower"},{"floor":12.0,"key":"Ice Cream"},{"floor":28,"key":"Dream Catcher"},{"floor":31,"key":"Strawberry"},{"floor":40,"key":"Prayer Wheel"},{"floor":43,"key":"Ninja Scroll"},{"floor":44,"key":"Frozen Egg 2"},{"floor":48,"key":"Pen Nib"},{"floor":55,"key":"Centennial Puzzle"}],"event_choices":[{"cards_removed":["Strike_G"],"damage_healed":0.0,"max_hp_gain":0.0,"max_hp_loss":0.0,"gold_gain":0.0,"event_name":"The Cleric","player_choice":"Card Removal","floor":2.0,"gold_loss":75.0,"damage_taken":0.0},{"damage_healed":0.0,"max_hp_gain":0.0,"max_hp_loss":0.0,"gold_gain":0.0,"event_name":"Liars Game","player_choice":"Ignored","floor":3.0,"gold_loss":0.0,"damage_taken":0.0},{"damage_healed":0.0,"max_hp_gain":0.0,"max_hp_loss":0.0,"gold_gain":0.0,"event_name":"Scrap Ooze","player_choice":"Success","floor":11.0,"gold_loss":0.0,"damage_taken":18.0,"relics_obtained":["Vajra"]},{"damage_healed":0.0,"max_hp_gain":0.0,"max_hp_loss":0.0,"gold_gain":0.0,"cards_transformed":["Prepared","Choke"],"event_name":"Drug Dealer","player_choice":"Became Test Subject","floor":19.0,"gold_loss":0.0,"damage_taken":0.0,"cards_obtained":["Footwork","Dagger Throw"]},{"damage_healed":0,"gold_gain":0,"cards_transformed":["Dagger Spray"],"player_choice":"Transformed","damage_taken":0,"max_hp_gain":0,"max_hp_loss":0,"event_name":"Transmorgrifier","floor":22,"gold_loss":0,"cards_obtained":["Reflex"]},{"damage_healed":0,"gold_gain":0,"player_choice":"Upgrade","damage_taken":0,"relics_obtained":["Mark of the Bloom"],"max_hp_gain":0,"max_hp_loss":0,"event_name":"MindBloom","floor":38,"gold_loss":0,"cards_upgraded":["Survivor","Backflip","Heel Hook","Catalyst","Grand Finale","Quick Slash","Caltrops","Blur","Predator","Footwork","Dagger Throw","Reflex"]},{"cards_removed":["Bouncing Flask"],"damage_healed":19,"gold_gain":0,"player_choice":"Offered Uncommon","damage_taken":0,"max_hp_gain":0,"max_hp_loss":0,"event_name":"Bonfire Elementals","floor":41,"gold_loss":0}],"is_beta":false,"boss_relics":[{"not_picked":["Orrery","Runic Dome"],"picked":"Pandora\u0027s Box"},{"not_picked":["Cursed Key","Astrolabe"],"picked":"Philosopher\u0027s Stone"}],"items_purged_floors":[37,54],"is_endless":false,"potions_floor_spawned":[5,6,12,14,18,20,24,39,42,44,47],"ascension_level":20}