{"gold_per_floor":[17,17,34,45,62,62,96,119,119,137,172,188,201,217,217,322,322,341,360,370,387,399,431,443,87,166,182,215,215,230,242,242,340,340,352,371,50,0,0,0,0,14,96,106,123,136,136],"floor_reached":47,"playtime":5208,"items_purged":["Strike_R"],"score":563,"play_id":"8c021712-57c8-4db5-a661-bac5a9c88f58","local_time":"20190508213134","is_ascension_mode":true,"campfire_choices":[{"data":"Immolate","floor":6.0,"key":"SMITH"},{"data":"Bash","floor":15.0,"key":"SMITH"},{"floor":24.0,"key":"REST"},{"data":"Brutality","floor":29.0,"key":"SMITH"},{"floor":32.0,"key":"REST"},{"floor":40.0,"key":"RECALL"}],"neow_cost":"NO_GOLD","seed_source_timestamp":0,"circlet_count":0,"master_deck":["Strike_R","Strike_R","Strike_R","Strike_R+1","Defend_R","Defend_R","Defend_R","Defend_R","Bash+1","Immolate+1","Flame Barrier","Rampage","Headbutt+1","Sword Boomerang","Headbutt+1","Reckless Charge+1","Uppercut+1","Immolate+1","Cleave+1","Twin Strike+1","Pummel+1","Brutality+1","Thunderclap+1","Twin Strike+1","Sword Boomerang+1","Sword Boomerang+1","Thunderclap+1","Headbutt+1","Flex+1","Pommel Strike+1","Flex+1","Pummel+1","Bludgeon+1","Rage+1","Havoc+1","Dramatic Entrance+1","Headbutt+1","Heavy Blade+1","Rage+1","Twin Strike+1"],"special_seed":0,"relics":["Black Blood","Self Forming Clay","Molten Egg 2","Odd Mushroom","Mercury Hourglass","Matryoshka","MawBank","Bottled Flame","Whetstone","Darkstone Periapt","White Beast Statue","Shuriken","Red Mask","Frozen Egg 2","Sundial"],"potions_floor_usage":[47,47],"damage_taken":[{"damage":0.0,"enemies":"Small Slimes","floor":1.0,"turns":2.0},{"damage":7.0,"enemies":"2 Louse","floor":3.0,"turns":3.0},{"damage":1.0,"enemies":"Jaw Worm","floor":4.0,"turns":3.0},{"damage":0.0,"enemies":"Gremlin Gang","floor":5.0,"turns":1.0},{"damage":33.0,"enemies":"Lagavulin","floor":7.0,"turns":4.0},{"damage":0.0,"enemies":"The Mushroom Lair","floor":8.0,"turns":1.0},{"damage":1.0,"enemies":"3 Louse","floor":10.0,"turns":2.0},{"damage":4.0,"enemies":"Gremlin Nob","floor":11.0,"turns":3.0},{"damage":2.0,"enemies":"Blue Slaver","floor":12.0,"turns":2.0},{"damage":0.0,"enemies":"2 Fungi Beasts","floor":13.0,"turns":1.0},{"damage":0.0,"enemies":"3 Louse","floor":14.0,"turns":2.0},{"damage":37.0,"enemies":"The Guardian","floor":16.0,"turns":7.0},{"damage":0.0,"enemies":"3 Byrds","floor":18.0,"turns":2.0},{"damage":10.0,"enemies":"Spheric Guardian","floor":19.0,"turns":3.0},{"damage":5.0,"enemies":"Cultist and Chosen","floor":20.0,"turns":4.0},{"damage":21.0,"enemies":"Snake Plant","floor":21.0,"turns":3.0},{"damage":25.0,"enemies":"Shelled Parasite and Fungi","floor":22.0,"turns":4.0},{"damage":28.0,"enemies":"Gremlin Leader","floor":23.0,"turns":4.0},{"damage":10.0,"enemies":"Chosen and Byrds","floor":27.0,"turns":3.0},{"damage":22.0,"enemies":"Slavers","floor":28.0,"turns":2.0},{"damage":20.0,"enemies":"Snake Plant","floor":30.0,"turns":3.0},{"damage":23.0,"enemies":"Centurion and Healer","floor":31.0,"turns":3.0},{"damage":55.0,"enemies":"Collector","floor":33.0,"turns":9.0},{"damage":21.0,"enemies":"3 Darklings","floor":35.0,"turns":2.0},{"damage":11.0,"enemies":"Orb Walker","floor":36.0,"turns":2.0},{"damage":16.0,"enemies":"4 Shapes","floor":42.0,"turns":2.0},{"damage":2.0,"enemies":"3 Darklings","floor":44.0,"turns":2.0},{"damage":30.0,"enemies":"Spire Growth","floor":45.0,"turns":4.0},{"damage":4,"enemies":"Transient","floor":46,"turns":5},{"damage":74,"enemies":"Giant Head","floor":47,"turns":6}],"seed_played":"-6524519574508014057","potions_obtained":[{"floor":1.0,"key":"FearPotion"},{"floor":7.0,"key":"BloodPotion"},{"floor":11.0,"key":"Block Potion"},{"floor":14.0,"key":"SkillPotion"},{"floor":16.0,"key":"EssenceOfSteel"},{"floor":19.0,"key":"SpeedPotion"},{"floor":23.0,"key":"BloodPotion"},{"floor":30.0,"key":"Dexterity Potion"},{"floor":31.0,"key":"GamblersBrew"},{"floor":35.0,"key":"Strength Potion"},{"floor":36.0,"key":"SpeedPotion"},{"floor":42.0,"key":"Explosive Potion"},{"floor":44.0,"key":"GamblersBrew"},{"floor":45,"key":"SteroidPotion"},{"floor":46,"key":"Dexterity Potion"}],"is_trial":false,"path_per_floor":["M","?","M","M","M","R","E","?","T","M","E","M","M","M","R","B",null,"M","M","M","M","M","E","R","$","T","M","E","R","M","M","R","B",null,"M","M","$","?","?","R","$","M","T","M","M","M","E"],"character_chosen":"IRONCLAD","items_purchased":["Bottled Flame","Headbutt+1","Dramatic Entrance+1","Shuriken"],"campfire_rested":2,"item_purchase_floors":[25,25,37,37],"current_hp_per_floor":[80,73,72,77,80,80,53,67,67,72,74,78,80,80,80,49,80,80,80,80,69,54,36,60,60,60,68,56,56,46,33,57,12,80,69,68,68,68,68,68,68,62,62,70,50,56,0],"gold":136,"neow_bonus":"THREE_RARE_CARDS","is_prod":false,"is_daily":false,"chose_seed":false,"campfire_upgraded":3,"win_rate":0,"timestamp":1557318694,"path_taken":["M","?","M","M","M","R","E","?","T","M","E","M","M","M","R","BOSS","M","M","M","M","M","E","R","$","T","M","E","R","M","M","R","BOSS","M","M","$","?","?","R","$","M","T","M","M","M","E"],"build_version":"2019-01-23","purchased_purges":1,"victory":false,"max_hp_per_floor":[80,80,80,80,80,80,80,80,80,80,80,80,80,80,80,80,80,80,80,80,80,80,80,80,80,80,80,80,80,80,80,80,80,80,80,80,80,80,80,80,80,80,80,80,80,80,80],"card_choices":[{"not_picked":["Brutality","Berserk"],"picked":"Immolate","floor":0.0},{"not_picked":["Flex","Blood for Blood"],"picked":"Flame Barrier","floor":1.0},{"not_picked":["Shrug It Off","Anger"],"picked":"Rampage","floor":3.0},{"not_picked":["Fire Breathing","Spot Weakness"],"picked":"Headbutt","floor":4.0},{"not_picked":["Warcry","Inflame"],"picked":"Sword Boomerang","floor":5.0},{"not_picked":["Evolve","Rage"],"picked":"Headbutt","floor":7.0},{"not_picked":["Shrug It Off","Infernal Blade"],"picked":"Reckless Charge+1","floor":8.0},{"not_picked":["Combust","Havoc"],"picked":"Uppercut+1","floor":10.0},{"not_picked":["Armaments","Metallicize"],"picked":"Immolate+1","floor":11.0},{"not_picked":["Rage","Armaments"],"picked":"Cleave+1","floor":12.0},{"not_picked":["Iron Wave+1","Warcry"],"picked":"Twin Strike+1","floor":13.0},{"not_picked":["Perfected Strike+1","Sentinel"],"picked":"Pummel+1","floor":14.0},{"not_picked":["Demon Form","Dark Embrace"],"picked":"Brutality","floor":16.0},{"not_picked":["Whirlwind+1","Flex"],"picked":"Thunderclap+1","floor":18.0},{"not_picked":["Havoc","Sever Soul+1"],"picked":"Twin Strike+1","floor":19.0},{"not_picked":["Heavy Blade+1","Perfected Strike+1"],"picked":"Sword Boomerang+1","floor":20.0},{"not_picked":["Anger+1","Flex"],"picked":"Sword Boomerang+1","floor":21.0},{"not_picked":["Cleave+1","Sword Boomerang+1"],"picked":"Evolve","floor":22.0},{"not_picked":["Iron Wave+1","Twin Strike+1"],"picked":"Thunderclap+1","floor":23.0},{"not_picked":["Wild Strike+1","Metallicize"],"picked":"Flex+1","floor":27.0},{"not_picked":["Armaments+1","Metallicize"],"picked":"Pommel Strike+1","floor":28.0},{"not_picked":["Shockwave","Warcry"],"picked":"Flex+1","floor":30.0},{"not_picked":["Entrench+1","Seeing Red"],"picked":"Pummel+1","floor":31.0},{"not_picked":["Brutality","Immolate+1"],"picked":"Bludgeon+1","floor":33.0},{"not_picked":["Dropkick+1","Infernal Blade+1"],"picked":"Rage+1","floor":35.0},{"not_picked":["Twin Strike+1","Shrug It Off+1"],"picked":"Havoc+1","floor":36.0},{"not_picked":["Havoc+1","Shrug It Off+1"],"picked":"Headbutt+1","floor":42.0},{"not_picked":["Rampage+1","Fire Breathing+1"],"picked":"Heavy Blade+1","floor":44.0},{"not_picked":["Anger+1","Warcry"],"picked":"Rage+1","floor":45},{"not_picked":["Havoc","Metallicize+1"],"picked":"Twin Strike+1","floor":46}],"player_experience":108249,"relics_obtained":[{"floor":7.0,"key":"Molten Egg 2"},{"floor":8.0,"key":"Odd Mushroom"},{"floor":9.0,"key":"Mercury Hourglass"},{"floor":11.0,"key":"Matryoshka"},{"floor":23.0,"key":"MawBank"},{"floor":26.0,"key":"Whetstone"},{"floor":28.0,"key":"Darkstone Periapt"},{"floor":43.0,"key":"Frozen Egg 2"},{"floor":43.0,"key":"Sundial"}],"event_choices":[{"damage_healed":0.0,"max_hp_gain":0.0,"max_hp_loss":0.0,"gold_gain":0.0,"event_name":"Scrap Ooze","player_choice":"Success","floor":2.0,"gold_loss":0.0,"damage_taken":7.0,"relics_obtained":["Self Forming Clay"]},{"damage_healed":0.0,"max_hp_gain":0.0,"max_hp_loss":0.0,"gold_gain":0.0,"event_name":"Mushrooms","player_choice":"Fought Mushrooms","floor":8.0,"gold_loss":0.0,"damage_taken":0.0},{"damage_healed":0.0,"max_hp_gain":0.0,"max_hp_loss":0.0,"gold_gain":0.0,"event_name":"Tomb of Lord Red Mask","player_choice":"Paid","floor":38.0,"gold_loss":50.0,"damage_taken":0.0,"relics_obtained":["Red Mask"]},{"cards_removed":["Evolve"],"damage_healed":0.0,"max_hp_gain":0.0,"max_hp_loss":0.0,"gold_gain":0.0,"event_name":"Falling","player_choice":"Removed Power","floor":39.0,"gold_loss":0.0,"damage_taken":0.0}],"is_beta":false,"boss_relics":[{"not_picked":["Empty Cage","Calling Bell"],"picked":"Black Blood"},{"not_picked":["Astrolabe","Busted Crown"],"picked":"White Beast Statue"}],"items_purged_floors":[25],"is_endless":false,"potions_floor_spawned":[1,7,11,14,16,19,23,30,31,35,36,42,44,45,46],"killed_by":"Giant Head","ascension_level":1}