{"gold_per_floor":[114,64,64,84,96,123,0,32,32,67,67,67,80,96,96,197,197,209,223,236,30,30],"floor_reached":22,"playtime":793,"items_purged":["Strike_R"],"score":293,"play_id":"c0e4910b-475a-4314-b739-93bd16bd631f","local_time":"25610724235756","is_ascension_mode":true,"campfire_choices":[{"data":"Rampage","floor":15.0,"key":"SMITH"}],"neow_cost":"CURSE","seed_source_timestamp":0,"circlet_count":0,"master_deck":["Strike_R","Strike_R","Defend_R","Defend_R","Defend_R","Bash","Thunderclap","Rampage+1","Metallicize","Reaper","Cleave","Ghostly Armor","Metallicize","Feed","Hemokinesis+1","Perfected Strike+1","Burning Pact+1","Rage+1"],"special_seed":0,"relics":["Burning Blood","Paper Frog","Calipers","Bird Faced Urn","Gremlin Horn","Astrolabe","HandDrill"],"potions_floor_usage":[],"damage_taken":[{"damage":19.0,"enemies":"Jaw Worm","floor":1.0,"turns":3.0},{"damage":7.0,"enemies":"2 Louse","floor":4.0,"turns":2.0},{"damage":1.0,"enemies":"Cultist","floor":5.0,"turns":3.0},{"damage":27.0,"enemies":"3 Sentries","floor":6.0,"turns":7.0},{"damage":34.0,"enemies":"Lagavulin","floor":8.0,"turns":7.0},{"damage":31.0,"enemies":"Gremlin Nob","floor":10.0,"turns":5.0},{"damage":13.0,"enemies":"Blue Slaver","floor":13.0,"turns":5.0},{"damage":14.0,"enemies":"2 Fungi Beasts","floor":14.0,"turns":5.0},{"damage":25.0,"enemies":"Slime Boss","floor":16.0,"turns":10.0},{"damage":18.0,"enemies":"Spheric Guardian","floor":18.0,"turns":5.0},{"damage":76,"enemies":"3 Byrds","floor":19,"turns":7},{"damage":20,"enemies":"Snecko","floor":20,"turns":4},{"damage":18,"enemies":"Snake Plant","floor":22,"turns":1}],"seed_played":"1474635393108266206","potions_obtained":[{"floor":1.0,"key":"Energy Potion"},{"floor":4.0,"key":"LiquidBronze"},{"floor":10.0,"key":"Dexterity Potion"},{"floor":13.0,"key":"Energy Potion"},{"floor":16.0,"key":"Swift Potion"},{"floor":20,"key":"Dexterity Potion"}],"is_trial":false,"path_per_floor":["M","?","?","M","M","E","$","E","T","E","?","$","M","M","R","B",null,"M","M","M","$"],"character_chosen":"IRONCLAD","items_purchased":["Cleave","HandDrill"],"campfire_rested":0,"item_purchase_floors":[7,21],"current_hp_per_floor":[75,75,75,74,79,58,58,37,37,14,46,46,45,55,55,50,85,77,23,16,16,0],"gold":30,"neow_bonus":"TWENTY_PERCENT_HP_BONUS","is_prod":false,"is_daily":false,"chose_seed":false,"campfire_upgraded":1,"win_rate":0,"timestamp":1532451476,"path_taken":["M","?","?","M","M","E","?","E","T","E","?","?","?","M","R","BOSS","M","M","M","$","M"],"build_version":"2018-07-19v2","purchased_purges":1,"victory":false,"max_hp_per_floor":[96,96,96,96,96,96,96,96,96,96,96,96,96,96,96,96,96,96,99,102,102,102],"card_choices":[{"not_picked":["Feel No Pain","Clash"],"picked":"Thunderclap","floor":1.0},{"not_picked":["Power Through","Battle Trance"],"picked":"Rampage","floor":4.0},{"not_picked":["Sword Boomerang","Sentinel"],"picked":"Metallicize","floor":5.0},{"not_picked":["Battle Trance","Body Slam"],"picked":"Reaper","floor":6.0},{"not_picked":["Sever Soul","Carnage"],"picked":"Ghostly Armor","floor":8.0},{"not_picked":["Intimidate","Pommel Strike","Dropkick"],"picked":"SKIP","floor":10.0},{"not_picked":["Headbutt","Wild Strike"],"picked":"Metallicize","floor":13.0},{"not_picked":["Dual Wield","Combust","Havoc"],"picked":"SKIP","floor":14.0},{"not_picked":["Bludgeon","Barricade"],"picked":"Feed","floor":16.0},{"not_picked":["Bloodletting+1","Anger","Cleave"],"picked":"SKIP","floor":18.0},{"not_picked":["Battle Trance","Warcry","Hemokinesis"],"picked":"SKIP","floor":19},{"not_picked":["Heavy Blade","True Grit"],"picked":"Rage+1","floor":20}],"player_experience":132930,"relics_obtained":[{"floor":6.0,"key":"Paper Frog"},{"floor":8.0,"key":"Calipers"},{"floor":9.0,"key":"Bird Faced Urn"},{"floor":10.0,"key":"Gremlin Horn"}],"event_choices":[{"event_name":"The Cleric","player_choice":"Card Removal","floor":2.0,"damage_taken":0.0},{"event_name":"Liars Game","player_choice":"disagreed","floor":3.0,"damage_taken":0.0},{"event_name":"Big Fish","player_choice":"Banana","floor":11.0,"damage_taken":0.0}],"is_beta":false,"boss_relics":[{"not_picked":["Snecko Eye","Velvet Choker"],"picked":"Astrolabe"}],"items_purged_floors":[7],"is_endless":false,"potions_floor_spawned":[1,4,10,13,16,20],"killed_by":"Snake Plant","ascension_level":6}