{"gold_per_floor":[118,136,136,149,149,175,190,218,241,241,259,259,286,299,299,396,396,411,411,428,438,457,457,490,490,490,94,104,122,22,351,351,453,453,468,483,483,493,65,65,75,108,108,208,208,227,227,19,19,19],"floor_reached":51,"playtime":1575,"items_purged":["Strike_R","Strike_R"],"score":896,"play_id":"69065e32-f94a-4019-9d37-69119ff0b7e9","local_time":"25611029203500","is_ascension_mode":true,"campfire_choices":[{"data":"Whirlwind","floor":10.0,"key":"SMITH"},{"data":"Infernal Blade","floor":12.0,"key":"SMITH"},{"data":"Spot Weakness","floor":15,"key":"SMITH"},{"data":"Armaments","floor":23,"key":"SMITH"},{"data":"Double Tap","floor":25,"key":"SMITH"},{"floor":32,"key":"REST"},{"data":"Immolate","floor":40,"key":"SMITH"},{"floor":45,"key":"REST"},{"data":"Metallicize","floor":49,"key":"SMITH"}],"neow_cost":"NONE","seed_source_timestamp":19785480017613,"circlet_count":0,"master_deck":["Strike_R+1","Strike_R+1","Defend_R","Defend_R","Defend_R","Defend_R","Bash","Whirlwind+1","Warcry","Shrug It Off","Infernal Blade+1","True Grit","Intimidate","Spot Weakness+1","Evolve","Double Tap+1","Armaments+1","Juggernaut","Infernal Blade+1","Spot Weakness+1","Immolate+1","Flex","Burning Pact","Metallicize+1","Sword Boomerang","Bloodletting+1","Cleave+1"],"special_seed":0,"relics":["Burning Blood","Bag of Marbles","Whetstone","Orichalcum","Potion Belt","Pen Nib","Mark of Pain","Enchiridion","Meat on the Bone","StoneCalendar","Matryoshka","Old Coin","Busted Crown","Mercury Hourglass","Charon\u0027s Ashes","Ancient Tea Set","Centennial Puzzle","Blood Vial","Paper Frog","Lee\u0027s Waffle"],"potions_floor_usage":[16,24,28,31,31,33,36,41,50,50],"damage_taken":[{"damage":0.0,"enemies":"2 Louse","floor":1.0,"turns":3.0},{"damage":7.0,"enemies":"Small Slimes","floor":2.0,"turns":4.0},{"damage":1.0,"enemies":"Cultist","floor":4.0,"turns":3.0},{"damage":25.0,"enemies":"3 Sentries","floor":6.0,"turns":9.0},{"damage":9.0,"enemies":"Looter","floor":7.0,"turns":3.0},{"damage":32.0,"enemies":"Lagavulin","floor":8.0,"turns":6.0},{"damage":0.0,"enemies":"2 Fungi Beasts","floor":11.0,"turns":1.0},{"damage":0.0,"enemies":"3 Sentries","floor":13.0,"turns":2.0},{"damage":3.0,"enemies":"Red Slaver","floor":14.0,"turns":3.0},{"damage":27,"enemies":"Hexaghost","floor":16,"turns":8},{"damage":19,"enemies":"Spheric Guardian","floor":18,"turns":4},{"damage":5,"enemies":"2 Thieves","floor":20,"turns":2},{"damage":2,"enemies":"Cultist and Chosen","floor":21,"turns":3},{"damage":0,"enemies":"Centurion and Healer","floor":22,"turns":1},{"damage":35,"enemies":"Gremlin Leader","floor":24,"turns":6},{"damage":0,"enemies":"Sentry and Sphere","floor":28,"turns":3},{"damage":13,"enemies":"Snecko","floor":29,"turns":4},{"damage":1,"enemies":"Slavers","floor":31,"turns":3},{"damage":71,"enemies":"Collector","floor":33,"turns":8},{"damage":19,"enemies":"3 Darklings","floor":35,"turns":4},{"damage":8,"enemies":"3 Shapes","floor":36,"turns":2},{"damage":21,"enemies":"Maw","floor":38,"turns":6},{"damage":16,"enemies":"3 Darklings","floor":41,"turns":3},{"damage":37,"enemies":"Reptomancer","floor":42,"turns":4},{"damage":7,"enemies":"Sphere and 2 Shapes","floor":46,"turns":2},{"damage":54,"enemies":"Time Eater","floor":50,"turns":5}],"seed_played":"2798531694789552370","potions_obtained":[{"floor":1.0,"key":"SteroidPotion"},{"floor":2.0,"key":"Dexterity Potion"},{"floor":7.0,"key":"Strength Potion"},{"floor":14.0,"key":"GamblersBrew"},{"floor":16,"key":"Strength Potion"},{"floor":18,"key":"GamblersBrew"},{"floor":22,"key":"SteroidPotion"},{"floor":29,"key":"Strength Potion"},{"floor":31,"key":"Explosive Potion"},{"floor":36,"key":"AttackPotion"},{"floor":41,"key":"SpeedPotion"},{"floor":46,"key":"Swift Potion"}],"is_trial":false,"path_per_floor":["M","M","?","M","?","E","M","E","T","R","M","R","E","M","R","B",null,"M","?","M","M","M","R","E","R","T","$","M","M","$","E","R","B",null,"M","M","?","M","$","R","M","E","T","?","R","M","T","$","R","B"],"character_chosen":"IRONCLAD","items_purchased":["Matryoshka","BloodPotion","Mercury Hourglass","Strength Potion","Metallicize","Sword Boomerang","Lee\u0027s Waffle"],"campfire_rested":2,"item_purchase_floors":[27,27,39,39,39,39,48],"current_hp_per_floor":[80,79,84,85,85,66,63,37,37,37,43,43,49,52,52,31,85,72,56,57,61,67,67,38,38,38,38,56,49,49,54,79,26,85,72,78,78,63,63,63,53,34,34,34,59,58,58,92,92,56],"gold":19,"neow_bonus":"RANDOM_COMMON_RELIC","is_prod":false,"is_daily":false,"chose_seed":false,"campfire_upgraded":7,"win_rate":1,"timestamp":1540820100,"path_taken":["M","M","?","M","?","E","M","E","T","R","M","R","E","M","R","BOSS","M","?","M","M","M","R","E","R","T","$","M","M","$","E","R","BOSS","M","M","?","M","$","R","?","E","T","?","R","?","?","$","R","BOSS"],"build_version":"2018-10-25v2","purchased_purges":2,"victory":true,"max_hp_per_floor":[80,80,85,85,85,85,85,85,85,85,85,85,85,85,85,85,85,85,85,85,85,85,85,85,85,85,85,85,85,85,85,85,85,85,85,85,85,85,85,85,85,85,85,85,85,85,85,92,92,92],"card_choices":[{"not_picked":["Corruption","Headbutt"],"picked":"Whirlwind","floor":1.0},{"not_picked":["Body Slam","Entrench"],"picked":"Warcry","floor":2.0},{"not_picked":["Warcry","Clothesline"],"picked":"Shrug It Off","floor":4.0},{"not_picked":["Sever Soul","Bloodletting","True Grit"],"picked":"SKIP","floor":6.0},{"not_picked":["Rupture","Clothesline"],"picked":"True Grit","floor":7.0},{"not_picked":["Ghostly Armor","Bloodletting"],"picked":"Intimidate","floor":8.0},{"not_picked":["Iron Wave","Thunderclap","Uppercut"],"picked":"SKIP","floor":11.0},{"not_picked":["True Grit","Whirlwind"],"picked":"Spot Weakness","floor":13.0},{"not_picked":["Hemokinesis","Body Slam"],"picked":"Evolve","floor":14.0},{"not_picked":["Fiend Fire","Offering"],"picked":"Double Tap","floor":16},{"not_picked":["True Grit","Power Through","Infernal Blade"],"picked":"SKIP","floor":18},{"not_picked":["Armaments","Twin Strike","Headbutt"],"picked":"SKIP","floor":20},{"not_picked":["True Grit","Rupture"],"picked":"Armaments","floor":21},{"not_picked":["Perfected Strike","Reckless Charge"],"picked":"Juggernaut","floor":22},{"not_picked":["Bloodletting","Whirlwind","Anger"],"picked":"SKIP","floor":24},{"not_picked":["Perfected Strike","Warcry","Armaments"],"picked":"SKIP","floor":28},{"not_picked":["Blood for Blood","Clothesline"],"picked":"Infernal Blade+1","floor":29},{"not_picked":["Whirlwind","Body Slam+1"],"picked":"Spot Weakness+1","floor":31},{"not_picked":["Berserk","Demon Form"],"picked":"Immolate","floor":33},{"not_picked":[],"picked":"Flex","floor":35},{"not_picked":[],"picked":"Burning Pact","floor":36},{"not_picked":["Warcry"],"picked":"SKIP","floor":38},{"not_picked":["Perfected Strike"],"picked":"SKIP","floor":41},{"not_picked":[],"picked":"Bloodletting+1","floor":42},{"not_picked":[],"picked":"Cleave+1","floor":46}],"player_experience":6952,"relics_obtained":[{"floor":6.0,"key":"Whetstone"},{"floor":8.0,"key":"Orichalcum"},{"floor":9.0,"key":"Potion Belt"},{"floor":13.0,"key":"Pen Nib"},{"floor":19,"key":"Enchiridion"},{"floor":24,"key":"Meat on the Bone"},{"floor":26,"key":"StoneCalendar"},{"floor":31,"key":"Old Coin"},{"floor":42,"key":"Charon\u0027s Ashes"},{"floor":43,"key":"Ancient Tea Set"},{"floor":43,"key":"Centennial Puzzle"},{"floor":47,"key":"Blood Vial"},{"floor":47,"key":"Paper Frog"}],"event_choices":[{"damage_healed":0.0,"max_hp_gain":5.0,"max_hp_loss":0.0,"gold_gain":0.0,"event_name":"Big Fish","player_choice":"Donut","floor":3.0,"gold_loss":0.0,"damage_taken":0.0},{"damage_healed":0.0,"max_hp_gain":0.0,"max_hp_loss":0.0,"gold_gain":0.0,"cards_transformed":["Strike_R"],"event_name":"Transmorgrifier","player_choice":"Transformed","floor":5.0,"gold_loss":0.0,"damage_taken":0.0,"cards_obtained":["Infernal Blade"]},{"damage_healed":0,"gold_gain":0,"player_choice":"Obtained Book","damage_taken":16,"max_hp_gain":0,"max_hp_loss":0,"event_name":"Cursed Tome","floor":19,"gold_loss":0},{"damage_healed":0,"gold_gain":0,"player_choice":"Ignored","damage_taken":0,"max_hp_gain":0,"max_hp_loss":0,"event_name":"Tomb of Lord Red Mask","floor":37,"gold_loss":0},{"damage_healed":0,"gold_gain":100,"player_choice":"Pray","damage_taken":0,"max_hp_gain":0,"max_hp_loss":0,"event_name":"Golden Shrine","floor":44,"gold_loss":0}],"is_beta":false,"boss_relics":[{"not_picked":["Coffee Dripper","Cursed Key"],"picked":"Mark of Pain"},{"not_picked":["Fusion Hammer","Velvet Choker"],"picked":"Busted Crown"}],"items_purged_floors":[27,30],"is_endless":false,"potions_floor_spawned":[1,2,7,14,16,18,22,29,31,36,41,46],"ascension_level":3}