{"gold_per_floor":[112,132,149,149,165,177,177,249,249,280,280,293,307,108,108,208,208,223,223,241,261,94,94,123,123,123,138,138],"floor_reached":28,"playtime":2219,"items_purged":["Strike_R"],"score":254,"play_id":"e70c0d6a-bb6a-4259-bcae-04c72e645761","local_time":"20190327000648","is_ascension_mode":true,"campfire_choices":[{"floor":11,"key":"REST"},{"data":"Armaments","floor":15,"key":"SMITH"},{"floor":23,"key":"REST"}],"neow_cost":"NONE","seed_source_timestamp":43826665056154,"circlet_count":0,"master_deck":["Strike_R","Strike_R","Strike_R","Strike_R","Defend_R","Defend_R","Defend_R","Defend_R","Bash","Searing Blow+1","Shrug It Off","Armaments+1","Cleave","Demon Form","Clash","Uppercut","Shockwave","Reaper","Heavy Blade","Double Tap","Flame Barrier","Panacea"],"relics":["Black Blood","Centennial Puzzle","Ornamental Fan","Prayer Wheel","Brimstone","Dodecahedron","Singing Bowl","Ice Cream"],"potions_floor_usage":[6,27],"damage_taken":[{"damage":0,"enemies":"Small Slimes","floor":1,"turns":3},{"damage":3,"enemies":"2 Louse","floor":2,"turns":3},{"damage":0,"enemies":"Jaw Worm","floor":3,"turns":5},{"damage":0,"enemies":"Red Slaver","floor":5,"turns":5},{"damage":1,"enemies":"Large Slime","floor":6,"turns":8},{"damage":36,"enemies":"Lagavulin","floor":10,"turns":11},{"damage":3,"enemies":"Exordium Wildlife","floor":12,"turns":4},{"damage":4,"enemies":"2 Fungi Beasts","floor":13,"turns":4},{"damage":7,"enemies":"Slime Boss","floor":16,"turns":6},{"damage":33,"enemies":"Spheric Guardian","floor":18,"turns":4},{"damage":59,"enemies":"3 Byrds","floor":20,"turns":5},{"damage":34,"enemies":"Shelled Parasite and Fungi","floor":21,"turns":5},{"damage":28,"enemies":"Gremlin Leader","floor":24,"turns":5},{"damage":11,"enemies":"Snake Plant","floor":27,"turns":3},{"damage":63,"enemies":"Slavers","floor":28,"turns":4}],"seed_played":"-5844336103092322597","potions_obtained":[{"floor":1,"key":"FearPotion"},{"floor":5,"key":"Block Potion"},{"floor":10,"key":"Swift Potion"},{"floor":24,"key":"Fire Potion"},{"floor":27,"key":"Weak Potion"}],"is_trial":false,"path_per_floor":["M","M","M","$","M","M","?","?","T","E","R","M","M","$","R","B",null,"M","?","M","M","$","R","E","T","T","M","E"],"character_chosen":"IRONCLAD","items_purchased":["Brimstone","Panacea"],"campfire_rested":2,"item_purchase_floors":[14,22],"current_hp_per_floor":[80,80,80,80,80,80,80,80,80,50,74,77,79,79,79,78,80,73,73,36,24,24,48,30,30,30,45,0],"gold":138,"neow_bonus":"RANDOM_COMMON_RELIC","is_prod":false,"is_daily":false,"chose_seed":false,"campfire_upgraded":1,"win_rate":0,"timestamp":1553645208,"path_taken":["M","M","M","$","M","M","?","?","T","E","R","M","M","$","R","BOSS","M","?","M","M","$","R","E","?","T","?","E"],"build_version":"2019-01-23","purchased_purges":1,"victory":false,"max_hp_per_floor":[80,80,80,80,80,80,80,80,80,80,80,80,80,80,80,80,80,80,80,80,80,80,80,80,80,80,84,84],"card_choices":[{"not_picked":["Seeing Red","Iron Wave"],"picked":"Searing Blow","floor":1},{"not_picked":["Wild Strike","Burning Pact"],"picked":"Shrug It Off","floor":2},{"not_picked":["Shrug It Off","Thunderclap"],"picked":"Armaments","floor":3},{"not_picked":["Wild Strike","Sword Boomerang","Burning Pact"],"picked":"SKIP","floor":5},{"not_picked":["Armaments","Power Through"],"picked":"Cleave","floor":6},{"not_picked":["Inflame","Body Slam"],"picked":"Demon Form","floor":10},{"not_picked":["Armaments","Thunderclap"],"picked":"Clash","floor":12},{"not_picked":["Headbutt","Perfected Strike"],"picked":"Uppercut","floor":12},{"not_picked":["Demon Form","Iron Wave"],"picked":"Shockwave","floor":13},{"not_picked":["Perfected Strike","Headbutt","Sword Boomerang"],"picked":"SKIP","floor":13},{"not_picked":["Barricade","Double Tap"],"picked":"Reaper","floor":16},{"not_picked":["Uppercut+1","Infernal Blade+1"],"picked":"Heavy Blade","floor":18},{"not_picked":["Clothesline","Perfected Strike+1","Headbutt"],"picked":"SKIP","floor":18},{"not_picked":["Iron Wave+1","Wild Strike+1"],"picked":"Flame Barrier","floor":20},{"not_picked":["Sever Soul","Iron Wave","Inflame"],"picked":"SKIP","floor":20},{"not_picked":["Body Slam+1","Searing Blow","Ghostly Armor"],"picked":"SKIP","floor":21},{"not_picked":["Rage","Body Slam","Evolve"],"picked":"SKIP","floor":21},{"not_picked":["Shockwave","Anger","Sword Boomerang"],"picked":"SKIP","floor":24},{"not_picked":["Pummel","Shrug It Off","Sever Soul+1"],"picked":"Singing Bowl","floor":27},{"not_picked":["Warcry+1","Shrug It Off","Iron Wave+1"],"picked":"Singing Bowl","floor":27}],"player_experience":424799,"relics_obtained":[{"floor":9,"key":"Ornamental Fan"},{"floor":10,"key":"Prayer Wheel"},{"floor":24,"key":"Dodecahedron"},{"floor":25,"key":"Singing Bowl"},{"floor":26,"key":"Ice Cream"}],"event_choices":[{"damage_healed":0,"gold_gain":0,"player_choice":"Grow","damage_taken":0,"max_hp_gain":0,"max_hp_loss":0,"event_name":"Living Wall","floor":7,"gold_loss":0,"cards_upgraded":["Searing Blow"]},{"damage_healed":0,"gold_gain":72,"player_choice":"Gained Gold","damage_taken":0,"max_hp_gain":0,"max_hp_loss":0,"event_name":"Golden Wing","floor":8,"gold_loss":0},{"damage_healed":0,"gold_gain":0,"player_choice":"Read","damage_taken":0,"max_hp_gain":0,"max_hp_loss":0,"event_name":"The Library","floor":19,"gold_loss":0,"cards_obtained":["Double Tap"]}],"is_beta":false,"boss_relics":[{"not_picked":["Empty Cage","Eternal Feather"],"picked":"Black Blood"}],"items_purged_floors":[22],"is_endless":false,"potions_floor_spawned":[1,5,10,24,27],"killed_by":"Slavers","ascension_level":1}