{"gold_per_floor":[109,74,86,106,175,175,201,201,201,234,234,234,252,37,37,108,108,124,142,67,67,67,98,98,108,133,133,147,167,185,185,185,257,257,270,289,299,72,72,72,52,52,52,64,64,84,95,110,110,110],"floor_reached":51,"playtime":3572,"items_purged":["Blood for Blood"],"score":1257,"play_id":"b676e8c7-0734-45f7-8804-a95cfb595f68","local_time":"20190123025843","is_ascension_mode":true,"campfire_choices":[{"data":"Bash","floor":6.0,"key":"SMITH"},{"data":"Sword Boomerang","floor":8.0,"key":"SMITH"},{"data":"Metallicize","floor":12.0,"key":"SMITH"},{"data":"Flame Barrier","floor":15.0,"key":"SMITH"},{"floor":24,"key":"REST"},{"data":"Barricade","floor":27,"key":"SMITH"},{"floor":32,"key":"REST"},{"data":"Secret Weapon","floor":40,"key":"SMITH"},{"data":"Juggernaut","floor":42,"key":"SMITH"},{"data":"Evolve","floor":45,"key":"SMITH"},{"floor":49,"key":"REST"}],"neow_cost":"NONE","seed_source_timestamp":158536034580330,"circlet_count":0,"master_deck":["AscendersBane","Bash+1","Metallicize","Sword Boomerang+1","Metallicize+1","Thunderclap","Armaments+1","Flame Barrier+1","Offering","True Grit","Seeing Red","Power Through","Headbutt+1","Barricade+1","Shrug It Off","Double Tap","Battle Trance","Intimidate+1","Exhume","Inflame","Body Slam+1","Power Through","Juggernaut+1","Evolve+1","Secret Weapon+1","Juggernaut"],"special_seed":0,"relics":["Burning Blood","Bronze Scales","Paper Frog","Kunai","Pear","Thread and Needle","Pandora\u0027s Box","Nloth\u0027s Gift","Mercury Hourglass","Happy Flower","Eternal Feather","Whetstone","Ancient Tea Set"],"potions_floor_usage":[23,33,44,50,50],"damage_taken":[{"damage":6.0,"enemies":"Cultist","floor":1.0,"turns":3.0},{"damage":0.0,"enemies":"2 Louse","floor":3.0,"turns":4.0},{"damage":8.0,"enemies":"Small Slimes","floor":4.0,"turns":3.0},{"damage":26.0,"enemies":"Gremlin Nob","floor":7.0,"turns":4.0},{"damage":30.0,"enemies":"3 Sentries","floor":10.0,"turns":8.0},{"damage":0.0,"enemies":"Red Slaver","floor":13.0,"turns":5.0},{"damage":36.0,"enemies":"Slime Boss","floor":16.0,"turns":10.0},{"damage":7.0,"enemies":"Chosen","floor":18.0,"turns":6.0},{"damage":6.0,"enemies":"Spheric Guardian","floor":19.0,"turns":9.0},{"damage":63,"enemies":"Gremlin Leader","floor":23,"turns":8},{"damage":6,"enemies":"Cultist and Chosen","floor":25,"turns":6},{"damage":8,"enemies":"Sentry and Sphere","floor":28,"turns":7},{"damage":12,"enemies":"Snake Plant","floor":29,"turns":4},{"damage":10,"enemies":"Shelled Parasite and Fungi","floor":30,"turns":5},{"damage":6,"enemies":"Automaton","floor":33,"turns":8},{"damage":6,"enemies":"3 Darklings","floor":35,"turns":5},{"damage":6,"enemies":"Orb Walker","floor":36,"turns":4},{"damage":21,"enemies":"Sphere and 2 Shapes","floor":37,"turns":9},{"damage":6,"enemies":"4 Shapes","floor":44,"turns":6},{"damage":6,"enemies":"Maw","floor":46,"turns":7},{"damage":38,"enemies":"Writhing Mass","floor":47,"turns":7},{"damage":18,"enemies":"Spire Growth","floor":48,"turns":6},{"damage":51,"enemies":"Time Eater","floor":50,"turns":9}],"seed_played":"5191212885939073446","potions_obtained":[{"floor":1.0,"key":"SkillPotion"},{"floor":4.0,"key":"Dexterity Potion"},{"floor":10.0,"key":"Explosive Potion"},{"floor":16.0,"key":"Swift Potion"},{"floor":19.0,"key":"Ancient Potion"},{"floor":29,"key":"AttackPotion"},{"floor":30,"key":"Block Potion"},{"floor":33,"key":"Fire Potion"},{"floor":46,"key":"LiquidBronze"}],"is_trial":false,"path_per_floor":["M","$","M","M","T","R","E","R","T","E","?","R","M","$","R","B",null,"M","M","$","?","$","E","R","M","T","R","M","M","M","?","R","B",null,"M","M","M","$","?","R","?","R","T","M","R","M","M","M","R","B",null],"character_chosen":"IRONCLAD","items_purchased":["Metallicize","Flame Barrier","War Paint","Evolve","Whetstone"],"campfire_rested":3,"item_purchase_floors":[2,14,14,38,38],"current_hp_per_floor":[68,68,74,72,72,72,52,52,62,38,38,38,44,44,44,14,67,66,66,66,66,66,9,34,34,34,34,32,26,22,22,47,47,76,76,76,61,61,61,76,76,85,85,85,85,85,53,41,81,36],"gold":110,"neow_bonus":"RANDOM_COMMON_RELIC","is_prod":false,"is_daily":false,"chose_seed":false,"campfire_upgraded":8,"win_rate":0,"timestamp":1548208723,"path_taken":["M","$","?","M","?","R","E","R","T","E","?","R","?","?","R","BOSS","M","M","?","?","$","E","R","?","T","R","M","?","M","?","R","BOSS","M","?","M","$","?","R","?","R","T","M","R","M","M","M","R","BOSS"],"build_version":"2019-01-17v2","purchased_purges":1,"victory":true,"max_hp_per_floor":[75,75,75,75,75,75,75,75,85,85,85,85,85,85,85,85,85,85,85,85,85,85,85,85,85,85,85,85,85,85,85,85,85,85,85,85,85,85,85,85,85,85,85,85,85,85,85,85,85,85],"card_choices":[{"not_picked":["Sentinel","Fire Breathing","Pommel Strike"],"picked":"SKIP","floor":1.0},{"not_picked":["Rupture","Feel No Pain"],"picked":"Sword Boomerang","floor":3.0},{"not_picked":["Feel No Pain","Bloodletting"],"picked":"Metallicize","floor":4.0},{"not_picked":["Warcry","True Grit"],"picked":"Thunderclap","floor":7.0},{"not_picked":["Battle Trance","Heavy Blade"],"picked":"Armaments","floor":10.0},{"not_picked":["Thunderclap","Headbutt","Heavy Blade"],"picked":"SKIP","floor":13.0},{"not_picked":["Berserk","Brutality"],"picked":"Offering","floor":16.0},{"not_picked":["Clash","Havoc"],"picked":"Battle Trance","floor":18.0},{"not_picked":["Fire Breathing","Flex"],"picked":"Intimidate+1","floor":19.0},{"not_picked":["Uppercut","Brutality"],"picked":"Exhume","floor":23},{"not_picked":["True Grit","Wild Strike","Heavy Blade+1"],"picked":"SKIP","floor":25},{"not_picked":["Thunderclap","Armaments","Flex"],"picked":"SKIP","floor":28},{"not_picked":["Wild Strike+1","Uppercut"],"picked":"Inflame","floor":29},{"not_picked":["Twin Strike","Havoc+1"],"picked":"Body Slam","floor":30},{"not_picked":["Fire Breathing","Cleave"],"picked":"Power Through","floor":35},{"not_picked":["Flex","Clash+1","Thunderclap"],"picked":"SKIP","floor":36},{"not_picked":["Second Wind","True Grit"],"picked":"Juggernaut","floor":37},{"not_picked":["Metamorphosis","Discovery"],"picked":"Secret Weapon","floor":39},{"not_picked":["Havoc","Cleave","Clash+1"],"picked":"SKIP","floor":44},{"not_picked":["Havoc","Twin Strike","Clash"],"picked":"SKIP","floor":46},{"not_picked":["Bloodletting+1","True Grit"],"picked":"Juggernaut","floor":47},{"not_picked":["Flex","Thunderclap","Sword Boomerang"],"picked":"SKIP","floor":48}],"player_experience":528294,"relics_obtained":[{"floor":5.0,"key":"Paper Frog"},{"floor":7.0,"key":"Kunai"},{"floor":9.0,"key":"Pear"},{"floor":10.0,"key":"Thread and Needle"},{"floor":23,"key":"Mercury Hourglass"},{"floor":26,"key":"Happy Flower"},{"floor":43,"key":"Ancient Tea Set"}],"event_choices":[{"damage_healed":0.0,"max_hp_gain":0.0,"max_hp_loss":0.0,"gold_gain":0.0,"event_name":"Accursed Blacksmith","player_choice":"Forge","floor":11.0,"gold_loss":0.0,"damage_taken":0.0,"cards_upgraded":["Armaments"]},{"damage_healed":0.0,"max_hp_gain":0.0,"max_hp_loss":0.0,"gold_gain":0.0,"event_name":"N\u0027loth","player_choice":"Traded Relic","floor":21.0,"relics_lost":["War Paint"],"gold_loss":0.0,"damage_taken":0.0,"relics_obtained":["Nloth\u0027s Gift"]},{"cards_removed":["Fiend Fire"],"damage_healed":0,"gold_gain":0,"player_choice":"Purged","damage_taken":0,"max_hp_gain":0,"max_hp_loss":0,"event_name":"Purifier","floor":31,"gold_loss":0},{"damage_healed":0,"gold_gain":0,"player_choice":"Memory 1","damage_taken":0,"max_hp_gain":0,"max_hp_loss":0,"event_name":"SensoryStone","floor":39,"gold_loss":0},{"damage_healed":0,"gold_gain":0,"player_choice":"Bought 1 Potion","damage_taken":0,"max_hp_gain":0,"max_hp_loss":0,"event_name":"The Woman in Blue","floor":41,"gold_loss":0}],"is_beta":false,"boss_relics":[{"not_picked":["Empty Cage","Black Blood"],"picked":"Pandora\u0027s Box"},{"not_picked":["Mark of Pain","Runic Pyramid"],"picked":"Eternal Feather"}],"items_purged_floors":[20],"is_endless":false,"potions_floor_spawned":[1,4,10,16,19,29,30,33,37,46,47,48],"ascension_level":15}