{"gold_per_floor":[118,118,24,24,43,43,74,90,90,29,54,54,73,73,73,178,178,196,215,215,215],"floor_reached":21,"playtime":1751,"items_purged":[],"score":227,"play_id":"51f2037f-0539-44f3-bba4-48bb439a2bb4","local_time":"20181022044606","is_ascension_mode":true,"campfire_choices":[{"data":"Mind Blast","floor":6,"key":"SMITH"},{"floor":12,"key":"REST"},{"floor":15,"key":"REST"}],"neow_cost":"NONE","seed_source_timestamp":59311198188603,"circlet_count":0,"master_deck":["Defend_G","Defend_G","Defend_G","Defend_G","Defend_G","Strike_G+1","Strike_G","Strike_G+1","Strike_G","Survivor","Neutralize","Escape Plan","Finisher","Blade Dance","Mind Blast+1","Terror","Accuracy","Infinite Blades","Backflip","Leg Sweep","Glass Knife","Dagger Spray+1","Leg Sweep"],"relics":["Ring of the Snake","Darkstone Periapt","The Courier","Kunai","Eternal Feather"],"potions_floor_usage":[11,13,18,19,19,20],"damage_taken":[{"damage":1,"enemies":"Jaw Worm","floor":1,"turns":4},{"damage":9,"enemies":"Small Slimes","floor":2,"turns":5},{"damage":12,"enemies":"Cultist","floor":5,"turns":6},{"damage":17,"enemies":"3 Sentries","floor":7,"turns":10},{"damage":0,"enemies":"2 Fungi Beasts","floor":8,"turns":2},{"damage":15,"enemies":"Lagavulin","floor":11,"turns":7},{"damage":9,"enemies":"Red Slaver","floor":13,"turns":4},{"damage":27,"enemies":"Slime Boss","floor":16,"turns":9},{"damage":16,"enemies":"3 Byrds","floor":18,"turns":8},{"damage":18,"enemies":"2 Thieves","floor":19,"turns":4},{"damage":21,"enemies":"Colosseum Slavers","floor":20,"turns":7},{"damage":9,"enemies":"Shelled Parasite and Fungi","floor":21,"turns":3}],"seed_played":"3023221439907880105","potions_obtained":[{"floor":1,"key":"Swift Potion"},{"floor":5,"key":"PowerPotion"},{"floor":7,"key":"GhostInAJar"},{"floor":13,"key":"Poison Potion"},{"floor":14,"key":"Poison Potion"},{"floor":19,"key":"EssenceOfSteel"}],"is_trial":false,"path_per_floor":["M","M","$","?","M","R","E","M","T","$","E","R","M","?","R","B",null,"M","M","?"],"character_chosen":"THE_SILENT","items_purchased":["Mind Blast","Infinite Blades"],"campfire_rested":2,"item_purchase_floors":[3,10],"current_hp_per_floor":[69,60,60,46,34,34,17,17,17,17,2,23,14,14,35,8,70,54,36,15,6],"gold":215,"neow_bonus":"TRANSFORM_CARD","is_prod":false,"is_daily":false,"chose_seed":false,"campfire_upgraded":1,"win_rate":0,"timestamp":1540176366,"path_taken":["M","M","$","?","M","R","E","M","T","$","E","R","M","?","R","BOSS","M","M","?","M"],"build_version":"2018-10-19","purchased_purges":0,"victory":false,"max_hp_per_floor":[70,70,70,70,70,70,70,70,70,70,70,70,70,70,70,70,70,70,70,70,70],"card_choices":[{"not_picked":["Flying Knee","Outmaneuver"],"picked":"Finisher","floor":1},{"not_picked":["Crippling Poison","Dagger Spray"],"picked":"Blade Dance","floor":2},{"not_picked":["Acrobatics","Sucker Punch","Blade Dance"],"picked":"SKIP","floor":5},{"not_picked":["Blade Dance","Quick Slash"],"picked":"Terror","floor":7},{"not_picked":["All Out Attack","Acrobatics"],"picked":"Accuracy","floor":8},{"not_picked":["Venomology","Dodge and Roll"],"picked":"Backflip","floor":11},{"not_picked":["Noxious Fumes","Slice"],"picked":"Leg Sweep","floor":13},{"not_picked":["Bullet Time","Doppelganger"],"picked":"Glass Knife","floor":16},{"not_picked":["Quick Slash","Dagger Throw"],"picked":"Dagger Spray+1","floor":18},{"not_picked":["Outmaneuver","Prepared+1"],"picked":"Leg Sweep","floor":19}],"player_experience":137746,"relics_obtained":[{"floor":7,"key":"Darkstone Periapt"},{"floor":9,"key":"The Courier"},{"floor":11,"key":"Kunai"}],"event_choices":[{"damage_healed":0,"gold_gain":0,"player_choice":"Entered Light","damage_taken":14,"max_hp_gain":0,"max_hp_loss":0,"event_name":"Shining Light","floor":4,"gold_loss":0,"cards_upgraded":["Strike_G","Strike_G"]},{"damage_healed":0,"gold_gain":0,"player_choice":"Got Potions","damage_taken":0,"max_hp_gain":0,"max_hp_loss":0,"event_name":"The Lab","floor":14,"gold_loss":0},{"damage_healed":0,"gold_gain":0,"player_choice":"Fight","damage_taken":0,"max_hp_gain":0,"max_hp_loss":0,"event_name":"Colosseum","floor":20,"gold_loss":0},{"damage_healed":0,"gold_gain":0,"player_choice":"Fled From Nobs","damage_taken":0,"max_hp_gain":0,"max_hp_loss":0,"event_name":"Colosseum","floor":20,"gold_loss":0}],"is_beta":true,"boss_relics":[{"not_picked":["HoveringKite","Philosopher\u0027s Stone"],"picked":"Eternal Feather"}],"items_purged_floors":[],"is_endless":false,"potions_floor_spawned":[1,5,7,8,13,19],"killed_by":"Shelled Parasite and Fungi","ascension_level":4}