{"gold_per_floor":[111,186,204,204,219,246,246,278,348,430,430,448,448,47,47,152,152,170,70,85,85,85,111,111,137,137,167,185,60,86,100,100,200,200,215,215,215,230,80,80,106,106,106,432,463,488,488,516,516,516,516,516,16,49,49],"floor_reached":56,"playtime":2897,"items_purged":["Strike_G","Strike_G","Strike_G","Strike_G"],"score":1871,"play_id":"917761ba-f9b7-4c78-89d3-cd3f6025c4b3","local_time":"20190430011902","is_ascension_mode":true,"campfire_choices":[{"floor":7.0,"key":"REST"},{"data":"Cloak And Dagger","floor":11.0,"key":"SMITH"},{"data":"Neutralize","floor":13.0,"key":"SMITH"},{"data":"A Thousand Cuts","floor":15.0,"key":"SMITH"},{"data":"Burst","floor":24.0,"key":"SMITH"},{"data":"Accuracy","floor":32.0,"key":"SMITH"},{"data":"Cloak And Dagger","floor":40.0,"key":"SMITH"},{"data":"Finisher","floor":42,"key":"SMITH"},{"data":"Cloak And Dagger","floor":47,"key":"SMITH"},{"floor":49,"key":"RECALL"},{"data":"Escape Plan","floor":52,"key":"SMITH"}],"neow_cost":"TEN_PERCENT_HP_LOSS","seed_source_timestamp":8737211963100,"circlet_count":0,"master_deck":["Defend_G","Defend_G","Defend_G","Defend_G","Defend_G","Survivor","Neutralize+1","A Thousand Cuts+1","Cloak And Dagger+1","Accuracy+1","Escape Plan+1","Well Laid Plans+1","Burst+1","Footwork+1","Finisher+1","Cloak And Dagger+1","Backflip","Blade Dance+1","After Image+1","PiercingWail","Cloak And Dagger+1","Cloak And Dagger+1","Cloak And Dagger+1","Prepared+1","Blade Dance+1"],"special_seed":0,"relics":["Ring of the Snake","Bird Faced Urn","Centennial Puzzle","Kunai","Frozen Egg 2","Pantograph","Sozu","Prayer Wheel","WingedGreaves","Oddly Smooth Stone","Potion Belt","Black Star","Mummified Hand","Sundial","Bottled Tornado","Blue Candle","Old Coin","Shuriken","Dead Branch","Dodecahedron","Question Card","Ancient Tea Set","Boot","Calipers","Medical Kit","Happy Flower","Whetstone"],"potions_floor_usage":[],"damage_taken":[{"damage":2.0,"enemies":"Small Slimes","floor":1.0,"turns":5.0},{"damage":0.0,"enemies":"Jaw Worm","floor":3.0,"turns":6.0},{"damage":4.0,"enemies":"Cultist","floor":5.0,"turns":3.0},{"damage":42.0,"enemies":"Gremlin Nob","floor":6.0,"turns":7.0},{"damage":19.0,"enemies":"3 Sentries","floor":8.0,"turns":9.0},{"damage":4.0,"enemies":"Large Slime","floor":12.0,"turns":6.0},{"damage":0.0,"enemies":"The Guardian","floor":16.0,"turns":13.0},{"damage":8.0,"enemies":"Spheric Guardian","floor":18.0,"turns":4.0},{"damage":1.0,"enemies":"Shell Parasite","floor":20.0,"turns":7.0},{"damage":14.0,"enemies":"Slavers","floor":23.0,"turns":5.0},{"damage":15.0,"enemies":"Book of Stabbing","floor":25.0,"turns":5.0},{"damage":12.0,"enemies":"Gremlin Leader","floor":27.0,"turns":5.0},{"damage":10.0,"enemies":"Sentry and Sphere","floor":28.0,"turns":4.0},{"damage":5.0,"enemies":"Slavers","floor":30.0,"turns":4.0},{"damage":5.0,"enemies":"Snake Plant","floor":31.0,"turns":4.0},{"damage":0.0,"enemies":"Champ","floor":33.0,"turns":9.0},{"damage":2.0,"enemies":"3 Darklings","floor":35.0,"turns":3.0},{"damage":0.0,"enemies":"3 Shapes","floor":38.0,"turns":4.0},{"damage":0,"enemies":"Nemesis","floor":41,"turns":5},{"damage":0,"enemies":"Giant Head","floor":44,"turns":6},{"damage":0,"enemies":"Nemesis","floor":45,"turns":3},{"damage":0,"enemies":"Reptomancer","floor":46,"turns":3},{"damage":0,"enemies":"Giant Head","floor":48,"turns":2},{"damage":0,"enemies":"Time Eater","floor":50,"turns":5},{"damage":0,"enemies":"Shield and Spear","floor":54,"turns":2},{"damage":33,"enemies":"The Heart","floor":55,"turns":5}],"seed_played":"-1507382700966471346","potions_obtained":[{"floor":1.0,"key":"Ancient Potion"},{"floor":6.0,"key":"SteroidPotion"}],"is_trial":false,"path_per_floor":["M","?","M","?","M","E","R","E","T","T","R","M","R","$","R","B",null,"M","$","M","?","$","E","R","E","T","E","M","$","E","M","R","B",null,"M","?","?","M","$","R","E","R","T","E","E","E","R","E","R","B",null,"R","$","E","B",null],"character_chosen":"THE_SILENT","items_purchased":["Well Laid Plans+1","Pantograph","Calipers","Medical Kit"],"campfire_rested":1,"item_purchase_floors":[14,14,53,53],"current_hp_per_floor":[61,50,50,50,46,4,22,7,7,7,7,7,7,7,7,38,63,55,55,62,62,62,52,52,45,45,41,39,39,42,45,45,63,63,63,63,63,63,63,63,63,63,63,63,63,63,63,63,63,63,63,63,63,63,46],"gold":49,"neow_bonus":"THREE_RARE_CARDS","is_prod":false,"is_daily":false,"chose_seed":false,"campfire_upgraded":9,"win_rate":0,"timestamp":1556558342,"path_taken":["M","?","M","?","M","E","R","E","T","?","R","M","R","$","R","BOSS","M","$","M","?","$","E","R","E","T","E","M","?","E","M","R","BOSS","M","?","?","?","$","R","E","R","T","E","E","E","R","E","R","BOSS","R","$","E","BOSS"],"build_version":"2019-04-23","purchased_purges":4,"victory":true,"max_hp_per_floor":[63,63,63,63,63,63,63,63,63,63,63,63,63,63,63,63,63,63,63,63,63,63,63,63,63,63,63,63,63,63,63,63,63,63,63,63,63,63,63,63,63,63,63,63,63,63,63,63,63,63,63,63,63,63,63],"card_choices":[{"not_picked":["Envenom","Bullet Time"],"picked":"A Thousand Cuts","floor":0.0},{"not_picked":["Distraction","Catalyst","Deadly Poison"],"picked":"SKIP","floor":1.0},{"not_picked":["Predator","Dagger Throw"],"picked":"Dagger Spray","floor":3.0},{"not_picked":["Deadly Poison","Choke"],"picked":"Cloak And Dagger","floor":5.0},{"not_picked":["Doppelganger","Deadly Poison"],"picked":"Accuracy","floor":6.0},{"not_picked":["Outmaneuver","Caltrops","Flying Knee"],"picked":"SKIP","floor":8.0},{"not_picked":["Reflex","PiercingWail"],"picked":"Escape Plan","floor":12.0},{"not_picked":["Malaise","Adrenaline"],"picked":"Burst","floor":16.0},{"not_picked":["Bouncing Flask","Calculated Gamble"],"picked":"Footwork+1","floor":18.0},{"not_picked":["Bane+1","Flying Knee","Endless Agony"],"picked":"SKIP","floor":20.0},{"not_picked":["Flechettes+1","PiercingWail"],"picked":"Finisher","floor":23.0},{"not_picked":["Deflect","Flying Knee+1","Distraction"],"picked":"SKIP","floor":25.0},{"not_picked":["Eviscerate","Sucker Punch"],"picked":"Cloak And Dagger+1","floor":27.0},{"not_picked":["Masterful Stab","Endless Agony+1"],"picked":"Backflip","floor":28.0},{"not_picked":["Quick Slash","Dagger Throw","Acrobatics"],"picked":"SKIP","floor":28.0},{"not_picked":["Reflex+1","Corpse Explosion","Poisoned Stab"],"picked":"SKIP","floor":30.0},{"not_picked":["Dodge and Roll","Sucker Punch"],"picked":"Blade Dance+1","floor":31.0},{"not_picked":["Outmaneuver+1","Flechettes","Slice"],"picked":"SKIP","floor":31.0},{"not_picked":["Bullet Time","Unload"],"picked":"After Image+1","floor":33.0},{"not_picked":["Slice+1","Prepared","Underhanded Strike"],"picked":"SKIP","floor":35.0},{"not_picked":["Sucker Punch+1","Quick Slash","Deadly Poison"],"picked":"SKIP","floor":35.0},{"not_picked":["Prepared","Die Die Die"],"picked":"Cloak And Dagger","floor":38.0},{"not_picked":["Dagger Spray","Underhanded Strike","Dodge and Roll"],"picked":"SKIP","floor":38.0},{"not_picked":["Eviscerate+1","Expertise","Outmaneuver"],"picked":"SKIP","floor":41},{"not_picked":["Sucker Punch+1","A Thousand Cuts+1","Finisher+1"],"picked":"SKIP","floor":44},{"not_picked":["PiercingWail","Prepared"],"picked":"Cloak And Dagger","floor":45},{"not_picked":["Eviscerate","Corpse Explosion"],"picked":"Cloak And Dagger+1","floor":46},{"not_picked":["Deadly Poison","Quick Slash+1","A Thousand Cuts+1"],"picked":"Prepared+1","floor":48},{"not_picked":["Sucker Punch+1","Caltrops+1","Crippling Poison+1"],"picked":"Blade Dance+1","floor":54}],"player_experience":1412974,"relics_obtained":[{"floor":6.0,"key":"Bird Faced Urn"},{"floor":8.0,"key":"Centennial Puzzle"},{"floor":9.0,"key":"Kunai"},{"floor":10.0,"key":"Frozen Egg 2"},{"floor":23.0,"key":"Prayer Wheel"},{"floor":25.0,"key":"WingedGreaves"},{"floor":27.0,"key":"Oddly Smooth Stone"},{"floor":30.0,"key":"Potion Belt"},{"floor":41,"key":"Mummified Hand"},{"floor":41,"key":"Sundial"},{"floor":43,"key":"Bottled Tornado"},{"floor":44,"key":"Blue Candle"},{"floor":44,"key":"Old Coin"},{"floor":45,"key":"Shuriken"},{"floor":45,"key":"Dead Branch"},{"floor":46,"key":"Dodecahedron"},{"floor":46,"key":"Question Card"},{"floor":48,"key":"Ancient Tea Set"},{"floor":48,"key":"Boot"},{"floor":54,"key":"Happy Flower"},{"floor":54,"key":"Whetstone"}],"event_choices":[{"damage_healed":0.0,"max_hp_gain":0.0,"max_hp_loss":0.0,"gold_gain":75.0,"event_name":"World of Goop","player_choice":"Gather Gold","floor":2.0,"gold_loss":0.0,"damage_taken":11.0},{"damage_healed":0.0,"max_hp_gain":0.0,"max_hp_loss":0.0,"gold_gain":0.0,"event_name":"Liars Game","player_choice":"Ignored","floor":4.0,"gold_loss":0.0,"damage_taken":0.0},{"damage_healed":0.0,"max_hp_gain":0.0,"max_hp_loss":0.0,"gold_gain":0.0,"event_name":"The Woman in Blue","player_choice":"Bought 0 Potions","floor":21.0,"gold_loss":0.0,"damage_taken":0.0},{"cards_removed":["Dagger Spray"],"damage_healed":0.0,"max_hp_gain":0.0,"max_hp_loss":0.0,"gold_gain":0.0,"event_name":"Falling","player_choice":"Removed Attack","floor":36.0,"gold_loss":0.0,"damage_taken":0.0},{"damage_healed":0.0,"max_hp_gain":0.0,"max_hp_loss":0.0,"gold_gain":0.0,"cards_transformed":["Strike_G"],"event_name":"Transmorgrifier","player_choice":"Transformed","floor":37.0,"gold_loss":0.0,"damage_taken":0.0,"cards_obtained":["PiercingWail"]}],"is_beta":true,"boss_relics":[{"not_picked":["Calling Bell","Runic Pyramid"],"picked":"Sozu"},{"not_picked":["Orrery","Astrolabe"],"picked":"Black Star"}],"items_purged_floors":[14,19,29,39],"is_endless":false,"potions_floor_spawned":[1,6,18,20,30,41,45,46,48,54],"ascension_level":1}