{"gold_per_floor":[114,114,127,143,154,188,188,218,218,218,230,230,248,282,282,357,357,371,386,386,397,412,412,443,453,530,530],"floor_reached":27,"playtime":1566,"items_purged":[],"score":664,"play_id":"679afb22-8270-4657-b5f9-6581a7e64b7d","local_time":"20180928110051","daily_mods":["SealedDeck"],"is_ascension_mode":true,"campfire_choices":[{"data":"Prepared","floor":7,"key":"SMITH"},{"data":"Terror","floor":10,"key":"SMITH"},{"data":"Footwork","floor":15,"key":"SMITH"},{"data":"A Thousand Cuts","floor":23,"key":"SMITH"}],"neow_cost":"","seed_source_timestamp":0,"circlet_count":0,"master_deck":["AscendersBane","Prepared+1","Tactician","Dagger Throw","Footwork+1","Sucker Punch","Backflip","Cloak And Dagger","Leg Sweep","Flying Knee","Dagger Spray+1","Escape Plan","Terror+1","Blur","A Thousand Cuts+1","After Image"],"relics":["Ring of the Snake","Orichalcum","Letter Opener","Mercury Hourglass","Runic Pyramid","Bottled Lightning","Blue Candle"],"potions_floor_usage":[6,14,16,24],"damage_taken":[{"damage":0,"enemies":"Small Slimes","floor":1,"turns":4},{"damage":0,"enemies":"Jaw Worm","floor":3,"turns":2},{"damage":0,"enemies":"Cultist","floor":4,"turns":2},{"damage":0,"enemies":"Exordium Thugs","floor":5,"turns":3},{"damage":0,"enemies":"3 Sentries","floor":6,"turns":4},{"damage":0,"enemies":"Lagavulin","floor":8,"turns":6},{"damage":0,"enemies":"Red Slaver","floor":11,"turns":2},{"damage":0,"enemies":"Looter","floor":13,"turns":3},{"damage":0,"enemies":"3 Sentries","floor":14,"turns":6},{"damage":2,"enemies":"Hexaghost","floor":16,"turns":9},{"damage":2,"enemies":"3 Byrds","floor":18,"turns":2},{"damage":4,"enemies":"Shell Parasite","floor":19,"turns":4},{"damage":13,"enemies":"Sentry and Sphere","floor":21,"turns":4},{"damage":3,"enemies":"Centurion and Healer","floor":22,"turns":5},{"damage":15,"enemies":"Book of Stabbing","floor":24,"turns":5},{"damage":5,"enemies":"Snake Plant","floor":25,"turns":4},{"damage":22,"enemies":"Slavers","floor":27,"turns":1}],"seed_played":"816579569184786768","potions_obtained":[{"floor":1,"key":"Explosive Potion"},{"floor":5,"key":"EssenceOfSteel"},{"floor":8,"key":"SneckoOil"},{"floor":14,"key":"PowerPotion"},{"floor":16,"key":"Ancient Potion"},{"floor":18,"key":"Strength Potion"}],"is_trial":true,"path_per_floor":["M","?","M","M","M","E","R","E","T","R","M","$","M","E","R","B",null,"M","M","?","M","M","R","E","M","T"],"character_chosen":"THE_SILENT","items_purchased":[],"campfire_rested":0,"item_purchase_floors":[],"current_hp_per_floor":[59,59,59,59,59,59,59,59,59,59,59,59,59,59,59,57,64,62,58,58,45,42,42,27,22,22,0],"gold":530,"neow_bonus":"","is_prod":false,"is_daily":false,"chose_seed":false,"campfire_upgraded":4,"win_rate":0,"timestamp":1538157651,"path_taken":["M","?","M","M","M","E","R","E","T","R","?","?","M","E","R","BOSS","M","M","?","M","M","R","E","M","T","E"],"build_version":"2018-09-27","purchased_purges":0,"victory":false,"max_hp_per_floor":[66,66,66,66,66,66,66,66,66,66,66,66,66,66,66,66,66,66,66,66,66,66,66,66,66,66,66],"card_choices":[{"not_picked":["Underhanded Strike","Outmaneuver"],"picked":"Escape Plan","floor":1},{"not_picked":["Acrobatics","Riddle With Holes","Outmaneuver"],"picked":"SKIP","floor":3},{"not_picked":["Bane","Tactician","Backflip"],"picked":"SKIP","floor":4},{"not_picked":["Setup","Prepared","Underhanded Strike"],"picked":"SKIP","floor":5},{"not_picked":["Flying Knee","Outmaneuver","Infinite Blades"],"picked":"SKIP","floor":6},{"not_picked":["Sucker Punch","Bane"],"picked":"Terror","floor":8},{"not_picked":["Leg Sweep","Outmaneuver"],"picked":"Blur","floor":11},{"not_picked":["Infinite Blades","Phantasmal Killer","Quick Slash"],"picked":"SKIP","floor":13},{"not_picked":["Outmaneuver","Dagger Throw","Finisher"],"picked":"SKIP","floor":14},{"not_picked":["Burst","Envenom"],"picked":"A Thousand Cuts","floor":16},{"not_picked":["Blade Dance","Concentrate","Sucker Punch"],"picked":"SKIP","floor":18},{"not_picked":["Sucker Punch","Setup","Underhanded Strike"],"picked":"SKIP","floor":19},{"not_picked":["Finisher","Escape Plan","Blade Dance"],"picked":"SKIP","floor":21},{"not_picked":["Flying Knee","Deflect","Prepared"],"picked":"SKIP","floor":22},{"not_picked":["Outmaneuver","Tactician"],"picked":"After Image","floor":24},{"not_picked":["Quick Slash","Poisoned Stab+1","Dagger Throw"],"picked":"SKIP","floor":25}],"player_experience":1220778,"relics_obtained":[{"floor":6,"key":"Orichalcum"},{"floor":9,"key":"Letter Opener"},{"floor":14,"key":"Mercury Hourglass"},{"floor":24,"key":"Bottled Lightning"},{"floor":26,"key":"Blue Candle"}],"event_choices":[{"event_name":"Living Wall","player_choice":"Grow","floor":2,"damage_taken":0},{"event_name":"Ghosts","player_choice":"Ignored","floor":20,"damage_taken":0}],"is_beta":false,"boss_relics":[{"not_picked":["Fusion Hammer","White Beast Statue"],"picked":"Runic Pyramid"}],"items_purged_floors":[],"is_endless":false,"potions_floor_spawned":[1,5,8,14,16,18,19],"killed_by":"Slavers","ascension_level":20}