{"gold_per_floor":[113,124,124,134,148,148,178,178,178,213,213,240,240,250,250,326,326,346,346,366,294,321,321,353,25,73,92,92,92,92,112,112,112],"floor_reached":33,"playtime":1131,"items_purged":[],"score":478,"play_id":"e5ff2adf-39bd-4330-b834-f6d7eaa31b26","local_time":"20190327195011","is_ascension_mode":true,"campfire_choices":[{"data":"Clothesline","floor":6,"key":"SMITH"},{"data":"Anger","floor":8,"key":"SMITH"},{"data":"Rampage","floor":11,"key":"SMITH"},{"data":"Power Through","floor":13,"key":"SMITH"},{"data":"Rage","floor":15,"key":"SMITH"},{"data":"Uppercut","floor":23,"key":"SMITH"},{"floor":28,"key":"REST"},{"data":"Corruption","floor":30,"key":"SMITH"},{"floor":32,"key":"REST"}],"neow_cost":"NONE","seed_source_timestamp":44244446126159,"circlet_count":0,"master_deck":["AscendersBane","Strike_R","Strike_R","Strike_R","Defend_R","Defend_R","Defend_R+1","Defend_R","Bash+1","Cleave","Rampage+1","Anger+1","Clothesline+1","Power Through+1","Rage+1","Immolate","Hemokinesis","Uppercut+1","Flame Barrier+1","Feel No Pain","Pommel Strike","Corruption+1","True Grit+1","Shrug It Off","Decay","Headbutt"],"relics":["Burning Blood","Kunai","Tiny Chest","Gremlin Horn","Potion Belt","Red Skull","White Beast Statue","Blood Vial","Letter Opener","War Paint","Bronze Scales"],"potions_floor_usage":[12,16,18,24,24,24,24,27,33],"damage_taken":[{"damage":6,"enemies":"2 Louse","floor":1,"turns":3},{"damage":1,"enemies":"Cultist","floor":2,"turns":4},{"damage":0,"enemies":"Small Slimes","floor":4,"turns":4},{"damage":0,"enemies":"Exordium Wildlife","floor":5,"turns":3},{"damage":28,"enemies":"Gremlin Nob","floor":10,"turns":4},{"damage":23,"enemies":"Lagavulin","floor":12,"turns":6},{"damage":3,"enemies":"Looter","floor":14,"turns":3},{"damage":30,"enemies":"Hexaghost","floor":16,"turns":8},{"damage":15,"enemies":"Shell Parasite","floor":18,"turns":7},{"damage":3,"enemies":"Chosen","floor":20,"turns":4},{"damage":46,"enemies":"Gremlin Leader","floor":24,"turns":11},{"damage":9,"enemies":"Centurion and Healer","floor":27,"turns":7},{"damage":11,"enemies":"Snake Plant","floor":31,"turns":5},{"damage":75,"enemies":"Collector","floor":33,"turns":10}],"seed_played":"9098095320836855149","potions_obtained":[{"floor":2,"key":"Swift Potion"},{"floor":10,"key":"Weak Potion"},{"floor":12,"key":"Swift Potion"},{"floor":14,"key":"Swift Potion"},{"floor":16,"key":"Dexterity Potion"},{"floor":18,"key":"Fire Potion"},{"floor":20,"key":"EssenceOfSteel"},{"floor":24,"key":"FearPotion"},{"floor":27,"key":"LiquidBronze"},{"floor":31,"key":"PowerPotion"}],"is_trial":false,"path_per_floor":["M","M","?","M","M","R","?","R","T","E","R","E","R","M","R","B",null,"M","?","M","$","T","R","E","$","T","M","R","?","R","M","R","B"],"character_chosen":"IRONCLAD","items_purchased":["Feel No Pain","Corruption","True Grit","War Paint","Block Potion"],"campfire_rested":2,"item_purchase_floors":[21,25,25,25,25],"current_hp_per_floor":[68,73,73,75,75,75,70,70,70,48,48,31,31,34,34,10,59,50,50,53,53,53,53,15,15,15,14,36,36,36,33,55,0],"gold":112,"neow_bonus":"UPGRADE_CARD","is_prod":false,"is_daily":false,"chose_seed":false,"campfire_upgraded":7,"win_rate":0,"timestamp":1553741411,"path_taken":["M","M","?","?","M","R","?","R","T","E","R","E","R","M","R","BOSS","M","?","M","$","?","R","E","$","T","M","R","?","R","M","R","BOSS"],"build_version":"2019-01-23","purchased_purges":0,"victory":false,"max_hp_per_floor":[75,75,75,75,75,75,75,75,75,75,75,75,75,75,75,75,75,75,75,75,75,75,75,75,75,75,75,75,75,75,75,75,75],"card_choices":[{"not_picked":["Dropkick","Body Slam"],"picked":"Cleave","floor":1},{"not_picked":["Wild Strike","Sword Boomerang"],"picked":"Rampage","floor":2},{"not_picked":["Warcry","Double Tap"],"picked":"Anger","floor":4},{"not_picked":["Havoc","True Grit"],"picked":"Clothesline","floor":5},{"not_picked":["Havoc","Seeing Red","Wild Strike"],"picked":"SKIP","floor":10},{"not_picked":["Flex","Seeing Red"],"picked":"Power Through","floor":12},{"not_picked":["Heavy Blade","Clash"],"picked":"Rage","floor":14},{"not_picked":["Dark Embrace","Bludgeon"],"picked":"Immolate","floor":16},{"not_picked":["Cleave+1","Perfected Strike","Sword Boomerang"],"picked":"SKIP","floor":18},{"not_picked":["Inflame","Pommel Strike"],"picked":"Flame Barrier+1","floor":20},{"not_picked":["Sentinel","Carnage"],"picked":"Pommel Strike","floor":24},{"not_picked":["True Grit","Exhume"],"picked":"Shrug It Off","floor":27},{"not_picked":["Sever Soul","Flex"],"picked":"Headbutt","floor":31}],"player_experience":2387891,"relics_obtained":[{"floor":3,"key":"Kunai"},{"floor":9,"key":"Gremlin Horn"},{"floor":10,"key":"Potion Belt"},{"floor":12,"key":"Red Skull"},{"floor":22,"key":"Blood Vial"},{"floor":24,"key":"Letter Opener"},{"floor":26,"key":"Bronze Scales"}],"event_choices":[{"damage_healed":0,"gold_gain":0,"player_choice":"Relic","damage_taken":0,"max_hp_gain":0,"max_hp_loss":0,"event_name":"Wheel of Change","floor":3,"gold_loss":0},{"damage_healed":0,"gold_gain":0,"player_choice":"Success","damage_taken":5,"relics_obtained":["Tiny Chest"],"max_hp_gain":0,"max_hp_loss":0,"event_name":"Scrap Ooze","floor":7,"gold_loss":0},{"damage_healed":0,"gold_gain":0,"cards_transformed":["Strike_R","Strike_R"],"player_choice":"Became Test Subject","damage_taken":0,"max_hp_gain":0,"max_hp_loss":0,"event_name":"Drug Dealer","floor":19,"gold_loss":0,"cards_obtained":["Hemokinesis","Uppercut"]},{"damage_healed":0,"gold_gain":0,"player_choice":"Smashed Altar","damage_taken":0,"max_hp_gain":0,"max_hp_loss":0,"event_name":"Forgotten Altar","floor":29,"gold_loss":0,"cards_obtained":["Decay"]}],"is_beta":false,"boss_relics":[{"not_picked":["Ectoplasm","Calling Bell"],"picked":"White Beast Statue"}],"items_purged_floors":[],"is_endless":false,"potions_floor_spawned":[2,10,12,14,16,18,20,24,27,31],"killed_by":"Collector","ascension_level":15}