{"gold_per_floor":[109,129,149,149,18,50,50,61,88,88,106,132,132,132,132,132],"floor_reached":16,"playtime":495,"items_purged":["Clumsy"],"score":220,"play_id":"a9dc5bbb-8467-4222-a5f0-2980147db2c3","local_time":"25620209014355","is_ascension_mode":true,"campfire_choices":[{"data":"Anger","floor":10.0,"key":"SMITH"},{"data":"Clothesline","floor":15.0,"key":"SMITH"}],"neow_cost":"NONE","seed_source_timestamp":29288556444464,"circlet_count":0,"master_deck":["AscendersBane","Strike_R","Strike_R","Strike_R","Strike_R","Strike_R","Defend_R","Defend_R","Defend_R","Defend_R","Bash+1","Cleave","Clothesline+1","Anger+1","strawberrySpire:Beatdown"],"special_seed":0,"relics":["Burning Blood","Centennial Puzzle","strawberrySpire:Firefruit","infinitespire:Beetle Shell","strawberrySpire:Treaders"],"potions_floor_usage":[16],"damage_taken":[{"damage":9.0,"enemies":"Jaw Worm","floor":1.0,"turns":5.0},{"damage":2.0,"enemies":"Small Slimes","floor":2.0,"turns":4.0},{"damage":3.0,"enemies":"infinitespire:Voidling","floor":3.0,"turns":3.0},{"damage":45.0,"enemies":"3 Sentries","floor":6.0,"turns":9.0},{"damage":0.0,"enemies":"3 Louse","floor":8.0,"turns":1.0},{"damage":6.0,"enemies":"Looter","floor":11.0,"turns":2.0},{"damage":20.0,"enemies":"Lagavulin","floor":12.0,"turns":5.0},{"damage":43,"enemies":"Fading Forest","floor":16,"turns":7}],"seed_played":"3427865857459605906","potions_obtained":[{"floor":2.0,"key":"Milkshake"},{"floor":8.0,"key":"Adrenaline Potion"},{"floor":11.0,"key":"Elixir"},{"floor":12.0,"key":"SpeedPotion"}],"is_trial":false,"path_per_floor":["M","M","M","?","$","E","R","M","T","R","M","E","?","?","R","B"],"character_chosen":"IRONCLAD","items_purchased":["Block Potion"],"campfire_rested":0,"item_purchase_floors":[5],"current_hp_per_floor":[72,76,79,79,79,40,40,46,46,46,46,32,32,32,32,0],"gold":132,"neow_bonus":"TEN_PERCENT_HP_BONUS","is_prod":false,"is_daily":false,"chose_seed":false,"campfire_upgraded":2,"win_rate":0,"timestamp":1549651435,"path_taken":["M","M","M","?","$","E","R","M","T","R","M","E","?","?","R","BOSS"],"build_version":"2019-01-23","purchased_purges":1,"victory":false,"max_hp_per_floor":[82,82,82,82,82,82,82,82,82,82,82,82,82,82,82,82],"card_choices":[{"not_picked":["jedi:fear","jedi:controlledanger"],"picked":"Cleave","floor":1.0},{"not_picked":["Iron Wave","ReplayTheSpireMod:LeadingStrike","Clash"],"picked":"SKIP","floor":2.0},{"not_picked":["jedi:controlledanger","Flex"],"picked":"Clothesline","floor":3.0},{"not_picked":["jedi:fear","Burning Pact"],"picked":"Anger","floor":6.0},{"not_picked":["strawberrySpire:DraftPunk","strawberrySpire:PumpUp","strawberrySpire:Aggression"],"picked":"SKIP","floor":8.0},{"not_picked":["Heavy Blade","Clothesline","Pommel Strike"],"picked":"SKIP","floor":11.0},{"not_picked":["strawberrySpire:GettingOverIt","ReplayTheSpireMod:Strike From Hell"],"picked":"strawberrySpire:Beatdown","floor":12.0}],"player_experience":351777,"relics_obtained":[{"floor":6.0,"key":"Centennial Puzzle"},{"floor":7.0,"key":"strawberrySpire:Firefruit"},{"floor":9.0,"key":"infinitespire:Beetle Shell"},{"floor":12.0,"key":"strawberrySpire:Treaders"}],"event_choices":[{"damage_healed":0.0,"max_hp_gain":0.0,"max_hp_loss":0.0,"gold_gain":0.0,"event_name":"conspire:LoneGhost","player_choice":"Disagree","floor":13.0,"gold_loss":0.0,"damage_taken":0.0},{"damage_healed":0.0,"max_hp_gain":0.0,"max_hp_loss":0.0,"gold_gain":0.0,"event_name":"Living Wall","player_choice":"Grow","floor":14.0,"gold_loss":0.0,"damage_taken":0.0,"cards_upgraded":["Bash"]}],"is_beta":false,"boss_relics":[],"items_purged_floors":[5],"is_endless":false,"potions_floor_spawned":[2,8,11,12],"killed_by":"Fading Forest","ascension_level":20}