{"gold_per_floor":[116,41,41,60,77,108,108,125,194,194,194,194,194,204,204,276,276,291,308,30,40,40,40,40,73,99,113,113,113,113,124,124,196,196,216,1215,1215,1226,1273,1273,1307,1307,1307,1307,1307,1307,1332,1357,1357,1357,1357,1357,1357,371,403,403],"floor_reached":57,"playtime":4304,"items_purged":["Strike_G","Strike_G"],"score":3198,"play_id":"5a9c2693-c990-40ea-bd15-57820c123a56","local_time":"20190304163713","is_ascension_mode":true,"campfire_choices":[{"data":"Neutralize","floor":7.0,"key":"SMITH"},{"floor":10.0,"key":"DIG"},{"floor":12.0,"key":"DIG"},{"data":"Bouncing Flask","floor":15.0,"key":"SMITH"},{"floor":23.0,"key":"REST"},{"floor":28.0,"key":"REST"},{"floor":30.0,"key":"REST"},{"floor":32.0,"key":"DIG"},{"data":"Well Laid Plans","floor":40.0,"key":"SMITH"},{"data":"Acrobatics","floor":42.0,"key":"SMITH"},{"floor":44.0,"key":"REST"},{"floor":49.0,"key":"RECALL"},{"floor":53.0,"key":"DIG"}],"neow_cost":"NONE","seed_source_timestamp":18811567674200,"circlet_count":0,"master_deck":["AscendersBane","Defend_G","Defend_G+1","Defend_G","Defend_G","Survivor","Neutralize+1","Heel Hook","Footwork","Well Laid Plans+1","Calculated Gamble+1","Bouncing Flask+1","Bane+1","Malaise+1","Burst+1","Acrobatics+1","Infinite Blades","Eviscerate","Venomology","Backflip","Normality","Normality","Outmaneuver+1","Normality","Shame","Night Terror+1"],"special_seed":0,"relics":["Ring of the Snake","NeowsBlessing","Shovel","Kunai","Vajra","Ornamental Fan","Astrolabe","Shuriken","Potion Belt","Blue Candle","Oddly Smooth Stone","Enchiridion","Incense Burner","Cursed Key","WingedGreaves","Snake Skull","Bag of Marbles","Blood Vial","Sundial","Frozen Eye","Letter Opener","Dodecahedron","War Paint"],"potions_floor_usage":[56,56,56,56,56,56,56,56,56,56],"damage_taken":[{"damage":0.0,"enemies":"Jaw Worm","floor":1.0,"turns":1.0},{"damage":0.0,"enemies":"Cultist","floor":4.0,"turns":1.0},{"damage":0.0,"enemies":"2 Louse","floor":5.0,"turns":1.0},{"damage":44.0,"enemies":"Gremlin Nob","floor":6.0,"turns":6.0},{"damage":3.0,"enemies":"Large Slime","floor":8.0,"turns":12.0},{"damage":0.0,"enemies":"Red Slaver","floor":14.0,"turns":5.0},{"damage":0.0,"enemies":"Hexaghost","floor":16.0,"turns":9.0},{"damage":0.0,"enemies":"Spheric Guardian","floor":18.0,"turns":3.0},{"damage":5.0,"enemies":"Shell Parasite","floor":19.0,"turns":5.0},{"damage":2.0,"enemies":"Centurion and Healer","floor":21.0,"turns":10.0},{"damage":33.0,"enemies":"Gremlin Leader","floor":25.0,"turns":7.0},{"damage":6.0,"enemies":"3 Cultists","floor":27.0,"turns":6.0},{"damage":0.0,"enemies":"Snecko","floor":31.0,"turns":6.0},{"damage":0.0,"enemies":"Automaton","floor":33.0,"turns":10.0},{"damage":2.0,"enemies":"3 Shapes","floor":35.0,"turns":6.0},{"damage":1.0,"enemies":"3 Darklings","floor":38.0,"turns":5.0},{"damage":34.0,"enemies":"2 Orb Walkers","floor":39.0,"turns":7.0},{"damage":8.0,"enemies":"Nemesis","floor":41.0,"turns":7.0},{"damage":3.0,"enemies":"Giant Head","floor":47.0,"turns":5.0},{"damage":4.0,"enemies":"Awakened One","floor":50.0,"turns":9.0},{"damage":9.0,"enemies":"Donu and Deca","floor":51.0,"turns":10.0},{"damage":30.0,"enemies":"Shield and Spear","floor":55.0,"turns":11.0},{"damage":21,"enemies":"The Heart","floor":56,"turns":9}],"seed_played":"3026549908568866152","potions_obtained":[{"floor":5.0,"key":"SkillPotion"},{"floor":6.0,"key":"Weak Potion"},{"floor":8.0,"key":"Block Potion"},{"floor":21.0,"key":"Explosive Potion"},{"floor":25.0,"key":"SpeedPotion"},{"floor":27.0,"key":"Block Potion"},{"floor":31.0,"key":"Explosive Potion"},{"floor":39.0,"key":"AttackPotion"},{"floor":47.0,"key":"Swift Potion"}],"is_trial":false,"path_per_floor":["M","$","?","M","M","E","R","M","T","R","?","R","?","M","R","B",null,"M","M","$","M","?","R","?","E","T","M","R","?","R","M","R","B",null,"M","?","?","M","?","R","E","R","T","R","?","?","E","T","R","B","B",null,"R","$","E","B",null],"character_chosen":"THE_SILENT","items_purchased":["Shuriken","Frozen Eye","Letter Opener","EntropicBrew","Dodecahedron"],"campfire_rested":4,"item_purchase_floors":[20,54,54,54,54],"current_hp_per_floor":[59,59,59,59,59,15,15,12,12,12,12,12,12,12,12,12,53,53,48,48,46,28,49,49,16,16,10,31,10,31,31,31,31,61,59,59,59,58,24,24,16,16,16,37,37,37,34,34,34,32,25,57,57,57,29,10],"gold":403,"neow_bonus":"THREE_ENEMY_KILL","is_prod":false,"is_daily":false,"chose_seed":false,"campfire_upgraded":4,"win_rate":0,"timestamp":1551688633,"path_taken":["M","$","?","M","?","E","R","?","T","R","?","R","?","M","R","BOSS","M","M","$","M","?","R","?","E","T","?","R","?","R","M","R","BOSS","M","?","?","?","?","R","E","R","T","R","?","?","E","?","R","BOSS","BOSS","R","$","E","BOSS"],"build_version":"2019-01-23","purchased_purges":2,"victory":true,"max_hp_per_floor":[66,66,66,66,66,66,66,66,66,66,66,66,66,66,66,66,66,66,66,66,66,71,71,71,71,71,71,71,71,71,71,71,71,71,71,71,71,71,71,71,71,71,71,71,71,67,67,67,67,67,67,67,67,67,67,67],"card_choices":[{"not_picked":["Acrobatics","Sucker Punch"],"picked":"Heel Hook","floor":1.0},{"not_picked":["Sucker Punch","Backflip","Dagger Throw"],"picked":"SKIP","floor":4.0},{"not_picked":["Prepared","Blade Dance"],"picked":"Footwork","floor":5.0},{"not_picked":["Skewer","PiercingWail"],"picked":"Well Laid Plans","floor":6.0},{"not_picked":["Deflect","Flying Knee"],"picked":"Calculated Gamble","floor":8.0},{"not_picked":["Escape Plan","Cloak And Dagger"],"picked":"Bouncing Flask","floor":14.0},{"not_picked":["Underhanded Strike+1","Calculated Gamble"],"picked":"Acrobatics","floor":18.0},{"not_picked":["Slice+1","Underhanded Strike","Acrobatics"],"picked":"SKIP","floor":19.0},{"not_picked":["Slice+1","Underhanded Strike","Acrobatics"],"picked":"SKIP","floor":19.0},{"not_picked":["Infinite Blades","Crippling Poison"],"picked":"Deflect","floor":21.0},{"not_picked":["Footwork","Dagger Spray","Sucker Punch"],"picked":"SKIP","floor":25.0},{"not_picked":["Sucker Punch","Well Laid Plans"],"picked":"Infinite Blades","floor":27.0},{"not_picked":["Acrobatics+1","Crippling Poison","Eviscerate"],"picked":"SKIP","floor":31.0},{"not_picked":["Acrobatics+1","Crippling Poison"],"picked":"Eviscerate","floor":31.0},{"not_picked":["Corpse Explosion","Glass Knife"],"picked":"Venomology","floor":33.0},{"not_picked":["Dagger Spray","Dash"],"picked":"Backflip","floor":35.0},{"not_picked":["Finisher","Flechettes","Expertise"],"picked":"SKIP","floor":38.0},{"not_picked":["Well Laid Plans","Catalyst"],"picked":"Outmaneuver+1","floor":39.0},{"not_picked":["Finisher+1","Riddle With Holes","Endless Agony"],"picked":"SKIP","floor":41.0},{"not_picked":["Deadly Poison","Deflect+1","Poisoned Stab"],"picked":"SKIP","floor":47.0},{"not_picked":["Flying Knee+1","Bane"],"picked":"Night Terror","floor":55.0}],"player_experience":2720486,"relics_obtained":[{"floor":6.0,"key":"Shovel"},{"floor":9.0,"key":"Kunai"},{"floor":10.0,"key":"Vajra"},{"floor":12.0,"key":"Ornamental Fan"},{"floor":25.0,"key":"Blue Candle"},{"floor":26.0,"key":"Oddly Smooth Stone"},{"floor":29.0,"key":"Enchiridion"},{"floor":32.0,"key":"Incense Burner"},{"floor":39.0,"key":"WingedGreaves"},{"floor":41.0,"key":"Snake Skull"},{"floor":47.0,"key":"Bag of Marbles"},{"floor":48.0,"key":"Blood Vial"},{"floor":53.0,"key":"Sundial"},{"floor":55.0,"key":"War Paint"}],"event_choices":[{"cards_removed":["Strike_G"],"damage_healed":0.0,"max_hp_gain":0.0,"max_hp_loss":0.0,"gold_gain":0.0,"event_name":"Bonfire Elementals","player_choice":"Offered Basic","floor":3.0,"gold_loss":0.0,"damage_taken":0.0},{"damage_healed":0.0,"max_hp_gain":0.0,"max_hp_loss":0.0,"gold_gain":0.0,"event_name":"Scrap Ooze","player_choice":"Fled","floor":11.0,"gold_loss":0.0,"damage_taken":0.0},{"damage_healed":0.0,"max_hp_gain":0.0,"max_hp_loss":0.0,"gold_gain":0.0,"event_name":"Accursed Blacksmith","player_choice":"Forge","floor":13.0,"gold_loss":0.0,"damage_taken":0.0,"cards_upgraded":["Calculated Gamble"]},{"damage_healed":0.0,"max_hp_gain":5.0,"max_hp_loss":0.0,"gold_gain":0.0,"event_name":"Forgotten Altar","player_choice":"Shed Blood","floor":22.0,"gold_loss":0.0,"damage_taken":23.0},{"damage_healed":0.0,"max_hp_gain":0.0,"max_hp_loss":0.0,"gold_gain":0.0,"event_name":"WeMeetAgain","player_choice":"Gave Potion","floor":24.0,"gold_loss":0.0,"damage_taken":0.0,"relics_obtained":["Potion Belt"]},{"damage_healed":0.0,"max_hp_gain":0.0,"max_hp_loss":0.0,"gold_gain":0.0,"event_name":"Cursed Tome","player_choice":"Obtained Book","floor":29.0,"gold_loss":0.0,"damage_taken":21.0},{"damage_healed":0.0,"max_hp_gain":0.0,"max_hp_loss":0.0,"gold_gain":999.0,"event_name":"MindBloom","player_choice":"Gold","floor":36.0,"gold_loss":0.0,"damage_taken":0.0,"cards_obtained":["Normality","Normality"]},{"damage_healed":0.0,"max_hp_gain":0.0,"max_hp_loss":0.0,"gold_gain":0.0,"event_name":"Tomb of Lord Red Mask","player_choice":"Ignored","floor":37.0,"gold_loss":0.0,"damage_taken":0.0},{"damage_healed":0.0,"max_hp_gain":0.0,"max_hp_loss":0.0,"gold_gain":0.0,"event_name":"Mysterious Sphere","player_choice":"Fight","floor":39.0,"gold_loss":0.0,"damage_taken":0.0},{"cards_removed":["Deflect"],"damage_healed":0.0,"max_hp_gain":0.0,"max_hp_loss":0.0,"gold_gain":0.0,"event_name":"Falling","player_choice":"Removed Skill","floor":45.0,"gold_loss":0.0,"damage_taken":0.0},{"damage_healed":0.0,"max_hp_gain":0.0,"max_hp_loss":4.0,"gold_gain":0.0,"event_name":"Winding Halls","player_choice":"Max HP","floor":46.0,"gold_loss":0.0,"damage_taken":0.0}],"is_beta":false,"boss_relics":[{"not_picked":["WristBlade","Lizard Tail"],"picked":"Astrolabe"},{"not_picked":["Fusion Hammer","HoveringKite"],"picked":"Cursed Key"}],"items_purged_floors":[2,54],"is_endless":false,"potions_floor_spawned":[5,6,8,21,25,27,31,38,39,47],"ascension_level":20}