{"gold_per_floor":[113,130,146,146,162,189,189,218,244,275,286,347,358,370,370,448,448,462,562,487,501,517,517,546,546,546,125,158,158,185,208,220,305,317,342,354,366,378,390,436,468,149,149,178,188,24,24,40,40,40],"floor_reached":51,"playtime":3007,"items_purged":["Strike_R"],"score":1311,"play_id":"1eaa4cbc-65aa-4b06-b689-05109c98365e","local_time":"20190408121013","is_ascension_mode":true,"campfire_choices":[{"floor":7.0,"key":"REST"},{"data":"Disarm","floor":15.0,"key":"SMITH"},{"data":"Feel No Pain","floor":23.0,"key":"SMITH"},{"data":"True Grit","floor":32.0,"key":"SMITH"},{"data":"Spot Weakness","floor":47,"key":"SMITH"},{"data":"Disarm","floor":49,"key":"SMITH"}],"neow_cost":"NONE","seed_source_timestamp":12439875855627,"circlet_count":0,"master_deck":["AscendersBane","Strike_R+1","Strike_R+1","Defend_R+1","Defend_R+1","Defend_R+1","Defend_R+1","Twin Strike","Disarm+1","Headbutt+1","Inflame","Twin Strike","Anger","Spot Weakness+1","Ghostly Armor","Shrug It Off","Reaper","True Grit","Burning Pact+1","Corruption","Feel No Pain+1","True Grit+1","Battle Trance","Offering","Feed","PanicButton","Metallicize","Disarm+1","Shrug It Off","Spot Weakness","Discovery"],"special_seed":0,"relics":["Burning Blood","Boot","Vajra","Art of War","Red Skull","Coffee Dripper","Thread and Needle","Meat on the Bone","Whetstone","Nilry\u0027s Codex","Unceasing Top","Self Forming Clay","Juzu Bracelet","MawBank","Cursed Key","Strawberry","Kunai","Dodecahedron"],"potions_floor_usage":[50],"damage_taken":[{"damage":2.0,"enemies":"Small Slimes","floor":1.0,"turns":4.0},{"damage":3.0,"enemies":"2 Louse","floor":2.0,"turns":3.0},{"damage":12.0,"enemies":"Jaw Worm","floor":3.0,"turns":3.0},{"damage":26.0,"enemies":"Exordium Wildlife","floor":5.0,"turns":6.0},{"damage":32.0,"enemies":"Gremlin Nob","floor":6.0,"turns":4.0},{"damage":45.0,"enemies":"3 Sentries","floor":8.0,"turns":10.0},{"damage":6.0,"enemies":"Gremlin Nob","floor":10.0,"turns":3.0},{"damage":0.0,"enemies":"Large Slime","floor":11.0,"turns":3.0},{"damage":6.0,"enemies":"Looter","floor":13.0,"turns":3.0},{"damage":1.0,"enemies":"2 Fungi Beasts","floor":14.0,"turns":3.0},{"damage":23.0,"enemies":"Hexaghost","floor":16.0,"turns":9.0},{"damage":15.0,"enemies":"Shell Parasite","floor":18.0,"turns":5.0},{"damage":13.0,"enemies":"Colosseum Slavers","floor":19.0,"turns":4.0},{"damage":0.0,"enemies":"Colosseum Nobs","floor":19.0,"turns":4.0},{"damage":19.0,"enemies":"Spheric Guardian","floor":21.0,"turns":4.0},{"damage":28.0,"enemies":"Snecko","floor":22.0,"turns":7.0},{"damage":9.0,"enemies":"Gremlin Leader","floor":24.0,"turns":8.0},{"damage":20.0,"enemies":"Slavers","floor":28.0,"turns":6.0},{"damage":43.0,"enemies":"Gremlin Leader","floor":30.0,"turns":11.0},{"damage":6.0,"enemies":"3 Cultists","floor":31.0,"turns":5.0},{"damage":53.0,"enemies":"Automaton","floor":33.0,"turns":10.0},{"damage":6.0,"enemies":"Orb Walker","floor":35.0,"turns":2.0},{"damage":32.0,"enemies":"Giant Head","floor":40.0,"turns":7.0},{"damage":7.0,"enemies":"3 Darklings","floor":41.0,"turns":5.0},{"damage":40,"enemies":"Reptomancer","floor":44,"turns":10},{"damage":9,"enemies":"Writhing Mass","floor":45,"turns":8},{"damage":15,"enemies":"Maw","floor":48,"turns":10},{"damage":26,"enemies":"Time Eater","floor":50,"turns":24}],"seed_played":"-6230697992381681163","potions_obtained":[{"floor":6.0,"key":"Strength Potion"},{"floor":8.0,"key":"Fire Potion"},{"floor":10.0,"key":"Block Potion"},{"floor":28.0,"key":"LiquidBronze"},{"floor":35.0,"key":"SteroidPotion"}],"is_trial":false,"path_per_floor":["M","M","M","?","M","E","R","E","T","E","M","?","M","M","R","B",null,"M","?","?","M","M","R","E","?","T","$","E","?","E","M","R","B",null,"M","?","?","?","?","E","M","$","T","E","M","$","R","M","R","B",null],"character_chosen":"IRONCLAD","items_purchased":["Battle Trance","PowerPotion","Self Forming Clay","Kunai","Metallicize","Spot Weakness","Discovery"],"campfire_rested":1,"item_purchase_floors":[27,27,27,42,42,46,46],"current_hp_per_floor":[72,75,69,74,54,28,52,13,13,13,19,19,19,24,24,7,62,61,72,72,64,49,49,76,55,55,55,67,67,80,80,80,49,72,80,80,80,80,80,69,87,87,87,85,87,87,87,90,90,90],"gold":40,"neow_bonus":"UPGRADE_CARD","is_prod":false,"is_daily":false,"chose_seed":false,"campfire_upgraded":5,"win_rate":0,"timestamp":1554750613,"path_taken":["M","M","M","?","M","E","R","E","T","E","M","?","M","M","R","BOSS","M","?","?","?","M","R","E","?","T","$","E","?","E","M","R","BOSS","M","?","?","?","?","E","M","$","T","E","M","$","R","M","R","BOSS"],"build_version":"2019-01-23","purchased_purges":1,"victory":true,"max_hp_per_floor":[75,75,75,80,80,80,80,80,80,80,80,80,80,80,80,80,80,80,80,80,80,80,80,80,80,80,80,80,80,80,80,80,80,80,80,80,80,80,80,87,87,87,87,87,87,87,87,90,90,90],"card_choices":[{"not_picked":["Flex","Warcry"],"picked":"Twin Strike","floor":1.0},{"not_picked":["Evolve","Burning Pact"],"picked":"Disarm","floor":2.0},{"not_picked":["Havoc","Second Wind"],"picked":"Headbutt","floor":3.0},{"not_picked":["True Grit","Thunderclap"],"picked":"Inflame","floor":5.0},{"not_picked":["Carnage","Dropkick"],"picked":"Twin Strike","floor":6.0},{"not_picked":["Whirlwind","Corruption"],"picked":"Anger","floor":8.0},{"not_picked":["Perfected Strike","Reckless Charge"],"picked":"Spot Weakness","floor":10.0},{"not_picked":["Seeing Red","Flex"],"picked":"Ghostly Armor","floor":11.0},{"not_picked":["Dark Embrace","Blood for Blood","Sword Boomerang"],"picked":"SKIP","floor":13.0},{"not_picked":["Clash","Clothesline"],"picked":"Shrug It Off","floor":14.0},{"not_picked":["Impervious","Brutality"],"picked":"Reaper","floor":16.0},{"not_picked":["Iron Wave","Headbutt"],"picked":"True Grit","floor":18.0},{"not_picked":["Berserk","Warcry"],"picked":"Burning Pact+1","floor":19.0},{"not_picked":["Headbutt","Anger"],"picked":"Corruption","floor":21.0},{"not_picked":["Evolve","Sever Soul+1"],"picked":"Feel No Pain","floor":22.0},{"not_picked":["Clothesline","Uppercut"],"picked":"True Grit","floor":24.0},{"not_picked":["Flex","True Grit","Clothesline+1"],"picked":"SKIP","floor":28.0},{"not_picked":["Uppercut","Disarm"],"picked":"Offering","floor":30.0},{"not_picked":["Wild Strike","Dropkick","Body Slam"],"picked":"SKIP","floor":31.0},{"not_picked":["Double Tap","Offering"],"picked":"Feed","floor":33.0},{"not_picked":["Intimidate","Burning Pact","Rupture"],"picked":"SKIP","floor":35.0},{"not_picked":["Blind","Magnetism"],"picked":"PanicButton","floor":36.0},{"not_picked":["Havoc+1","Iron Wave","Cleave"],"picked":"SKIP","floor":40.0},{"not_picked":["Fire Breathing","True Grit","Warcry"],"picked":"SKIP","floor":41.0},{"not_picked":["True Grit+1","Armaments+1"],"picked":"Disarm","floor":44},{"not_picked":["Flex","Twin Strike"],"picked":"Shrug It Off","floor":45},{"not_picked":["Warcry","Anger","Offering"],"picked":"SKIP","floor":48}],"player_experience":2428305,"relics_obtained":[{"floor":6.0,"key":"Boot"},{"floor":8.0,"key":"Vajra"},{"floor":9.0,"key":"Art of War"},{"floor":10.0,"key":"Red Skull"},{"floor":19.0,"key":"Thread and Needle"},{"floor":19.0,"key":"Meat on the Bone"},{"floor":24.0,"key":"Whetstone"},{"floor":25.0,"key":"Nilry\u0027s Codex"},{"floor":26.0,"key":"Unceasing Top"},{"floor":28.0,"key":"Juzu Bracelet"},{"floor":30.0,"key":"MawBank"},{"floor":40.0,"key":"Strawberry"},{"floor":44,"key":"Dodecahedron"}],"event_choices":[{"damage_healed":0.0,"max_hp_gain":5.0,"max_hp_loss":0.0,"gold_gain":0.0,"event_name":"Big Fish","player_choice":"Donut","floor":4.0,"gold_loss":0.0,"damage_taken":0.0},{"damage_healed":0.0,"max_hp_gain":0.0,"max_hp_loss":0.0,"gold_gain":61.0,"event_name":"Golden Wing","player_choice":"Gained Gold","floor":12.0,"gold_loss":0.0,"damage_taken":0.0},{"damage_healed":0.0,"max_hp_gain":0.0,"max_hp_loss":0.0,"gold_gain":0.0,"event_name":"Colosseum","player_choice":"Fight","floor":19.0,"gold_loss":0.0,"damage_taken":0.0},{"damage_healed":0.0,"max_hp_gain":0.0,"max_hp_loss":0.0,"gold_gain":0.0,"event_name":"Colosseum","player_choice":"Fought Nobs","floor":19.0,"gold_loss":0.0,"damage_taken":0.0},{"cards_removed":["Strike_R"],"damage_healed":0.0,"max_hp_gain":0.0,"max_hp_loss":0.0,"gold_gain":0.0,"event_name":"Beggar","player_choice":"Gave Gold","floor":20.0,"gold_loss":75.0,"damage_taken":0.0},{"damage_healed":0.0,"max_hp_gain":0.0,"max_hp_loss":0.0,"gold_gain":0.0,"event_name":"Cursed Tome","player_choice":"Obtained Book","floor":25.0,"gold_loss":0.0,"damage_taken":21.0},{"damage_healed":0.0,"max_hp_gain":0.0,"max_hp_loss":0.0,"gold_gain":0.0,"event_name":"Back to Basics","player_choice":"Simplicity","floor":29.0,"gold_loss":0.0,"damage_taken":0.0,"cards_upgraded":["Strike_R","Strike_R","Defend_R","Defend_R","Defend_R","Defend_R"]},{"damage_healed":0.0,"max_hp_gain":0.0,"max_hp_loss":0.0,"gold_gain":0.0,"event_name":"SensoryStone","player_choice":"Memory 1","floor":36.0,"gold_loss":0.0,"damage_taken":0.0},{"cards_removed":["Strike_R"],"damage_healed":0.0,"max_hp_gain":0.0,"max_hp_loss":0.0,"gold_gain":0.0,"event_name":"Bonfire Elementals","player_choice":"Offered Basic","floor":37.0,"gold_loss":0.0,"damage_taken":0.0},{"cards_removed":["Bash"],"damage_healed":0.0,"max_hp_gain":0.0,"max_hp_loss":0.0,"gold_gain":0.0,"event_name":"Falling","player_choice":"Removed Attack","floor":38.0,"gold_loss":0.0,"damage_taken":0.0},{"damage_healed":0.0,"max_hp_gain":0.0,"max_hp_loss":0.0,"gold_gain":0.0,"event_name":"SecretPortal","player_choice":"Ignored","floor":39.0,"gold_loss":0.0,"damage_taken":0.0}],"is_beta":false,"boss_relics":[{"not_picked":["Empty Cage","Orrery"],"picked":"Coffee Dripper"},{"not_picked":["Sozu","Astrolabe"],"picked":"Cursed Key"}],"items_purged_floors":[27],"is_endless":false,"potions_floor_spawned":[6,8,10,11,14,18,19,28,31,35],"ascension_level":15}