{"gold_per_floor":[114,289,34,34,109,140,140,153,202,236,236,261,277,309,309,381,381,396,414,414,19,31,31,60,60,60,60,76,95,123,149,149,223,223,242,1241,1257,1479,6,39,7,32,86,96,127,127,162,178,178,178,178,178,6,34,34],"floor_reached":56,"playtime":2388,"items_purged":["Doubt","Defend_B","Strike_B"],"score":2353,"play_id":"9bec9337-cb07-4fc9-8f48-343ddfb5a3bc","local_time":"25620317162013","is_ascension_mode":true,"campfire_choices":[{"data":"Apotheosis","floor":7.0,"key":"SMITH"},{"data":"Gash","floor":11.0,"key":"SMITH"},{"data":"Defend_B","floor":15.0,"key":"PURGE"},{"data":"Strike_B","floor":23.0,"key":"PURGE"},{"floor":27.0,"key":"REST"},{"floor":32.0,"key":"REST"},{"floor":46,"key":"REST"},{"floor":49,"key":"RECALL"},{"floor":52,"key":"REST"}],"neow_cost":"NONE","seed_source_timestamp":14381640755139,"circlet_count":0,"master_deck":["AscendersBane","Defend_B","Defend_B","Zap","Dualcast","Glacier","Apotheosis+1","Gash+1","Gash","Glacier","White Noise","Coolheaded","Echo Form","Defragment","Hologram","Impatience","Go for the Eyes","Scrape","Biased Cognition","Reinforced Body","White Noise","Machine Learning","Violence","The Bomb","Finesse","Static Discharge","Fission","Decay","Parasite","Defragment","Gash+1","Core Surge+1","Force Field"],"special_seed":0,"relics":["Cracked Core","NeowsBlessing","Shuriken","PreservedInsect","Letter Opener","Peace Pipe","Strawberry","Sozu","Sling","Darkstone Periapt","The Courier","Red Mask","Omamori","Cursed Key","Singing Bowl","Ornamental Fan","Mummified Hand","Matryoshka","Mercury Hourglass","Du-Vu Doll","Molten Egg 2","Boot","Potion Belt","Frozen Egg 2","Blue Candle"],"potions_floor_usage":[],"damage_taken":[{"damage":0.0,"enemies":"2 Louse","floor":1.0,"turns":1.0},{"damage":0.0,"enemies":"3 Sentries","floor":6.0,"turns":1.0},{"damage":0.0,"enemies":"Jaw Worm","floor":8.0,"turns":1.0},{"damage":0.0,"enemies":"Lagavulin","floor":10.0,"turns":5.0},{"damage":4.0,"enemies":"Gremlin Nob","floor":12.0,"turns":3.0},{"damage":0.0,"enemies":"Cultist","floor":13.0,"turns":4.0},{"damage":2.0,"enemies":"Lagavulin","floor":14.0,"turns":5.0},{"damage":0.0,"enemies":"The Guardian","floor":16.0,"turns":9.0},{"damage":7.0,"enemies":"3 Byrds","floor":18.0,"turns":5.0},{"damage":0.0,"enemies":"Shell Parasite","floor":19.0,"turns":6.0},{"damage":3.0,"enemies":"3 Cultists","floor":22.0,"turns":6.0},{"damage":32.0,"enemies":"Slavers","floor":24.0,"turns":6.0},{"damage":1.0,"enemies":"Centurion and Healer","floor":28.0,"turns":5.0},{"damage":0.0,"enemies":"Snake Plant","floor":29.0,"turns":4.0},{"damage":13.0,"enemies":"Masked Bandits","floor":30.0,"turns":5.0},{"damage":2.0,"enemies":"Champ","floor":33.0,"turns":9.0},{"damage":3.0,"enemies":"Orb Walker","floor":35.0,"turns":4.0},{"damage":0.0,"enemies":"3 Shapes","floor":37.0,"turns":4.0},{"damage":0,"enemies":"Nemesis","floor":40,"turns":5},{"damage":4,"enemies":"Giant Head","floor":42,"turns":6},{"damage":11,"enemies":"Writhing Mass","floor":44,"turns":5},{"damage":21,"enemies":"Reptomancer","floor":45,"turns":4},{"damage":0,"enemies":"Giant Head","floor":47,"turns":7},{"damage":3,"enemies":"Spire Growth","floor":48,"turns":4},{"damage":29,"enemies":"Awakened One","floor":50,"turns":9},{"damage":30,"enemies":"Shield and Spear","floor":54,"turns":5},{"damage":67,"enemies":"The Heart","floor":55,"turns":9}],"seed_played":"-4415405335350560288","potions_obtained":[{"floor":1.0,"key":"EssenceOfSteel"},{"floor":10.0,"key":"PowerPotion"},{"floor":12.0,"key":"SpeedPotion"},{"floor":13.0,"key":"SkillPotion"},{"floor":14.0,"key":"AttackPotion"}],"is_trial":false,"path_per_floor":["M","?","$","?","?","E","R","M","T","E","R","E","M","E","R","B",null,"M","M","?","$","M","R","E","?","T","R","M","M","?","T","R","B",null,"M","?","M","?","$","E","$","E","T","M","E","R","E","M","R","B",null,"R","$","E","B",null],"character_chosen":"DEFECT","items_purchased":["Apotheosis","Sling","Impatience","Violence","The Bomb","Finesse","Singing Bowl","Ornamental Fan","Mummified Hand","Matryoshka","Mercury Hourglass","Static Discharge","Core Surge+1","Force Field"],"campfire_rested":4,"item_purchase_floors":[3,21,21,39,39,39,39,39,39,39,39,41,53,53],"current_hp_per_floor":[64,64,64,64,53,53,53,53,53,53,53,49,49,54,54,54,72,65,65,50,50,47,47,15,15,15,39,38,38,25,25,49,47,74,71,71,71,71,71,73,73,69,75,70,51,80,80,79,79,50,88,101,101,73,6],"gold":34,"neow_bonus":"THREE_ENEMY_KILL","is_prod":false,"is_daily":false,"chose_seed":false,"campfire_upgraded":2,"win_rate":0,"timestamp":1552814413,"path_taken":["M","?","$","?","?","E","R","?","T","E","R","E","M","E","R","BOSS","M","M","?","$","M","R","E","?","T","R","M","M","?","?","R","BOSS","M","?","M","?","$","E","$","E","T","M","E","R","E","M","R","BOSS","R","$","E","BOSS"],"build_version":"2019-01-23","purchased_purges":3,"victory":true,"max_hp_per_floor":[71,71,71,71,71,71,71,71,71,71,71,71,71,78,78,78,78,78,78,83,83,83,83,83,83,83,83,83,83,83,83,83,83,83,83,83,83,83,83,85,85,85,91,97,99,99,99,101,101,101,101,101,101,103,103],"card_choices":[{"not_picked":["BootSequence","Redo"],"picked":"Glacier","floor":1.0},{"not_picked":["Ball Lightning","Static Discharge"],"picked":"Gash","floor":6.0},{"not_picked":["Melter","Scrape","Hello World"],"picked":"SKIP","floor":8.0},{"not_picked":["Go for the Eyes","White Noise"],"picked":"Gash","floor":10.0},{"not_picked":["Ball Lightning","Heatsinks"],"picked":"Glacier","floor":12.0},{"not_picked":["Compile Driver","Storm"],"picked":"White Noise","floor":13.0},{"not_picked":["FTL","Rebound"],"picked":"Coolheaded","floor":14.0},{"not_picked":["Fission","Thunder Strike"],"picked":"Echo Form","floor":16.0},{"not_picked":["Storm","Leap"],"picked":"Defragment","floor":18.0},{"not_picked":["Go for the Eyes","Steam"],"picked":"Hologram","floor":19.0},{"not_picked":["Genetic Algorithm","Turbo","Compile Driver"],"picked":"SKIP","floor":22.0},{"not_picked":["Hello World","Barrage"],"picked":"Go for the Eyes","floor":24.0},{"not_picked":["Hello World+1","Streamline","Blizzard+1"],"picked":"SKIP","floor":28.0},{"not_picked":["Darkness","Coolheaded"],"picked":"Reinforced Body","floor":29.0},{"not_picked":["Go for the Eyes","Aggregate"],"picked":"White Noise","floor":30.0},{"not_picked":["Amplify","Meteor Strike"],"picked":"Machine Learning","floor":33.0},{"not_picked":["Streamline","Barrage","Reinforced Body"],"picked":"SKIP","floor":35.0},{"not_picked":["Go for the Eyes","Tempest","Hologram"],"picked":"SKIP","floor":37.0},{"not_picked":["Rainbow","Reinforced Body","Blizzard"],"picked":"Singing Bowl","floor":40},{"not_picked":["Streamline","Leap"],"picked":"Fission","floor":42},{"not_picked":["Conserve Battery+1","Coolheaded"],"picked":"Defragment","floor":44},{"not_picked":["Darkness","Redo","Stack+1"],"picked":"Singing Bowl","floor":45},{"not_picked":["Steam Power+1","Conserve Battery"],"picked":"Gash+1","floor":47},{"not_picked":["Sweeping Beam+1","Conserve Battery","Hologram"],"picked":"Singing Bowl","floor":48},{"not_picked":["Leap","Heatsinks+1","Beam Cell+1"],"picked":"Singing Bowl","floor":54}],"player_experience":309940,"relics_obtained":[{"floor":6.0,"key":"Shuriken"},{"floor":9.0,"key":"PreservedInsect"},{"floor":10.0,"key":"Letter Opener"},{"floor":12.0,"key":"Peace Pipe"},{"floor":14.0,"key":"Strawberry"},{"floor":24.0,"key":"Darkstone Periapt"},{"floor":26.0,"key":"The Courier"},{"floor":30.0,"key":"Red Mask"},{"floor":31.0,"key":"Omamori"},{"floor":40,"key":"Du-Vu Doll"},{"floor":42,"key":"Molten Egg 2"},{"floor":43,"key":"Boot"},{"floor":45,"key":"Potion Belt"},{"floor":47,"key":"Frozen Egg 2"},{"floor":54,"key":"Blue Candle"}],"event_choices":[{"damage_healed":0.0,"max_hp_gain":0.0,"max_hp_loss":0.0,"gold_gain":175.0,"event_name":"Liars Game","player_choice":"AGREE","floor":2.0,"gold_loss":0.0,"damage_taken":0.0,"cards_obtained":["Doubt"]},{"damage_healed":0.0,"max_hp_gain":0.0,"max_hp_loss":0.0,"gold_gain":0.0,"event_name":"The Cleric","player_choice":"Leave","floor":4.0,"gold_loss":0.0,"damage_taken":0.0},{"damage_healed":0.0,"max_hp_gain":0.0,"max_hp_loss":0.0,"gold_gain":75.0,"event_name":"World of Goop","player_choice":"Gather Gold","floor":5.0,"gold_loss":0.0,"damage_taken":11.0},{"damage_healed":0.0,"max_hp_gain":5.0,"max_hp_loss":0.0,"gold_gain":0.0,"event_name":"Forgotten Altar","player_choice":"Shed Blood","floor":20.0,"gold_loss":0.0,"damage_taken":20.0},{"damage_healed":0.0,"max_hp_gain":0.0,"max_hp_loss":0.0,"gold_gain":0.0,"cards_transformed":["Strike_B","Strike_B"],"event_name":"Drug Dealer","player_choice":"Became Test Subject","floor":25.0,"gold_loss":0.0,"damage_taken":0.0,"cards_obtained":["Scrape","Biased Cognition"]},{"damage_healed":0.0,"max_hp_gain":0.0,"max_hp_loss":0.0,"gold_gain":0.0,"event_name":"Masked Bandits","player_choice":"Fought Bandits","floor":30.0,"gold_loss":0.0,"damage_taken":0.0},{"damage_healed":0.0,"max_hp_gain":0.0,"max_hp_loss":0.0,"gold_gain":999.0,"event_name":"MindBloom","player_choice":"Gold","floor":36.0,"gold_loss":0.0,"damage_taken":0.0,"cards_obtained":["Normality","Normality"]},{"damage_healed":0.0,"max_hp_gain":0.0,"max_hp_loss":0.0,"gold_gain":222.0,"event_name":"Tomb of Lord Red Mask","player_choice":"Wore Mask","floor":38.0,"gold_loss":0.0,"damage_taken":0.0}],"is_beta":false,"boss_relics":[{"not_picked":["Lizard Tail","Orrery"],"picked":"Sozu"},{"not_picked":["Black Star","Philosopher\u0027s Stone"],"picked":"Cursed Key"}],"items_purged_floors":[3,21,39],"is_endless":false,"potions_floor_spawned":[1,10,12,13,14,18,22,29,33,37,40,44,47],"ascension_level":14}