{"gold_per_floor":[112,130,157,168,218,218,245,262,262,294,294,310,310,33,33,112,112,129,142,142,122,37,68,68,103,103,103,116,116,133,163,163,235,235,251,266,40,58,69,104,104,133,187,207,235,235,260,272,272,272,272,272,272,143,174,174],"floor_reached":56,"playtime":4324,"items_purged":["Strike_B"],"score":2570,"play_id":"1e1a9826-15a8-4df3-b83a-e575d877177d","local_time":"20190121015441","is_ascension_mode":true,"campfire_choices":[{"data":"Streamline","floor":6.0,"key":"SMITH"},{"data":"Electrodynamics","floor":11.0,"key":"SMITH"},{"data":"Consume","floor":13.0,"key":"SMITH"},{"data":"Dualcast","floor":15.0,"key":"SMITH"},{"data":"Buffer","floor":24.0,"key":"SMITH"},{"data":"Capacitor","floor":27.0,"key":"SMITH"},{"data":"Hologram","floor":32.0,"key":"SMITH"},{"data":"Heatsinks","floor":41.0,"key":"SMITH"},{"data":"Coolheaded","floor":46.0,"key":"SMITH"},{"floor":49.0,"key":"RECALL"},{"data":"Fission","floor":53.0,"key":"SMITH"}],"neow_cost":"TEN_PERCENT_HP_LOSS","seed_source_timestamp":16769686168392,"circlet_count":0,"master_deck":["AscendersBane","Defend_B","Defend_B","Defend_B","Defend_B","Zap","Dualcast+1","Electrodynamics+1","Self Repair","Ball Lightning","Echo Form","Consume+1","Buffer+1","Creative AI+1","Reinforced Body+1","Cold Snap+1","Go for the Eyes+1","Capacitor+1","Hologram+1","Fission+1","Coolheaded+1","Heatsinks+1","Glacier"],"special_seed":0,"relics":["Cracked Core","Bronze Scales","Boot","Oddly Smooth Stone","Molten Egg 2","Mummified Hand","Astrolabe","Lantern","Blood Vial","Strawberry","Gremlin Horn","Empty Cage","Runic Capacitor","Happy Flower","FossilizedHelix","Sundial","Thread and Needle","Art of War"],"potions_floor_usage":[56],"damage_taken":[{"damage":1.0,"enemies":"Cultist","floor":1.0,"turns":3.0},{"damage":9.0,"enemies":"Jaw Worm","floor":2.0,"turns":4.0},{"damage":5.0,"enemies":"Small Slimes","floor":4.0,"turns":3.0},{"damage":10.0,"enemies":"Gremlin Nob","floor":7.0,"turns":3.0},{"damage":1.0,"enemies":"3 Louse","floor":8.0,"turns":2.0},{"damage":12.0,"enemies":"3 Sentries","floor":10.0,"turns":4.0},{"damage":20.0,"enemies":"Lots of Slimes","floor":12.0,"turns":3.0},{"damage":0.0,"enemies":"Slime Boss","floor":16.0,"turns":3.0},{"damage":0.0,"enemies":"3 Byrds","floor":18.0,"turns":1.0},{"damage":0.0,"enemies":"Shell Parasite","floor":19.0,"turns":4.0},{"damage":7.0,"enemies":"Gremlin Leader","floor":23.0,"turns":6.0},{"damage":12.0,"enemies":"Book of Stabbing","floor":25.0,"turns":5.0},{"damage":16.0,"enemies":"Snake Plant","floor":28.0,"turns":4.0},{"damage":15.0,"enemies":"Centurion and Healer","floor":30.0,"turns":4.0},{"damage":7.0,"enemies":"Gremlin Leader","floor":31.0,"turns":5.0},{"damage":24.0,"enemies":"Automaton","floor":33.0,"turns":8.0},{"damage":14.0,"enemies":"3 Darklings","floor":35.0,"turns":4.0},{"damage":14.0,"enemies":"3 Shapes","floor":36.0,"turns":4.0},{"damage":14.0,"enemies":"3 Darklings","floor":38.0,"turns":4.0},{"damage":13.0,"enemies":"Sphere and 2 Shapes","floor":39.0,"turns":5.0},{"damage":1.0,"enemies":"Nemesis","floor":40.0,"turns":9.0},{"damage":0.0,"enemies":"Reptomancer","floor":42.0,"turns":4.0},{"damage":21.0,"enemies":"4 Shapes","floor":44.0,"turns":2.0},{"damage":0.0,"enemies":"Nemesis","floor":45.0,"turns":8.0},{"damage":0.0,"enemies":"Reptomancer","floor":47.0,"turns":5.0},{"damage":17.0,"enemies":"Jaw Worm Horde","floor":48.0,"turns":4.0},{"damage":0.0,"enemies":"Donu and Deca","floor":50.0,"turns":8.0},{"damage":0.0,"enemies":"Awakened One","floor":51.0,"turns":16.0},{"damage":53.0,"enemies":"Shield and Spear","floor":55.0,"turns":8.0},{"damage":60,"enemies":"The Heart","floor":56,"turns":3}],"seed_played":"5076446482477622682","potions_obtained":[{"floor":1.0,"key":"Block Potion"},{"floor":2.0,"key":"Poison Potion"},{"floor":12.0,"key":"PowerPotion"},{"floor":16.0,"key":"Poison Potion"},{"floor":19.0,"key":"SkillPotion"},{"floor":25.0,"key":"Fire Potion"},{"floor":30.0,"key":"Explosive Potion"},{"floor":33.0,"key":"Block Potion"},{"floor":35.0,"key":"PowerPotion"},{"floor":39.0,"key":"GamblersBrew"},{"floor":40.0,"key":"Explosive Potion"},{"floor":45.0,"key":"FearPotion"},{"floor":47.0,"key":"Regen Potion"},{"floor":48.0,"key":"AttackPotion"}],"is_trial":false,"path_per_floor":["M","M","T","M","?","R","E","M","T","E","R","M","R","$","R","B",null,"M","M","?","?","$","E","R","E","T","R","M","?","M","E","R","B",null,"M","M","$","M","M","E","R","E","T","M","E","R","E","M","R","B","B",null,"R","$","E","B"],"character_chosen":"DEFECT","items_purchased":["Mummified Hand","Capacitor","Runic Capacitor","Weak Potion"],"campfire_rested":0,"item_purchase_floors":[14,22,37,54],"current_hp_per_floor":[63,54,54,49,43,43,40,39,39,34,34,21,21,21,21,21,53,53,60,43,43,43,43,43,45,52,52,52,52,39,41,41,33,65,60,62,62,57,60,68,68,76,76,62,71,71,76,73,73,76,76,76,76,76,37,0],"gold":174,"neow_bonus":"THREE_RARE_CARDS","is_prod":false,"is_daily":false,"chose_seed":false,"campfire_upgraded":10,"win_rate":0,"timestamp":1548006881,"path_taken":["M","M","?","M","?","R","E","?","T","E","R","M","R","$","R","BOSS","M","M","?","?","$","E","R","E","T","R","?","?","?","E","R","BOSS","M","M","$","M","M","E","R","E","T","M","E","R","E","M","R","BOSS","BOSS","R","$","E","BOSS"],"build_version":"2019-01-17v2","purchased_purges":1,"victory":false,"max_hp_per_floor":[64,64,64,64,64,64,64,64,64,64,64,64,64,64,64,64,64,64,64,69,69,69,69,69,69,76,76,76,76,76,76,76,76,76,76,76,76,76,76,76,76,76,76,76,76,76,76,76,76,76,76,76,76,76,76,76],"card_choices":[{"not_picked":["Creative AI","Biased Cognition"],"picked":"Electrodynamics","floor":0.0},{"not_picked":["Storm","Gash","Leap"],"picked":"SKIP","floor":1.0},{"not_picked":["Conserve Battery","Go for the Eyes"],"picked":"Streamline","floor":2.0},{"not_picked":["Coolheaded","Sunder"],"picked":"Self Repair","floor":4.0},{"not_picked":["Streamline","Recycle"],"picked":"Ball Lightning","floor":7.0},{"not_picked":["Streamline","Ball Lightning","Rebound"],"picked":"SKIP","floor":8.0},{"not_picked":["Steam","Skim"],"picked":"Echo Form","floor":10.0},{"not_picked":["Gash+1","Skim"],"picked":"Consume","floor":12.0},{"not_picked":["Thunder Strike+1","Meteor Strike+1"],"picked":"Buffer","floor":16.0},{"not_picked":["Reprogram","Barrage+1"],"picked":"Go for the Eyes+1","floor":18.0},{"not_picked":["Redo+1","Fusion","Turbo"],"picked":"SKIP","floor":19.0},{"not_picked":["Leap","Coolheaded","Rebound+1"],"picked":"SKIP","floor":23.0},{"not_picked":["Coolheaded","Streamline+1","All For One+1"],"picked":"SKIP","floor":25.0},{"not_picked":["Coolheaded","Streamline+1","All For One+1"],"picked":"SKIP","floor":25.0},{"not_picked":["Rebound+1","Compile Driver+1","Gash+1"],"picked":"SKIP","floor":28.0},{"not_picked":["Go for the Eyes+1","Reboot"],"picked":"Hologram","floor":30.0},{"not_picked":["Leap","Melter+1","Doom and Gloom+1"],"picked":"SKIP","floor":31.0},{"not_picked":["Machine Learning","Hyperbeam+1"],"picked":"Fission","floor":33.0},{"not_picked":["Conserve Battery","Cold Snap+1","Redo"],"picked":"SKIP","floor":35.0},{"not_picked":["Conserve Battery","Cold Snap+1","Redo"],"picked":"SKIP","floor":35.0},{"not_picked":["Leap+1","Compile Driver+1","Doom and Gloom+1"],"picked":"SKIP","floor":36.0},{"not_picked":["Chaos","Static Discharge","Steam"],"picked":"SKIP","floor":38.0},{"not_picked":["Streamline+1","Conserve Battery+1"],"picked":"Coolheaded","floor":39.0},{"not_picked":["Buffer","Steam+1"],"picked":"Heatsinks","floor":40.0},{"not_picked":["Gash+1","Consume","Ball Lightning+1"],"picked":"SKIP","floor":42.0},{"not_picked":["Turbo","Beam Cell+1","Chill"],"picked":"SKIP","floor":44.0},{"not_picked":["Machine Learning","Stack","Streamline+1"],"picked":"SKIP","floor":45.0},{"not_picked":["Hyperbeam+1","Stack+1","Turbo"],"picked":"SKIP","floor":47.0},{"not_picked":["Turbo","Barrage+1"],"picked":"Glacier","floor":48.0},{"not_picked":["Loop","Gash+1","Multi-Cast"],"picked":"SKIP","floor":55.0}],"player_experience":2562334,"relics_obtained":[{"floor":3.0,"key":"Bronze Scales"},{"floor":7.0,"key":"Boot"},{"floor":9.0,"key":"Oddly Smooth Stone"},{"floor":10.0,"key":"Molten Egg 2"},{"floor":23.0,"key":"Lantern"},{"floor":25.0,"key":"Blood Vial"},{"floor":26.0,"key":"Strawberry"},{"floor":31.0,"key":"Gremlin Horn"},{"floor":40.0,"key":"Happy Flower"},{"floor":42.0,"key":"FossilizedHelix"},{"floor":45.0,"key":"Sundial"},{"floor":47.0,"key":"Thread and Needle"},{"floor":55.0,"key":"Art of War"}],"event_choices":[{"damage_healed":0.0,"max_hp_gain":0.0,"max_hp_loss":0.0,"gold_gain":50.0,"event_name":"FaceTrader","player_choice":"Touch","floor":5.0,"gold_loss":0.0,"damage_taken":6.0},{"damage_healed":0.0,"max_hp_gain":5.0,"max_hp_loss":0.0,"gold_gain":0.0,"event_name":"Forgotten Altar","player_choice":"Shed Blood","floor":20.0,"gold_loss":0.0,"damage_taken":22.0},{"damage_healed":0.0,"max_hp_gain":0.0,"max_hp_loss":0.0,"gold_gain":0.0,"event_name":"The Woman in Blue","player_choice":"Bought 1 Potion","floor":21.0,"gold_loss":0.0,"damage_taken":0.0},{"damage_healed":0.0,"max_hp_gain":0.0,"max_hp_loss":0.0,"gold_gain":0.0,"event_name":"Wheel of Change","player_choice":"Cursed","floor":29.0,"gold_loss":0.0,"damage_taken":0.0,"cards_obtained":["Decay"]}],"is_beta":false,"boss_relics":[{"not_picked":["Calling Bell","Cursed Key"],"picked":"Astrolabe"},{"not_picked":["Tiny House","Orrery"],"picked":"Empty Cage"}],"items_purged_floors":[54],"is_endless":false,"potions_floor_spawned":[1,2,12,16,19,25,30,33,35,39,40,45,47,48],"killed_by":"The Heart","ascension_level":20}