{"gold_per_floor":[115,115,127,147,71,71,106,106,106,138,151,151,183,193,193,264,264,276,241,258,258],"floor_reached":21,"playtime":945,"items_purged":[],"score":388,"play_id":"0a2bcfc8-3959-4310-8ae9-1458ad4f4eb1","local_time":"20190502231015","is_ascension_mode":true,"campfire_choices":[{"data":"Body Slam","floor":6,"key":"SMITH"},{"floor":8,"key":"REST"},{"data":"Uppercut","floor":15,"key":"SMITH"}],"neow_cost":"NONE","seed_source_timestamp":549777223328500,"circlet_count":0,"master_deck":["AscendersBane","Strike_R","Strike_R","Strike_R","Strike_R","Strike_R","Defend_R","Defend_R","Defend_R","Defend_R","Bash","Shrug It Off","Shrug It Off","Shrug It Off","Body Slam+1","Uppercut+1","Rampage","Limit Break","Double Tap","Battle Trance","Inflame"],"relics":["Black Blood","Ice Cream","Thread and Needle","Anchor","SsserpentHead","Bottled Flame","Boot"],"potions_floor_usage":[10,10,16,16,21,21],"damage_taken":[{"damage":14,"enemies":"Jaw Worm","floor":1,"turns":3},{"damage":6,"enemies":"Cultist","floor":3,"turns":3},{"damage":3,"enemies":"2 Louse","floor":4,"turns":3},{"damage":61,"enemies":"Gremlin Nob","floor":7,"turns":5},{"damage":12,"enemies":"Lagavulin","floor":10,"turns":6},{"damage":0,"enemies":"Red Slaver","floor":11,"turns":2},{"damage":6,"enemies":"3 Sentries","floor":13,"turns":8},{"damage":0,"enemies":"3 Louse","floor":14,"turns":4},{"damage":51,"enemies":"Hexaghost","floor":16,"turns":12},{"damage":36,"enemies":"Shell Parasite","floor":18,"turns":9},{"damage":14,"enemies":"Chosen","floor":20,"turns":6},{"damage":36,"enemies":"Centurion and Healer","floor":21,"turns":6}],"seed_played":"8556795589138747043","potions_obtained":[{"floor":2,"key":"BloodPotion"},{"floor":2,"key":"Block Potion"},{"floor":11,"key":"Dexterity Potion"},{"floor":13,"key":"GamblersBrew"},{"floor":14,"key":"Fire Potion"},{"floor":16,"key":"GamblersBrew"},{"floor":18,"key":"EssenceOfSteel"}],"is_trial":false,"path_per_floor":["M","?","M","M","$","R","E","R","T","E","M","?","E","M","R","B",null,"M","?","M","M"],"character_chosen":"IRONCLAD","items_purchased":["Shrug It Off","Body Slam"],"campfire_rested":1,"item_purchase_floors":[5,5],"current_hp_per_floor":[67,67,67,70,70,70,15,39,39,41,47,47,47,53,53,8,64,38,38,34,0],"gold":258,"neow_bonus":"TEN_PERCENT_HP_BONUS","is_prod":false,"is_daily":false,"chose_seed":false,"campfire_upgraded":2,"win_rate":0,"timestamp":1556827815,"path_taken":["M","?","?","M","?","R","E","R","T","E","M","?","E","M","R","BOSS","M","?","M","M"],"build_version":"2019-01-23","purchased_purges":0,"victory":false,"max_hp_per_floor":[82,82,82,82,82,82,82,82,82,82,82,82,82,82,82,82,82,82,82,82,82],"card_choices":[{"not_picked":["Havoc","Evolve","Perfected Strike"],"picked":"SKIP","floor":1},{"not_picked":["Feel No Pain","Wild Strike"],"picked":"Shrug It Off","floor":3},{"not_picked":["Brutality","Wild Strike"],"picked":"Shrug It Off","floor":4},{"not_picked":["Bloodletting","Sentinel"],"picked":"Uppercut","floor":7},{"not_picked":["Rage","Corruption","Havoc"],"picked":"SKIP","floor":10},{"not_picked":["Havoc","Anger"],"picked":"Rampage","floor":11},{"not_picked":["Clash","Sword Boomerang","Clothesline"],"picked":"SKIP","floor":13},{"not_picked":["Searing Blow","Thunderclap"],"picked":"Limit Break","floor":14},{"not_picked":["Impervious","Dark Embrace"],"picked":"Double Tap","floor":16},{"not_picked":["Metallicize","Seeing Red"],"picked":"Battle Trance","floor":18},{"not_picked":["Twin Strike+1","Armaments"],"picked":"Inflame","floor":20}],"player_experience":359116,"relics_obtained":[{"floor":7,"key":"Ice Cream"},{"floor":9,"key":"Thread and Needle"},{"floor":10,"key":"Anchor"},{"floor":13,"key":"Bottled Flame"}],"event_choices":[{"damage_healed":0,"gold_gain":0,"player_choice":"Got Potions","damage_taken":0,"max_hp_gain":0,"max_hp_loss":0,"event_name":"Lab","floor":2,"gold_loss":0},{"damage_healed":0,"gold_gain":0,"player_choice":"Trade","damage_taken":0,"relics_obtained":["SsserpentHead"],"max_hp_gain":0,"max_hp_loss":0,"event_name":"FaceTrader","floor":12,"gold_loss":0},{"damage_healed":0,"gold_gain":0,"player_choice":"Obtained Relic","damage_taken":0,"relics_obtained":["Boot"],"max_hp_gain":0,"max_hp_loss":0,"event_name":"Addict","floor":19,"gold_loss":85}],"is_beta":false,"boss_relics":[{"not_picked":["Runic Dome","White Beast Statue"],"picked":"Black Blood"}],"items_purged_floors":[],"is_endless":false,"potions_floor_spawned":[4,11,13,14,16,18,20],"killed_by":"Centurion and Healer","ascension_level":19}