{"gold_per_floor":[168,343,343,360,23,23,40,40,40,40,57,57,72,85,85,183,183],"floor_reached":17,"playtime":355,"items_purged":["Doubt"],"score":147,"play_id":"c405a708-cfe1-4871-a3b6-4c40b809a639","local_time":"20181216131753","is_ascension_mode":false,"campfire_choices":[{"data":"Whirlwind","floor":6,"key":"SMITH"},{"data":"Flame Barrier","floor":10,"key":"SMITH"},{"data":"Demon Form","floor":15,"key":"SMITH"}],"neow_cost":"NONE","seed_source_timestamp":17589047145082,"circlet_count":0,"master_deck":["Strike_R","Strike_R","Strike_R+1","Strike_R+1","Strike_R","Defend_R","Defend_R","Defend_R","Defend_R","Bash+1","Sword Boomerang","Anger","Flame Barrier+1","Corruption+1","Whirlwind+1","Reaper","Spot Weakness","Demon Form+1","True Grit"],"relics":["Tiny House"],"potions_floor_usage":[],"damage_taken":[{"damage":1,"enemies":"Cultist","floor":1,"turns":3},{"damage":0,"enemies":"Small Slimes","floor":4,"turns":2},{"damage":0,"enemies":"Jaw Worm","floor":7,"turns":3},{"damage":9,"enemies":"2 Fungi Beasts","floor":11,"turns":3},{"damage":8,"enemies":"Lots of Slimes","floor":13,"turns":3},{"damage":12,"enemies":"Blue Slaver","floor":14,"turns":4},{"damage":27,"enemies":"The Guardian","floor":16,"turns":8}],"seed_played":"7143820434585675841","potions_obtained":[{"floor":0,"key":"SkillPotion"},{"floor":1,"key":"SmokeBomb"},{"floor":14,"key":"SpeedPotion"},{"floor":16,"key":"FearPotion"}],"is_trial":false,"path_per_floor":["M","?","?","M","$","R","M","?","T","R","M","?","M","M","R","B",null],"character_chosen":"IRONCLAD","items_purchased":["Corruption","Whirlwind","Reaper"],"campfire_rested":0,"item_purchase_floors":[5,5,5],"current_hp_per_floor":[84,84,67,67,67,67,67,67,67,67,66,66,77,65,65,54,85],"gold":183,"neow_bonus":"BOSS_RELIC","is_prod":false,"is_daily":false,"chose_seed":false,"campfire_upgraded":3,"win_rate":0,"timestamp":1544995073,"path_taken":["M","?","?","M","$","R","M","?","T","R","?","?","M","M","R","BOSS"],"build_version":"2018-12-13","purchased_purges":1,"victory":false,"max_hp_per_floor":[85,85,85,85,85,85,85,85,85,85,85,85,85,85,85,85,85],"card_choices":[{"not_picked":["Intimidate","Twin Strike"],"picked":"Sword Boomerang","floor":0},{"not_picked":["Combust","Fire Breathing"],"picked":"Anger","floor":1},{"not_picked":["Blood for Blood","Iron Wave"],"picked":"Flame Barrier","floor":4},{"not_picked":["Clothesline","Carnage","Clash"],"picked":"SKIP","floor":7},{"not_picked":["Dropkick","Flex"],"picked":"Spot Weakness","floor":11},{"not_picked":["Metallicize","Anger"],"picked":"Demon Form","floor":13},{"not_picked":["Headbutt","Perfected Strike"],"picked":"True Grit","floor":14}],"player_experience":1828292,"relics_obtained":[],"event_choices":[{"damage_healed":0,"gold_gain":175,"player_choice":"AGREE","damage_taken":0,"max_hp_gain":0,"max_hp_loss":0,"event_name":"Liars Game","floor":2,"gold_loss":0,"cards_obtained":["Doubt"]},{"damage_healed":0,"gold_gain":0,"player_choice":"Entered Light","damage_taken":17,"max_hp_gain":0,"max_hp_loss":0,"event_name":"Shining Light","floor":3,"gold_loss":0,"cards_upgraded":["Bash","Strike_R"]},{"damage_healed":0,"gold_gain":0,"player_choice":"Grow","damage_taken":0,"max_hp_gain":0,"max_hp_loss":0,"event_name":"Living Wall","floor":8,"gold_loss":0,"cards_upgraded":["Corruption"]},{"damage_healed":0,"gold_gain":0,"player_choice":"Relic","damage_taken":0,"max_hp_gain":0,"max_hp_loss":0,"event_name":"Wheel of Change","floor":12,"gold_loss":0}],"is_beta":false,"boss_relics":[{"not_picked":["Runic Dome","Philosopher\u0027s Stone","Ectoplasm"]}],"items_purged_floors":[5],"is_endless":false,"potions_floor_spawned":[1,14,16],"ascension_level":0}