{"gold_per_floor":[118,118,137,54,78,78,153,153,205,225,225,248,24,43,43,132,132,132,132,132,7,0,0],"floor_reached":23,"playtime":867,"items_purged":["Strike_R"],"score":326,"play_id":"e91aa87e-a116-406a-8231-b3fa8104b0c2","local_time":"20181104230947","is_ascension_mode":true,"campfire_choices":[{"data":"Carnage","floor":6,"key":"SMITH"},{"data":"Body Slam","floor":8,"key":"SMITH"},{"data":"Static Discharge","floor":15,"key":"SMITH"}],"neow_cost":"NONE","seed_source_timestamp":7205074821006,"circlet_count":0,"master_deck":["AscendersBane","Strike_R","Strike_R","Strike_R","Strike_R","Defend_R","Defend_R","Defend_R","Defend_R","Bash","Trip","Body Slam+1","Clothesline","Carnage+1","Shrug It Off","Shrug It Off","Shrug It Off","Static Discharge+1","Juggernaut","Cloak And Dagger","Whirlwind","Armaments","Deep Breath"],"relics":["Burning Blood","Golden Idol","Boot","Peace Pipe","PrismaticShard","Ectoplasm"],"potions_floor_usage":[16,23,23],"damage_taken":[{"damage":0,"enemies":"2 Louse","floor":1,"turns":3},{"damage":10,"enemies":"Small Slimes","floor":3,"turns":4},{"damage":1,"enemies":"Cultist","floor":5,"turns":3},{"damage":5,"enemies":"Red Slaver","floor":10,"turns":4},{"damage":0,"enemies":"Looter","floor":12,"turns":1},{"damage":0,"enemies":"2 Fungi Beasts","floor":14,"turns":2},{"damage":24,"enemies":"The Guardian","floor":16,"turns":10},{"damage":10,"enemies":"Spheric Guardian","floor":18,"turns":4},{"damage":27,"enemies":"Colosseum Slavers","floor":19,"turns":3},{"damage":11,"enemies":"2 Thieves","floor":22,"turns":5},{"damage":32,"enemies":"Slavers","floor":23,"turns":5}],"seed_played":"149819643023953761","potions_obtained":[{"floor":5,"key":"Regen Potion"},{"floor":10,"key":"Energy Potion"},{"floor":16,"key":"GamblersBrew"},{"floor":22,"key":"Explosive Potion"}],"is_trial":false,"path_per_floor":["M","?","M","$","M","R","?","R","T","M","?","M","$","M","R","B",null,"M","?","?","$","M","E"],"character_chosen":"IRONCLAD","items_purchased":["Carnage","PrismaticShard","Armaments"],"campfire_rested":0,"item_purchase_floors":[4,13,21],"current_hp_per_floor":[74,48,44,44,49,49,38,38,38,39,13,19,19,25,25,22,62,58,37,37,37,32,0],"gold":0,"neow_bonus":"RANDOM_COLORLESS","is_prod":false,"is_daily":false,"chose_seed":false,"campfire_upgraded":3,"win_rate":0,"timestamp":1541369387,"path_taken":["M","?","M","$","M","R","?","R","T","M","?","M","$","M","R","BOSS","M","?","?","$","M","E"],"build_version":"2018-11-01","purchased_purges":1,"victory":false,"max_hp_per_floor":[75,75,75,75,75,75,75,75,75,75,75,75,75,75,75,75,75,75,75,75,75,75,75],"card_choices":[{"not_picked":["Clash","Iron Wave"],"picked":"Body Slam","floor":1},{"not_picked":["Rage","Iron Wave"],"picked":"Clothesline","floor":3},{"not_picked":["Headbutt","Rage"],"picked":"Shrug It Off","floor":5},{"not_picked":["Cleave","Intimidate"],"picked":"Shrug It Off","floor":10},{"not_picked":["Hemokinesis","Armaments"],"picked":"Shrug It Off","floor":12},{"not_picked":["Acrobatics","Flying Knee"],"picked":"Static Discharge","floor":14},{"not_picked":["Multi-Cast","Fission"],"picked":"Juggernaut","floor":16},{"not_picked":["Clash","Consume"],"picked":"Cloak And Dagger","floor":18},{"not_picked":["Deadly Poison","Capacitor"],"picked":"Deep Breath","floor":22}],"player_experience":315880,"relics_obtained":[{"floor":9,"key":"Boot"}],"event_choices":[{"damage_healed":0,"gold_gain":0,"player_choice":"Take Damage","damage_taken":26,"relics_obtained":["Golden Idol"],"max_hp_gain":0,"max_hp_loss":0,"event_name":"Golden Idol","floor":2,"gold_loss":0},{"damage_healed":0,"gold_gain":75,"player_choice":"Gather Gold","damage_taken":11,"max_hp_gain":0,"max_hp_loss":0,"event_name":"World of Goop","floor":7,"gold_loss":0},{"damage_healed":0,"gold_gain":0,"player_choice":"Success","damage_taken":26,"relics_obtained":["Peace Pipe"],"max_hp_gain":0,"max_hp_loss":0,"event_name":"Scrap Ooze","floor":11,"gold_loss":0},{"damage_healed":0,"gold_gain":0,"player_choice":"Fight","damage_taken":0,"max_hp_gain":0,"max_hp_loss":0,"event_name":"Colosseum","floor":19,"gold_loss":0},{"damage_healed":0,"gold_gain":0,"player_choice":"Fled From Nobs","damage_taken":0,"max_hp_gain":0,"max_hp_loss":0,"event_name":"Colosseum","floor":19,"gold_loss":0},{"damage_healed":0,"gold_gain":0,"player_choice":"Read","damage_taken":0,"max_hp_gain":0,"max_hp_loss":0,"event_name":"The Library","floor":20,"gold_loss":0,"cards_obtained":["Whirlwind"]}],"is_beta":false,"boss_relics":[{"not_picked":["Runic Pyramid","Black Blood"],"picked":"Ectoplasm"}],"items_purged_floors":[21],"is_endless":false,"potions_floor_spawned":[5,10,14,16,22],"killed_by":"Slavers","ascension_level":16}