{"gold_per_floor":[115,115,131,81,81,81,104,123,123,205,130,153,53,77,77,77],"floor_reached":16,"playtime":352,"items_purged":["Defend_R","Strike_R"],"score":92,"play_id":"348382b6-4f7f-4453-88f9-21cdd48797dd","local_time":"20190111211830","is_ascension_mode":false,"campfire_choices":[{"data":"Bash","floor":6,"key":"SMITH"},{"data":"Strike_R","floor":15,"key":"SMITH"}],"neow_cost":"TEN_PERCENT_HP_LOSS","seed_source_timestamp":174477835307715,"circlet_count":0,"master_deck":["Strike_R+1","Strike_R+1","Strike_R+1","Strike_R","Defend_R","Defend_R","Bash+1"],"relics":["Burning Blood","Pocketwatch","Golden Idol","Ornamental Fan","Shuriken"],"potions_floor_usage":[16],"damage_taken":[{"damage":5,"enemies":"2 Louse","floor":1,"turns":2},{"damage":1,"enemies":"Jaw Worm","floor":3,"turns":4},{"damage":0,"enemies":"Small Slimes","floor":7,"turns":2},{"damage":9,"enemies":"Exordium Wildlife","floor":8,"turns":4},{"damage":11,"enemies":"Red Slaver","floor":12,"turns":4},{"damage":6,"enemies":"2 Fungi Beasts","floor":14,"turns":4},{"damage":44,"enemies":"Hexaghost","floor":16,"turns":9}],"seed_played":"6466292793684606222","potions_obtained":[{"floor":3,"key":"PowerPotion"},{"floor":7,"key":"Ancient Potion"},{"floor":8,"key":"GamblersBrew"}],"is_trial":false,"path_per_floor":["M","?","M","?","?","R","M","M","T","T","$","M","$","M","R","B"],"character_chosen":"IRONCLAD","items_purchased":[],"campfire_rested":0,"item_purchase_floors":[],"current_hp_per_floor":[72,58,63,63,45,45,51,48,48,48,48,43,43,43,43,0],"gold":77,"neow_bonus":"ONE_RARE_RELIC","is_prod":false,"is_daily":false,"chose_seed":false,"campfire_upgraded":2,"win_rate":0,"timestamp":1547237910,"path_taken":["M","?","M","?","?","R","?","M","T","?","$","M","$","?","R","BOSS"],"build_version":"2019-01-10","purchased_purges":2,"victory":false,"max_hp_per_floor":[72,72,72,72,72,72,72,72,72,72,72,72,72,72,72,72],"card_choices":[{"not_picked":["Thunderclap","Warcry","True Grit"],"picked":"SKIP","floor":1},{"not_picked":["Rage","Pommel Strike","Iron Wave"],"picked":"SKIP","floor":3},{"not_picked":["Metallicize","Pommel Strike","Heavy Blade"],"picked":"SKIP","floor":7},{"not_picked":["Thunderclap","Blood for Blood","Body Slam"],"picked":"SKIP","floor":8},{"not_picked":["True Grit","Clash","Twin Strike"],"picked":"SKIP","floor":12},{"not_picked":["Feel No Pain","Reaper","Cleave"],"picked":"SKIP","floor":14}],"player_experience":439985,"relics_obtained":[{"floor":9,"key":"Ornamental Fan"},{"floor":10,"key":"Shuriken"}],"event_choices":[{"damage_healed":0,"gold_gain":0,"player_choice":"Entered Light","damage_taken":14,"max_hp_gain":0,"max_hp_loss":0,"event_name":"Shining Light","floor":2,"gold_loss":0,"cards_upgraded":["Strike_R","Strike_R"]},{"cards_removed":["Defend_R"],"damage_healed":0,"gold_gain":0,"player_choice":"Card Removal","damage_taken":0,"max_hp_gain":0,"max_hp_loss":0,"event_name":"The Cleric","floor":4,"gold_loss":50},{"damage_healed":0,"gold_gain":0,"player_choice":"Take Damage","damage_taken":18,"relics_obtained":["Golden Idol"],"max_hp_gain":0,"max_hp_loss":0,"event_name":"Golden Idol","floor":5,"gold_loss":0}],"is_beta":false,"boss_relics":[],"items_purged_floors":[11,13],"is_endless":false,"potions_floor_spawned":[3,7,8],"killed_by":"Hexaghost","ascension_level":0}