{"gold_per_floor":[16,31,41,54,65,96,96,36,88,106,141,157,186,199,199,271,271,283,283,283,208,93,93,127,127,153,153,153,169,195,213,213,292,292,302,302,319,337,337,337,349,227,250,250,268,287,313,4,4,4],"floor_reached":50,"playtime":1811,"items_purged":["Thunder Strike","Dualcast"],"score":1066,"play_id":"ca0a57ef-736e-439c-be84-f3ed3a32086a","local_time":"20181105082216","is_ascension_mode":true,"campfire_choices":[{"data":"Hyperbeam","floor":7.0,"key":"SMITH"},{"floor":15.0,"key":"REST"},{"data":"Beam Cell","floor":23.0,"key":"SMITH"},{"data":"Seek","floor":25.0,"key":"SMITH"},{"floor":28.0,"key":"REST"},{"data":"Hologram","floor":32.0,"key":"SMITH"},{"data":"Go for the Eyes","floor":40.0,"key":"SMITH"},{"data":"Hologram","floor":44.0,"key":"SMITH"},{"floor":49.0,"key":"REST"}],"neow_cost":"NO_GOLD","seed_source_timestamp":137418803399821,"circlet_count":0,"master_deck":["AscendersBane","Strike_B+1","Strike_B+1","Strike_B+1","Defend_B+1","Defend_B+1","Defend_B+1","Hyperbeam+1","Rebound","Go for the Eyes+1","Beam Cell+1","Conserve Battery","Seek","Reprogram","Steam","Seek+1","Auto Shields","Hologram+1","White Noise+1","Machine Learning","Self Repair+1","Sweeping Beam+1","Hologram+1","Decay","Reinforced Body","Undo"],"special_seed":0,"relics":["Cracked Core","The Courier","Lantern","Pear","Whetstone","White Beast Statue","Pen Nib","Bottled Lightning","Bag of Preparation","MutagenicStrength","Thread and Needle","Cursed Key","Orichalcum","Darkstone Periapt","ClockworkSouvenir"],"potions_floor_usage":[50,50,50],"damage_taken":[{"damage":0.0,"enemies":"Cultist","floor":1.0,"turns":2.0},{"damage":7.0,"enemies":"Jaw Worm","floor":2.0,"turns":3.0},{"damage":5.0,"enemies":"Small Slimes","floor":3.0,"turns":2.0},{"damage":0.0,"enemies":"2 Fungi Beasts","floor":4.0,"turns":2.0},{"damage":2.0,"enemies":"Blue Slaver","floor":5.0,"turns":2.0},{"damage":0.0,"enemies":"3 Sentries","floor":6.0,"turns":5.0},{"damage":0.0,"enemies":"Large Slime","floor":10.0,"turns":2.0},{"damage":21.0,"enemies":"Gremlin Nob","floor":11.0,"turns":4.0},{"damage":11.0,"enemies":"Exordium Thugs","floor":12.0,"turns":3.0},{"damage":11.0,"enemies":"Lagavulin","floor":13.0,"turns":6.0},{"damage":0.0,"enemies":"2 Fungi Beasts","floor":14.0,"turns":1.0},{"damage":34.0,"enemies":"The Guardian","floor":16.0,"turns":10.0},{"damage":5.0,"enemies":"3 Byrds","floor":18.0,"turns":2.0},{"damage":18.0,"enemies":"Book of Stabbing","floor":24.0,"turns":6.0},{"damage":0.0,"enemies":"Shell Parasite","floor":29.0,"turns":1.0},{"damage":0.0,"enemies":"Gremlin Leader","floor":30.0,"turns":2.0},{"damage":0.0,"enemies":"Shelled Parasite and Fungi","floor":31.0,"turns":1.0},{"damage":53.0,"enemies":"Collector","floor":33.0,"turns":8.0},{"damage":0.0,"enemies":"3 Darklings","floor":35.0,"turns":2.0},{"damage":0.0,"enemies":"Orb Walker","floor":37.0,"turns":1.0},{"damage":14.0,"enemies":"Writhing Mass","floor":38.0,"turns":6.0},{"damage":0.0,"enemies":"Transient","floor":41.0,"turns":5.0},{"damage":0.0,"enemies":"Jaw Worm Horde","floor":45.0,"turns":2.0},{"damage":0.0,"enemies":"Sphere and 2 Shapes","floor":46.0,"turns":1.0},{"damage":31.0,"enemies":"Nemesis","floor":47.0,"turns":5.0},{"damage":74,"enemies":"Donu and Deca","floor":50,"turns":9}],"seed_played":"8885807293299830915","potions_obtained":[{"floor":1.0,"key":"Block Potion"},{"floor":3.0,"key":"SteroidPotion"},{"floor":11.0,"key":"AttackPotion"},{"floor":16.0,"key":"PowerPotion"},{"floor":18.0,"key":"Swift Potion"},{"floor":24.0,"key":"Swift Potion"},{"floor":29.0,"key":"Strength Potion"},{"floor":38.0,"key":"FocusPotion"},{"floor":41.0,"key":"Explosive Potion"},{"floor":46.0,"key":"GamblersBrew"},{"floor":47.0,"key":"SpeedPotion"}],"is_trial":false,"path_per_floor":["M","M","M","M","M","E","R","$","T","M","E","M","E","M","R","B",null,"M","?","?","?","$","R","E","R","T","?","R","M","E","M","R","B",null,"M","?","M","M","?","R","M","$","T","R","M","M","E","$","R","B"],"character_chosen":"DEFECT","items_purchased":["Pen Nib","Hologram","ClockworkSouvenir","EntropicBrew","Undo"],"campfire_rested":3,"item_purchase_floors":[22,42,48,48,48],"current_hp_per_floor":[64,57,52,52,50,50,50,50,50,50,39,28,17,17,41,7,63,58,58,58,58,58,58,40,40,40,40,64,64,64,64,64,11,64,64,64,64,60,60,60,70,70,70,70,70,70,49,49,72,0],"gold":4,"neow_bonus":"TRANSFORM_TWO_CARDS","is_prod":false,"is_daily":false,"chose_seed":false,"campfire_upgraded":6,"win_rate":0,"timestamp":1541434936,"path_taken":["M","M","M","M","M","E","R","$","T","M","E","M","E","M","R","BOSS","M","?","?","?","$","R","E","R","T","?","R","M","E","M","R","BOSS","M","?","M","M","?","R","M","$","T","R","?","M","E","$","R","BOSS"],"build_version":"2018-11-01","purchased_purges":2,"victory":false,"max_hp_per_floor":[71,71,71,71,71,71,71,71,71,71,81,81,81,81,81,81,81,81,81,81,81,81,81,81,81,81,81,81,81,81,81,81,81,81,81,81,81,81,77,77,77,77,77,77,77,77,77,77,77,77],"card_choices":[{"not_picked":["Steam Power","Rip and Tear"],"picked":"Rebound","floor":1.0},{"not_picked":["Lockon","Hologram"],"picked":"Go for the Eyes","floor":2.0},{"not_picked":["BootSequence","Gash"],"picked":"Beam Cell","floor":3.0},{"not_picked":["Sweeping Beam","Echo Form"],"picked":"Conserve Battery","floor":4.0},{"not_picked":["Barrage","Go for the Eyes","Leap"],"picked":"SKIP","floor":5.0},{"not_picked":["Aggregate","Rebound"],"picked":"Seek","floor":6.0},{"not_picked":["Redo","Compile Driver"],"picked":"Conserve Battery","floor":10.0},{"not_picked":["Barrage","Darkness","Compile Driver"],"picked":"SKIP","floor":11.0},{"not_picked":["Redo","Go for the Eyes"],"picked":"Reprogram","floor":12.0},{"not_picked":["Steam Power","Consume","Go for the Eyes"],"picked":"SKIP","floor":13.0},{"not_picked":["Redo","Melter"],"picked":"Steam","floor":14.0},{"not_picked":["Rainbow","Thunder Strike"],"picked":"Seek","floor":16.0},{"not_picked":["Beam Cell","Blizzard","Steam"],"picked":"SKIP","floor":18.0},{"not_picked":["Conserve Battery","Chill"],"picked":"Auto Shields","floor":24.0},{"not_picked":["Streamline","Ball Lightning"],"picked":"Hologram","floor":29.0},{"not_picked":["Streamline","Darkness"],"picked":"White Noise+1","floor":30.0},{"not_picked":["Conserve Battery","Rebound","Reprogram"],"picked":"SKIP","floor":31.0},{"not_picked":["Seek","Electrodynamics"],"picked":"Machine Learning","floor":33.0},{"not_picked":["Cold Snap+1","Chaos"],"picked":"Self Repair+1","floor":35.0},{"not_picked":["Steam","Steam Power","White Noise"],"picked":"SKIP","floor":37.0},{"not_picked":["Ball Lightning","Gash+1"],"picked":"Sweeping Beam+1","floor":38.0},{"not_picked":["Beam Cell","Cold Snap+1","Chill"],"picked":"SKIP","floor":41.0},{"not_picked":["Gash","Heatsinks+1","Loop+1"],"picked":"SKIP","floor":45.0},{"not_picked":["Fission","Self Repair","Barrage"],"picked":"SKIP","floor":46.0},{"not_picked":["Rebound","Melter"],"picked":"Reinforced Body","floor":47.0}],"player_experience":1589164,"relics_obtained":[{"floor":6.0,"key":"The Courier"},{"floor":9.0,"key":"Lantern"},{"floor":11.0,"key":"Pear"},{"floor":13.0,"key":"Whetstone"},{"floor":24.0,"key":"Bottled Lightning"},{"floor":26.0,"key":"Bag of Preparation"},{"floor":30.0,"key":"Thread and Needle"},{"floor":43.0,"key":"Orichalcum"},{"floor":47.0,"key":"Darkstone Periapt"}],"event_choices":[{"damage_healed":0.0,"max_hp_gain":0.0,"max_hp_loss":0.0,"gold_gain":0.0,"event_name":"Back to Basics","player_choice":"Simplicity","floor":19.0,"gold_loss":0.0,"damage_taken":0.0,"cards_upgraded":["Strike_B","Defend_B","Defend_B","Defend_B"]},{"damage_healed":0.0,"max_hp_gain":0.0,"max_hp_loss":0.0,"gold_gain":0.0,"event_name":"The Mausoleum","player_choice":"Ignored","floor":20.0,"gold_loss":0.0,"damage_taken":0.0},{"cards_removed":["Zap"],"damage_healed":0.0,"max_hp_gain":0.0,"max_hp_loss":0.0,"gold_gain":0.0,"event_name":"Beggar","player_choice":"Gave Gold","floor":21.0,"gold_loss":75.0,"damage_taken":0.0},{"damage_healed":0.0,"max_hp_gain":0.0,"max_hp_loss":0.0,"gold_gain":0.0,"event_name":"Drug Dealer","player_choice":"Inject Mutagens","floor":27.0,"gold_loss":0.0,"damage_taken":0.0,"relics_obtained":["MutagenicStrength"]},{"cards_removed":["Conserve Battery"],"damage_healed":0.0,"max_hp_gain":0.0,"max_hp_loss":0.0,"gold_gain":0.0,"event_name":"Falling","player_choice":"Removed Skill","floor":36.0,"gold_loss":0.0,"damage_taken":0.0},{"damage_healed":0.0,"max_hp_gain":0.0,"max_hp_loss":4.0,"gold_gain":0.0,"event_name":"Winding Halls","player_choice":"Max HP","floor":39.0,"gold_loss":0.0,"damage_taken":0.0}],"is_beta":false,"boss_relics":[{"not_picked":["Ectoplasm","Tiny House"],"picked":"White Beast Statue"},{"not_picked":["Philosopher\u0027s Stone","Runic Dome"],"picked":"Cursed Key"}],"items_purged_floors":[8,42],"is_endless":false,"potions_floor_spawned":[1,3,4,11,13,14,16,18,24,29,30,31,33,35,37,38,41,45,46,47],"killed_by":"Donu and Deca","ascension_level":15}