{"gold_per_floor":[212,225,225,236,236,236,254,254,254,298,313,313,357,378,378,471,471,485,485,485,478,492,492,516,535,560,584,12,30,30,44,44,135,135,154,172,92,217,240,240,240,240,267,267,567,567,567,586,586,586],"floor_reached":51,"playtime":2172,"items_purged":["Strike_R","Strike_R"],"score":1213,"play_id":"6160c13b-1536-4a4c-b252-7e0027358e4d","local_time":"20190424104555","is_ascension_mode":true,"campfire_choices":[{"data":"Bash","floor":6.0,"key":"SMITH"},{"data":"Twin Strike","floor":8.0,"key":"SMITH"},{"data":"1","floor":15.0,"key":"LIFT"},{"data":"2","floor":23.0,"key":"LIFT"},{"data":"3","floor":30,"key":"LIFT"},{"data":"Armaments","floor":32,"key":"SMITH"},{"data":"Limit Break","floor":40,"key":"SMITH"},{"data":"Disarm","floor":41,"key":"SMITH"},{"data":"Disarm","floor":42,"key":"SMITH"},{"data":"Shockwave","floor":44,"key":"SMITH"},{"data":"True Grit","floor":46,"key":"SMITH"},{"data":"Rage","floor":47,"key":"SMITH"},{"floor":49,"key":"REST"}],"neow_cost":"NONE","seed_source_timestamp":96525661836930,"circlet_count":0,"master_deck":["AscendersBane","Strike_R","Strike_R","Strike_R","Defend_R","Defend_R","Defend_R","Defend_R","Bash+1","Twin Strike","Battle Trance","Twin Strike+1","Feel No Pain+1","Disarm+1","Headbutt","Armaments+1","Impervious","Disarm+1","Iron Wave","Clothesline","Rage+1","Armaments+1","True Grit+1","Evolve+1","Limit Break+1","Twin Strike+1","Shockwave+1","Exhume","Twin Strike"],"special_seed":0,"relics":["Burning Blood","Golden Idol","Frozen Egg 2","Girya","The Courier","Pocketwatch","Eternal Feather","Enchiridion","Blue Candle","Juzu Bracelet","Paper Frog","Self Forming Clay","Bronze Scales","Mark of Pain","WingedGreaves","Bag of Marbles"],"potions_floor_usage":[33,50,50],"damage_taken":[{"damage":2.0,"enemies":"2 Louse","floor":1.0,"turns":3.0},{"damage":0.0,"enemies":"Small Slimes","floor":2.0,"turns":3.0},{"damage":1.0,"enemies":"Cultist","floor":4.0,"turns":3.0},{"damage":3.0,"enemies":"2 Fungi Beasts","floor":7.0,"turns":4.0},{"damage":20.0,"enemies":"Lagavulin","floor":10.0,"turns":6.0},{"damage":12.0,"enemies":"Exordium Thugs","floor":11.0,"turns":3.0},{"damage":22.0,"enemies":"3 Sentries","floor":13.0,"turns":9.0},{"damage":16.0,"enemies":"Lots of Slimes","floor":14.0,"turns":5.0},{"damage":20.0,"enemies":"Hexaghost","floor":16.0,"turns":8.0},{"damage":2.0,"enemies":"3 Byrds","floor":18.0,"turns":7.0},{"damage":9.0,"enemies":"2 Thieves","floor":21.0,"turns":4.0},{"damage":6.0,"enemies":"Centurion and Healer","floor":22.0,"turns":7.0},{"damage":9.0,"enemies":"Cultist and Chosen","floor":24.0,"turns":9.0},{"damage":0.0,"enemies":"Snecko","floor":25.0,"turns":5.0},{"damage":7.0,"enemies":"Snake Plant","floor":27.0,"turns":7.0},{"damage":19,"enemies":"Centurion and Healer","floor":29,"turns":5},{"damage":14,"enemies":"3 Cultists","floor":31,"turns":6},{"damage":60,"enemies":"Champ","floor":33,"turns":17},{"damage":15,"enemies":"3 Darklings","floor":35,"turns":6},{"damage":21,"enemies":"Orb Walker","floor":36,"turns":3},{"damage":0,"enemies":"Mind Bloom Boss Battle","floor":38,"turns":7},{"damage":17,"enemies":"3 Darklings","floor":39,"turns":6},{"damage":32,"enemies":"Spire Growth","floor":48,"turns":6},{"damage":15,"enemies":"Time Eater","floor":50,"turns":11}],"seed_played":"2975359990874893865","potions_obtained":[{"floor":1.0,"key":"Dexterity Potion"},{"floor":4.0,"key":"Regen Potion"},{"floor":16.0,"key":"SteroidPotion"},{"floor":24.0,"key":"EssenceOfSteel"},{"floor":29,"key":"Block Potion"},{"floor":36,"key":"EssenceOfSteel"}],"is_trial":false,"path_per_floor":["M","M","?","M","?","R","M","R","T","E","M","?","E","M","R","B",null,"M","?","T","M","M","R","M","M","T","M","$","M","R","M","R","B",null,"M","M","$","?","M","R","R","R","T","R","?","R","R","M","R","B",null],"character_chosen":"IRONCLAD","items_purchased":["Paper Frog","Self Forming Clay","Bronze Scales"],"campfire_rested":1,"item_purchase_floors":[28,28,28],"current_hp_per_floor":[72,75,80,80,72,72,72,72,72,58,52,52,36,26,26,12,57,61,40,40,37,52,64,61,67,67,66,66,53,65,57,72,18,59,50,35,35,41,30,45,60,72,72,72,72,72,72,46,72,63],"gold":586,"neow_bonus":"HUNDRED_GOLD","is_prod":false,"is_daily":false,"chose_seed":false,"campfire_upgraded":9,"win_rate":0,"timestamp":1556127955,"path_taken":["M","M","?","M","?","R","M","R","T","E","M","?","E","?","R","BOSS","M","?","?","?","M","R","M","M","T","M","$","M","R","M","R","BOSS","M","M","$","?","M","R","R","R","T","R","?","R","R","M","R","BOSS"],"build_version":"2019-01-23","purchased_purges":2,"victory":true,"max_hp_per_floor":[75,75,80,80,72,72,72,72,72,72,72,72,72,72,72,72,72,72,72,72,72,72,72,72,72,72,72,72,72,72,72,72,72,72,72,72,72,72,72,72,72,72,72,72,72,72,72,72,72,72],"card_choices":[{"not_picked":["Body Slam","Armaments"],"picked":"Thunderclap","floor":1.0},{"not_picked":["Flex","Thunderclap"],"picked":"Twin Strike","floor":2.0},{"not_picked":["Evolve","Perfected Strike"],"picked":"Battle Trance","floor":4.0},{"not_picked":["Perfected Strike","Havoc"],"picked":"Twin Strike","floor":7.0},{"not_picked":["True Grit","Dropkick"],"picked":"Feel No Pain+1","floor":10.0},{"not_picked":["Armaments","Dropkick"],"picked":"Disarm","floor":11.0},{"not_picked":["Warcry","Entrench"],"picked":"Headbutt","floor":13.0},{"not_picked":["Headbutt","Battle Trance"],"picked":"Armaments","floor":14.0},{"not_picked":["Exhume","Offering"],"picked":"Impervious","floor":16.0},{"not_picked":["Warcry","Twin Strike"],"picked":"Disarm","floor":18.0},{"not_picked":["Warcry","Pommel Strike"],"picked":"Iron Wave","floor":21.0},{"not_picked":["Rampage+1","Heavy Blade"],"picked":"Clothesline","floor":22.0},{"not_picked":["Searing Blow","Pummel"],"picked":"Rage","floor":24.0},{"not_picked":["Pommel Strike","Feel No Pain+1"],"picked":"Armaments+1","floor":25.0},{"not_picked":["Armaments","Sword Boomerang","Clash"],"picked":"SKIP","floor":27.0},{"not_picked":["Feed","Iron Wave+1"],"picked":"True Grit","floor":29},{"not_picked":["Clothesline","Twin Strike"],"picked":"Evolve+1","floor":31},{"not_picked":["Feed","Brutality+1"],"picked":"Limit Break","floor":33},{"not_picked":["Sword Boomerang","Wild Strike"],"picked":"Twin Strike+1","floor":35},{"not_picked":["Flex","Twin Strike","Headbutt"],"picked":"SKIP","floor":36},{"not_picked":["Clothesline","Sword Boomerang"],"picked":"Shockwave","floor":38},{"not_picked":["Twin Strike","Combust+1"],"picked":"Exhume","floor":39},{"not_picked":["Thunderclap","Blood for Blood"],"picked":"Twin Strike","floor":48}],"player_experience":2490806,"relics_obtained":[{"floor":9.0,"key":"Frozen Egg 2"},{"floor":10.0,"key":"Girya"},{"floor":13.0,"key":"Pocketwatch"},{"floor":19.0,"key":"Enchiridion"},{"floor":20.0,"key":"Blue Candle"},{"floor":26.0,"key":"Juzu Bracelet"},{"floor":38,"key":"WingedGreaves"},{"floor":43,"key":"Bag of Marbles"}],"event_choices":[{"damage_healed":0.0,"max_hp_gain":5.0,"max_hp_loss":0.0,"gold_gain":0.0,"event_name":"Big Fish","player_choice":"Donut","floor":3.0,"gold_loss":0.0,"damage_taken":0.0},{"damage_healed":0.0,"max_hp_gain":0.0,"max_hp_loss":8.0,"gold_gain":0.0,"event_name":"Golden Idol","player_choice":"Lose Max HP","floor":5.0,"gold_loss":0.0,"damage_taken":0.0,"relics_obtained":["Golden Idol"]},{"cards_removed":["Thunderclap"],"damage_healed":0.0,"max_hp_gain":0.0,"max_hp_loss":0.0,"gold_gain":0.0,"event_name":"WeMeetAgain","player_choice":"Gave Card","floor":12.0,"gold_loss":0.0,"damage_taken":0.0,"relics_obtained":["The Courier"]},{"damage_healed":0.0,"max_hp_gain":0.0,"max_hp_loss":0.0,"gold_gain":0.0,"event_name":"Cursed Tome","player_choice":"Obtained Book","floor":19.0,"gold_loss":0.0,"damage_taken":21.0},{"damage_healed":0,"gold_gain":0,"player_choice":"Fight","damage_taken":0,"max_hp_gain":0,"max_hp_loss":0,"event_name":"MindBloom","floor":38,"gold_loss":0},{"damage_healed":0,"gold_gain":300,"player_choice":"Gold","damage_taken":0,"max_hp_gain":0,"max_hp_loss":0,"event_name":"Wheel of Change","floor":45,"gold_loss":0}],"is_beta":false,"boss_relics":[{"not_picked":["Lizard Tail","Calling Bell"],"picked":"Eternal Feather"},{"not_picked":["Philosopher\u0027s Stone","Busted Crown"],"picked":"Mark of Pain"}],"items_purged_floors":[28,37],"is_endless":false,"potions_floor_spawned":[1,4,7,16,18,24,25,29,31,36,38],"ascension_level":15}