{"gold_per_floor":[113,132,142,157,332,360,360,385,385,166,221,235,235,310,310,405,405,418,435,534,100,100,135,155,155,179,191,201,218,218,230,230,326,326,336,347,347,151,170,170,202,202,202,220,220,220,220,237,237,237],"floor_reached":51,"playtime":3516,"items_purged":["Doubt"],"score":742,"play_id":"61a8f288-9b6e-4190-b715-2c1ae1163e7a","local_time":"20190401001143","is_ascension_mode":true,"campfire_choices":[{"data":"Zap","floor":7.0,"key":"SMITH"},{"data":"Hologram","floor":13.0,"key":"SMITH"},{"floor":15.0,"key":"REST"},{"data":"Redo","floor":25.0,"key":"SMITH"},{"floor":30.0,"key":"REST"},{"floor":32.0,"key":"REST"},{"data":"Defragment","floor":40,"key":"SMITH"},{"data":"Fission","floor":42,"key":"SMITH"},{"data":"Capacitor","floor":45,"key":"SMITH"},{"data":"Go for the Eyes","floor":47,"key":"SMITH"},{"floor":49,"key":"REST"}],"neow_cost":"PERCENT_DAMAGE","seed_source_timestamp":126427144507228,"circlet_count":0,"master_deck":["Defend_B","Defend_B","Defend_B","Defend_B","Zap+1","Dualcast","Ball Lightning","Hologram+1","Redo+1","Conserve Battery","Ball Lightning","Go for the Eyes","Hologram","Coolheaded","White Noise","Reboot","Hologram+1","Streamline+1","Consume+1","Conserve Battery","Loop","All For One","Capacitor+1","Rebound","Go for the Eyes+1","Leap","Redo+1","Go for the Eyes","Fission+1","Streamline+1","Glacier+1","Glacier+1","Defragment+1","Redo+1","Leap+1","Echo Form"],"special_seed":0,"relics":["Cracked Core","Pocketwatch","Bottled Lightning","Ancient Tea Set","Dream Catcher","DataDisk","Blue Candle","Astrolabe","Anchor","Incense Burner","Nunchaku","Blood Vial","Sozu","DollysMirror","Ginger","Bag of Marbles"],"potions_floor_usage":[],"damage_taken":[{"damage":0.0,"enemies":"Small Slimes","floor":1.0,"turns":2.0},{"damage":0.0,"enemies":"2 Louse","floor":2.0,"turns":1.0},{"damage":0.0,"enemies":"Cultist","floor":3.0,"turns":2.0},{"damage":1.0,"enemies":"Exordium Thugs","floor":4.0,"turns":3.0},{"damage":8.0,"enemies":"Gremlin Nob","floor":6.0,"turns":3.0},{"damage":21.0,"enemies":"Lagavulin","floor":8.0,"turns":5.0},{"damage":1.0,"enemies":"Gremlin Nob","floor":11.0,"turns":3.0},{"damage":0.0,"enemies":"Large Slime","floor":12.0,"turns":3.0},{"damage":2.0,"enemies":"Hexaghost","floor":16.0,"turns":8.0},{"damage":5.0,"enemies":"Spheric Guardian","floor":18.0,"turns":3.0},{"damage":0.0,"enemies":"Chosen","floor":19.0,"turns":3.0},{"damage":18.0,"enemies":"Book of Stabbing","floor":23.0,"turns":6.0},{"damage":16.0,"enemies":"Centurion and Healer","floor":24.0,"turns":4.0},{"damage":0.0,"enemies":"Cultist and Chosen","floor":27.0,"turns":4.0},{"damage":7.0,"enemies":"Shelled Parasite and Fungi","floor":28.0,"turns":4.0},{"damage":18.0,"enemies":"Centurion and Healer","floor":29.0,"turns":6.0},{"damage":5.0,"enemies":"Snake Plant","floor":31.0,"turns":2.0},{"damage":22.0,"enemies":"Collector","floor":33.0,"turns":9.0},{"damage":12,"enemies":"3 Darklings","floor":35,"turns":4},{"damage":2,"enemies":"3 Shapes","floor":36,"turns":3},{"damage":3,"enemies":"Spire Growth","floor":39,"turns":7},{"damage":16,"enemies":"Reptomancer","floor":41,"turns":7},{"damage":4,"enemies":"3 Darklings","floor":44,"turns":4},{"damage":0,"enemies":"Sphere and 2 Shapes","floor":48,"turns":4},{"damage":29,"enemies":"Donu and Deca","floor":50,"turns":12}],"seed_played":"-3308271490039254556","potions_obtained":[{"floor":3.0,"key":"AttackPotion"},{"floor":6.0,"key":"FearPotion"},{"floor":11.0,"key":"Weak Potion"},{"floor":16.0,"key":"SkillPotion"},{"floor":18.0,"key":"SneckoOil"},{"floor":23.0,"key":"SneckoOil"},{"floor":24.0,"key":"Weak Potion"},{"floor":27.0,"key":"Strength Potion"},{"floor":29.0,"key":"Fire Potion"}],"is_trial":false,"path_per_floor":["M","M","M","M","?","E","R","E","T","$","?","M","R","?","R","B",null,"M","M","?","$","?","E","M","R","T","M","M","M","R","M","R","B",null,"M","M","?","$","M","R","E","R","T","M","R","?","R","M","R","B",null],"character_chosen":"DEFECT","items_purchased":["DataDisk","Anchor","Incense Burner","DollysMirror"],"campfire_rested":4,"item_purchase_floors":[10,21,21,38],"current_hp_per_floor":[54,54,54,53,53,45,45,24,24,24,23,23,23,12,34,32,75,70,70,70,70,70,52,36,36,36,38,33,17,39,36,58,38,75,63,63,63,63,62,62,48,48,48,46,46,46,46,48,69,42],"gold":237,"neow_bonus":"ONE_RARE_RELIC","is_prod":false,"is_daily":false,"chose_seed":false,"campfire_upgraded":7,"win_rate":0,"timestamp":1554070303,"path_taken":["M","M","M","M","?","E","R","E","T","$","?","M","R","?","R","BOSS","M","M","?","$","?","E","M","R","T","M","?","M","R","M","R","BOSS","M","M","?","$","M","R","E","R","T","M","R","?","R","M","R","BOSS"],"build_version":"2019-01-23","purchased_purges":1,"victory":true,"max_hp_per_floor":[75,75,75,75,75,75,75,75,75,75,75,75,75,75,75,75,75,75,75,75,75,75,75,75,75,75,75,75,75,75,75,75,75,75,75,75,75,75,75,75,75,75,75,75,75,71,71,71,71,71],"card_choices":[{"not_picked":["Tempest","Reinforced Body"],"picked":"Ball Lightning","floor":1.0},{"not_picked":["Coolheaded","Double Energy"],"picked":"Hologram","floor":2.0},{"not_picked":["Beam Cell","Steam Power"],"picked":"Redo","floor":3.0},{"not_picked":["Coolheaded","Ball Lightning"],"picked":"Conserve Battery","floor":4.0},{"not_picked":["Coolheaded","Steam"],"picked":"Ball Lightning","floor":6.0},{"not_picked":["Static Discharge","Sweeping Beam"],"picked":"Go for the Eyes","floor":8.0},{"not_picked":["Double Energy","Steam"],"picked":"Hologram","floor":11.0},{"not_picked":["Doom and Gloom","Barrage"],"picked":"Coolheaded","floor":12.0},{"not_picked":["Blizzard","Go for the Eyes"],"picked":"White Noise","floor":15.0},{"not_picked":["Multi-Cast","Amplify"],"picked":"Reboot","floor":16.0},{"not_picked":["Streamline","Self Repair"],"picked":"Conserve Battery","floor":18.0},{"not_picked":["Turbo","Chill"],"picked":"Loop","floor":19.0},{"not_picked":["Rainbow","Lockon"],"picked":"All For One","floor":23.0},{"not_picked":["Defragment","Steam"],"picked":"Capacitor","floor":24.0},{"not_picked":["Consume","Melter"],"picked":"Rebound","floor":27.0},{"not_picked":["Compile Driver","Ball Lightning"],"picked":"Go for the Eyes","floor":28.0},{"not_picked":["Compile Driver","Doom and Gloom"],"picked":"Leap","floor":29.0},{"not_picked":["Defragment","Leap"],"picked":"Redo+1","floor":31.0},{"not_picked":["Self Repair","Leap"],"picked":"Go for the Eyes","floor":32.0},{"not_picked":["Hyperbeam","Rainbow"],"picked":"Fission","floor":33.0},{"not_picked":["Storm+1","Skim+1"],"picked":"Streamline+1","floor":35},{"not_picked":["Coolheaded","Streamline+1"],"picked":"Glacier+1","floor":36},{"not_picked":["Conserve Battery","Go for the Eyes+1"],"picked":"Defragment","floor":39},{"not_picked":["Beam Cell+1","Force Field"],"picked":"Redo+1","floor":41},{"not_picked":["Reprogram+1","Barrage","Sweeping Beam"],"picked":"SKIP","floor":44},{"not_picked":["Recycle","Steam Power+1"],"picked":"Leap+1","floor":48},{"not_picked":["Turbo+1","Sunder"],"picked":"Echo Form","floor":49}],"player_experience":654587,"relics_obtained":[{"floor":6.0,"key":"Bottled Lightning"},{"floor":8.0,"key":"Ancient Tea Set"},{"floor":9.0,"key":"Dream Catcher"},{"floor":11.0,"key":"Blue Candle"},{"floor":23.0,"key":"Nunchaku"},{"floor":26.0,"key":"Blood Vial"},{"floor":41,"key":"Ginger"},{"floor":43,"key":"Bag of Marbles"}],"event_choices":[{"damage_healed":0.0,"max_hp_gain":0.0,"max_hp_loss":0.0,"gold_gain":175.0,"event_name":"Liars Game","player_choice":"AGREE","floor":5.0,"gold_loss":0.0,"damage_taken":0.0,"cards_obtained":["Doubt"]},{"damage_healed":0.0,"max_hp_gain":0.0,"max_hp_loss":0.0,"gold_gain":30.0,"event_name":"Dead Adventurer","player_choice":"Searched \u00273\u0027 times","floor":11.0,"gold_loss":0.0,"damage_taken":0.0},{"damage_healed":0.0,"max_hp_gain":0.0,"max_hp_loss":0.0,"gold_gain":75.0,"event_name":"World of Goop","player_choice":"Gather Gold","floor":14.0,"gold_loss":0.0,"damage_taken":11.0},{"damage_healed":0.0,"max_hp_gain":0.0,"max_hp_loss":0.0,"gold_gain":99.0,"event_name":"Nest","player_choice":"Stole From Cult","floor":20.0,"gold_loss":0.0,"damage_taken":0.0},{"cards_removed":["Strike_B"],"damage_healed":0.0,"max_hp_gain":0.0,"max_hp_loss":0.0,"gold_gain":0.0,"event_name":"Purifier","player_choice":"Purged","floor":22.0,"gold_loss":0.0,"damage_taken":0.0},{"damage_healed":0,"gold_gain":0,"player_choice":"Ignored","damage_taken":0,"max_hp_gain":0,"max_hp_loss":0,"event_name":"Tomb of Lord Red Mask","floor":37,"gold_loss":0},{"damage_healed":0,"gold_gain":0,"player_choice":"Max HP","damage_taken":0,"max_hp_gain":0,"max_hp_loss":4,"event_name":"Winding Halls","floor":46,"gold_loss":0}],"is_beta":false,"boss_relics":[{"not_picked":["Snecko Eye","White Beast Statue"],"picked":"Astrolabe"},{"not_picked":["Eternal Feather","Nuclear Battery"],"picked":"Sozu"}],"items_purged_floors":[10],"is_endless":false,"potions_floor_spawned":[3,6,11,16,18,23,24,27,29,35,44,48],"ascension_level":1}