{"gold_per_floor":[111,111,111,123,138,138,173,173,173,47,66,77,94,107,107,202,202,222,66,246,256,56,56,85,11,85,85,148,165,165,314,314,416,416,430,580,630,680,481,481,32,59,59,123,135,151,151,250,250,250],"floor_reached":50,"playtime":3176,"items_purged":["Berserk","Strike_R"],"score":698,"play_id":"850836ba-4426-407c-8aa6-d536d2d21bbe","local_time":"20181112192102","is_ascension_mode":true,"campfire_choices":[{"data":"Hemokinesis","floor":6,"key":"SMITH"},{"data":"Entrench","floor":8,"key":"SMITH"},{"floor":15,"key":"REST"},{"data":"Demon Form","floor":23,"key":"SMITH"},{"floor":30,"key":"REST"},{"floor":32,"key":"REST"},{"data":"Limit Break","floor":40,"key":"SMITH"},{"floor":47,"key":"REST"},{"floor":49,"key":"REST"}],"neow_cost":"NONE","seed_source_timestamp":2527693377476568,"circlet_count":0,"master_deck":["Strike_R","Strike_R","Strike_R","Strike_R","Defend_R","Defend_R","Defend_R","Defend_R","Bash","Entrench+1","Bash","Hemokinesis+1","Pommel Strike","Cleave","Pommel Strike","Demon Form+1","Demon Form","Body Slam+1","Metallicize","Whirlwind","Sword Boomerang","Limit Break+1","Heavy Blade+1","Iron Wave+1","Heavy Blade+1"],"relics":["Burning Blood","Nunchaku","Bag of Marbles","Dodecahedron","Sozu","Pen Nib","Lee\u0027s Waffle","Vajra","Ornamental Fan","SsserpentHead","Lizard Tail","FossilizedHelix","Orichalcum","Kunai","ClockworkSouvenir","Champion Belt","Bag of Preparation","Du-Vu Doll"],"potions_floor_usage":[7,7,11,16,18,21],"damage_taken":[{"damage":5,"enemies":"Small Slimes","floor":1,"turns":3},{"damage":8,"enemies":"2 Louse","floor":4,"turns":3},{"damage":1,"enemies":"Cultist","floor":5,"turns":3},{"damage":52,"enemies":"3 Sentries","floor":7,"turns":9},{"damage":16,"enemies":"Red Slaver","floor":11,"turns":3},{"damage":10,"enemies":"Lots of Slimes","floor":12,"turns":3},{"damage":0,"enemies":"3 Louse","floor":13,"turns":1},{"damage":13,"enemies":"Gremlin Gang","floor":14,"turns":4},{"damage":4,"enemies":"Slime Boss","floor":16,"turns":8},{"damage":23,"enemies":"3 Byrds","floor":18,"turns":5},{"damage":16,"enemies":"Shell Parasite","floor":21,"turns":4},{"damage":49,"enemies":"Slavers","floor":24,"turns":4},{"damage":39,"enemies":"Shelled Parasite and Fungi","floor":28,"turns":4},{"damage":9,"enemies":"Snecko","floor":29,"turns":3},{"damage":41,"enemies":"Champ","floor":33,"turns":7},{"damage":20,"enemies":"Orb Walker","floor":35,"turns":3},{"damage":10,"enemies":"Mind Bloom Boss Battle","floor":36,"turns":6},{"damage":86,"enemies":"Reptomancer","floor":42,"turns":5},{"damage":27,"enemies":"3 Darklings","floor":44,"turns":4},{"damage":10,"enemies":"Maw","floor":45,"turns":5},{"damage":11,"enemies":"4 Shapes","floor":46,"turns":5},{"damage":27,"enemies":"2 Orb Walkers","floor":48,"turns":4},{"damage":46,"enemies":"Donu and Deca","floor":50,"turns":3}],"seed_played":"8728095191491643792","potions_obtained":[{"floor":4,"key":"Regen Potion"},{"floor":5,"key":"EntropicBrew"},{"floor":14,"key":"Weak Potion"}],"is_trial":false,"path_per_floor":["M","?","?","M","M","R","E","R","T","$","M","M","M","M","R","B",null,"M","$","?","M","$","R","E","$","T","?","M","M","R","?","R","B",null,"M","?","?","?","$","R","$","E","T","M","M","M","R","?","R","B"],"character_chosen":"IRONCLAD","items_purchased":["Cleave","Pen Nib","Lee\u0027s Waffle","Whirlwind","Orichalcum","Kunai","ClockworkSouvenir"],"campfire_rested":5,"item_purchase_floors":[10,19,22,25,39,41,41],"current_hp_per_floor":[80,68,68,66,71,71,40,40,40,40,39,35,41,34,58,60,80,63,63,39,29,87,87,44,44,44,44,11,8,34,34,60,25,87,73,69,69,69,69,69,69,45,45,24,20,15,41,20,46,0],"gold":250,"neow_bonus":"ONE_RANDOM_RARE_CARD","is_prod":false,"is_daily":false,"chose_seed":false,"campfire_upgraded":4,"win_rate":0,"timestamp":1542068462,"path_taken":["M","?","?","?","M","R","E","R","T","?","M","?","M","?","R","BOSS","M","$","?","?","$","R","E","$","T","?","?","M","R","?","R","BOSS","M","?","?","?","?","R","$","E","T","?","M","M","R","?","R","BOSS"],"build_version":"2018-11-08","purchased_purges":2,"victory":false,"max_hp_per_floor":[80,80,80,80,80,80,80,80,80,80,80,80,80,80,80,80,80,80,80,80,80,87,87,87,87,87,87,87,87,87,87,87,87,87,87,87,87,87,87,87,87,87,87,87,87,87,87,87,87,87],"card_choices":[{"not_picked":["Warcry","Clothesline"],"picked":"Entrench","floor":1},{"not_picked":["Sword Boomerang","Ghostly Armor"],"picked":"Pommel Strike","floor":4},{"not_picked":["Ghostly Armor","Twin Strike","Rage"],"picked":"SKIP","floor":5},{"not_picked":["Clash","Reckless Charge","Perfected Strike"],"picked":"SKIP","floor":7},{"not_picked":["Heavy Blade","Clothesline"],"picked":"Pommel Strike","floor":11},{"not_picked":["Rage","Combust","Second Wind"],"picked":"SKIP","floor":12},{"not_picked":["Sword Boomerang","Heavy Blade","Anger"],"picked":"SKIP","floor":13},{"not_picked":["Flex","Dual Wield"],"picked":"Demon Form","floor":14},{"not_picked":["Juggernaut","Double Tap"],"picked":"Demon Form","floor":16},{"not_picked":["Anger","Sever Soul+1"],"picked":"Body Slam+1","floor":18},{"not_picked":["Intimidate+1","Armaments","Flex"],"picked":"SKIP","floor":21},{"not_picked":["Warcry","Sever Soul"],"picked":"Metallicize","floor":24},{"not_picked":["Perfected Strike+1","True Grit+1","Pommel Strike"],"picked":"SKIP","floor":28},{"not_picked":["Body Slam","Havoc+1"],"picked":"Sword Boomerang","floor":29},{"not_picked":["Feed","Juggernaut"],"picked":"Limit Break","floor":33},{"not_picked":["Thunderclap","Whirlwind+1"],"picked":"Heavy Blade+1","floor":35},{"not_picked":["Flex","Cleave"],"picked":"Armaments+1","floor":36},{"not_picked":["Body Slam","Fiend Fire","Juggernaut"],"picked":"SKIP","floor":42},{"not_picked":["Pommel Strike+1","Body Slam+1","Warcry"],"picked":"SKIP","floor":44},{"not_picked":["Metallicize","Rage+1"],"picked":"Iron Wave+1","floor":45},{"not_picked":["Sword Boomerang","Armaments+1"],"picked":"Heavy Blade+1","floor":46}],"player_experience":121949,"relics_obtained":[{"floor":7,"key":"Bag of Marbles"},{"floor":9,"key":"Dodecahedron"},{"floor":24,"key":"Vajra"},{"floor":26,"key":"Ornamental Fan"},{"floor":36,"key":"FossilizedHelix"},{"floor":42,"key":"Champion Belt"},{"floor":43,"key":"Bag of Preparation"},{"floor":48,"key":"Du-Vu Doll"}],"event_choices":[{"damage_healed":0,"gold_gain":0,"player_choice":"Success","damage_taken":12,"relics_obtained":["Nunchaku"],"max_hp_gain":0,"max_hp_loss":0,"event_name":"Scrap Ooze","floor":2,"gold_loss":0},{"damage_healed":0,"gold_gain":0,"player_choice":"2 cards matched","damage_taken":0,"max_hp_gain":0,"max_hp_loss":0,"event_name":"Match and Keep!","floor":3,"gold_loss":0,"cards_obtained":["Bash","Hemokinesis"]},{"damage_healed":0,"gold_gain":180,"player_choice":"GOLD GOLD ","damage_taken":24,"max_hp_gain":0,"max_hp_loss":0,"event_name":"Knowing Skull","floor":20,"potions_obtained":[],"gold_loss":0,"cards_obtained":[]},{"damage_healed":0,"gold_gain":0,"player_choice":"Trade","damage_taken":0,"relics_obtained":["SsserpentHead"],"max_hp_gain":0,"max_hp_loss":0,"event_name":"FaceTrader","floor":27,"gold_loss":0},{"damage_healed":0,"gold_gain":99,"player_choice":"Stole From Cult","damage_taken":0,"max_hp_gain":0,"max_hp_loss":0,"event_name":"Nest","floor":31,"gold_loss":0},{"damage_healed":0,"gold_gain":0,"player_choice":"Fight","damage_taken":0,"max_hp_gain":0,"max_hp_loss":0,"event_name":"MindBloom","floor":36,"gold_loss":0},{"cards_removed":["Armaments"],"damage_healed":0,"gold_gain":0,"player_choice":"Removed Skill","damage_taken":0,"max_hp_gain":0,"max_hp_loss":0,"event_name":"Falling","floor":37,"gold_loss":0},{"damage_healed":0,"gold_gain":0,"player_choice":"Ignored","damage_taken":0,"max_hp_gain":0,"max_hp_loss":0,"event_name":"Tomb of Lord Red Mask","floor":38,"gold_loss":0},{"damage_healed":0,"gold_gain":0,"player_choice":"Fight","damage_taken":0,"max_hp_gain":0,"max_hp_loss":0,"event_name":"Mysterious Sphere","floor":48,"gold_loss":0}],"is_beta":false,"boss_relics":[{"not_picked":["Pandora\u0027s Box","Runic Pyramid"],"picked":"Sozu"},{"not_picked":["Runic Dome","Fusion Hammer"],"picked":"Lizard Tail"}],"items_purged_floors":[10,39],"is_endless":false,"potions_floor_spawned":[4,5,14,18,28,35,45],"killed_by":"Donu and Deca","ascension_level":4}