{"gold_per_floor":[117,117,133,148,148,181,181,216,216,216,36,36,92,111,111,185,185,199,226,226,240,255,255,289,300,300,333,346,28,61,61,61,137,187,207,219,219,237,250,275,275,306,306,181,194,220,239,265,265,265,265,265,265,2,36,36],"floor_reached":57,"playtime":3097,"items_purged":["Strike_R","Strike_R","Battle Trance"],"score":3805,"play_id":"c0655421-c6fb-449c-bda0-0d8bcd6966df","local_time":"20190415171221","is_ascension_mode":true,"campfire_choices":[{"data":"Fiend Fire","floor":7.0,"key":"SMITH"},{"floor":10.0,"key":"REST"},{"data":"Pommel Strike","floor":15.0,"key":"SMITH"},{"data":"True Grit","floor":23.0,"key":"SMITH"},{"data":"Dark Embrace","floor":32.0,"key":"SMITH"},{"data":"Burning Pact","floor":41,"key":"SMITH"},{"floor":49,"key":"RECALL"},{"data":"Offering","floor":53,"key":"SMITH"}],"neow_cost":"PERCENT_DAMAGE","seed_source_timestamp":11893572692400,"circlet_count":0,"master_deck":["AscendersBane","Defend_R","Defend_R","Defend_R","Defend_R","Bash+1","Fiend Fire+1","Offering+1","Flash of Steel+1","Regret","Pommel Strike+1","True Grit+1","Dark Embrace+1","Shrug It Off","Second Wind","Burning Pact+1","Feed+1","Body Slam+1","Exhume","Barricade"],"special_seed":0,"relics":["Burning Blood","Mango","Blue Candle","Sundial","Mummified Hand","Question Card","Empty Cage","Red Mask","Kunai","Bird Faced Urn","Thread and Needle","Medical Kit","Bottled Flame","Tiny House","Whetstone","Turnip","Bottled Tornado","Lantern","Pantograph","Bottled Lightning","Pear"],"potions_floor_usage":[40,56,56],"damage_taken":[{"damage":7.0,"enemies":"Jaw Worm","floor":1.0,"turns":3.0},{"damage":1.0,"enemies":"Cultist","floor":3.0,"turns":3.0},{"damage":5.0,"enemies":"2 Louse","floor":4.0,"turns":2.0},{"damage":40.0,"enemies":"Lagavulin","floor":6.0,"turns":7.0},{"damage":14.0,"enemies":"Gremlin Nob","floor":8.0,"turns":3.0},{"damage":11.0,"enemies":"3 Sentries","floor":13.0,"turns":10.0},{"damage":7.0,"enemies":"2 Fungi Beasts","floor":14.0,"turns":2.0},{"damage":13.0,"enemies":"The Guardian","floor":16.0,"turns":5.0},{"damage":7.0,"enemies":"Chosen","floor":18.0,"turns":1.0},{"damage":6.0,"enemies":"Masked Bandits","floor":19.0,"turns":2.0},{"damage":7.0,"enemies":"3 Byrds","floor":21.0,"turns":2.0},{"damage":17.0,"enemies":"Snecko","floor":22.0,"turns":3.0},{"damage":19.0,"enemies":"Slavers","floor":24.0,"turns":2.0},{"damage":6.0,"enemies":"Centurion and Healer","floor":25.0,"turns":1.0},{"damage":6.0,"enemies":"Book of Stabbing","floor":27.0,"turns":2.0},{"damage":7.0,"enemies":"Shelled Parasite and Fungi","floor":28.0,"turns":2.0},{"damage":0.0,"enemies":"Gremlin Leader","floor":30.0,"turns":4.0},{"damage":6.0,"enemies":"Champ","floor":33.0,"turns":2.0},{"damage":7,"enemies":"3 Darklings","floor":35,"turns":3},{"damage":7,"enemies":"3 Shapes","floor":36,"turns":3},{"damage":14,"enemies":"Jaw Worm Horde","floor":38,"turns":2},{"damage":6,"enemies":"3 Darklings","floor":39,"turns":3},{"damage":7,"enemies":"Nemesis","floor":40,"turns":3},{"damage":7,"enemies":"Reptomancer","floor":42,"turns":2},{"damage":10,"enemies":"Transient","floor":45,"turns":6},{"damage":6,"enemies":"Nemesis","floor":46,"turns":1},{"damage":18,"enemies":"4 Shapes","floor":47,"turns":2},{"damage":1,"enemies":"Giant Head","floor":48,"turns":3},{"damage":7,"enemies":"Awakened One","floor":50,"turns":2},{"damage":8,"enemies":"Donu and Deca","floor":51,"turns":1},{"damage":6,"enemies":"Shield and Spear","floor":55,"turns":1},{"damage":7,"enemies":"The Heart","floor":56,"turns":5}],"seed_played":"-1240858010131362170","potions_obtained":[{"floor":3.0,"key":"Explosive Potion"},{"floor":13.0,"key":"SmokeBomb"},{"floor":16.0,"key":"GamblersBrew"},{"floor":22.0,"key":"Dexterity Potion"},{"floor":25.0,"key":"Weak Potion"},{"floor":42,"key":"Block Potion"}],"is_trial":false,"path_per_floor":["M","?","M","M","?","E","R","E","T","R","$","?","?","M","R","B",null,"M","?","?","M","M","R","E","M","T","E","M","$","E","?","R","B",null,"M","M","?","M","M","E","R","E","T","$","M","E","M","E","R","B","B",null,"R","$","E","B",null],"character_chosen":"IRONCLAD","items_purchased":["Flash of Steel","Medical Kit","Bottled Lightning"],"campfire_rested":1,"item_purchase_floors":[11,29,54],"current_hp_per_floor":[49,49,54,55,55,35,35,27,27,53,53,53,48,47,47,40,77,76,76,76,75,64,64,51,53,53,53,54,54,62,62,62,64,88,93,98,98,96,102,103,103,108,108,108,106,112,106,113,113,125,126,126,126,126,136,140],"gold":36,"neow_bonus":"THREE_RARE_CARDS","is_prod":false,"is_daily":false,"chose_seed":false,"campfire_upgraded":6,"win_rate":0,"timestamp":1555319541,"path_taken":["M","?","M","?","?","E","R","E","T","R","$","?","?","M","R","BOSS","M","?","?","M","M","R","E","M","T","E","?","$","E","?","R","BOSS","M","M","?","M","?","E","R","E","T","$","M","E","M","E","R","BOSS","BOSS","R","$","E","BOSS"],"build_version":"2019-01-23","purchased_purges":3,"victory":true,"max_hp_per_floor":[75,75,75,75,75,89,89,89,89,89,89,89,89,89,89,89,89,89,89,89,89,89,89,89,89,89,89,89,89,89,89,89,89,94,98,102,102,106,110,110,110,114,114,114,114,118,122,122,122,126,126,126,126,126,136,140],"card_choices":[{"not_picked":["Barricade","Impervious"],"picked":"Fiend Fire","floor":0.0},{"not_picked":["Anger","Pommel Strike"],"picked":"Twin Strike","floor":1.0},{"not_picked":["Pommel Strike","Heavy Blade","Hemokinesis"],"picked":"SKIP","floor":3.0},{"not_picked":["Carnage","Sword Boomerang","Clash"],"picked":"SKIP","floor":4.0},{"not_picked":["Reckless Charge","Clothesline"],"picked":"Offering","floor":6.0},{"not_picked":["Blood for Blood","Fire Breathing"],"picked":"Battle Trance","floor":8.0},{"not_picked":["Armaments","Cleave"],"picked":"Pommel Strike","floor":13.0},{"not_picked":["Evolve","Rupture","Armaments"],"picked":"True Grit","floor":14.0},{"not_picked":["Limit Break","Double Tap","Juggernaut"],"picked":"Dark Embrace","floor":16.0},{"not_picked":["Clothesline","Whirlwind","Heavy Blade","Searing Blow"],"picked":"SKIP","floor":18.0},{"not_picked":["Pommel Strike","Headbutt+1","Corruption","Iron Wave"],"picked":"SKIP","floor":21.0},{"not_picked":["Twin Strike","Havoc","Fire Breathing","Armaments+1"],"picked":"SKIP","floor":22.0},{"not_picked":["Clothesline","Power Through+1","Wild Strike","Combust"],"picked":"SKIP","floor":24.0},{"not_picked":["Feed","Power Through","Searing Blow"],"picked":"Shrug It Off","floor":25.0},{"not_picked":["True Grit","Rupture","Demon Form"],"picked":"Second Wind","floor":27.0},{"not_picked":["Pommel Strike","Clothesline","Headbutt","Heavy Blade"],"picked":"SKIP","floor":28.0},{"not_picked":["Anger+1","Flex","Feed"],"picked":"Burning Pact","floor":30.0},{"not_picked":["Juggernaut","Reaper","Impervious"],"picked":"Feed","floor":33.0},{"not_picked":["Heavy Blade","Havoc+1","True Grit","Twin Strike+1"],"picked":"SKIP","floor":35},{"not_picked":["Anger","Rampage","Armaments"],"picked":"Body Slam+1","floor":36},{"not_picked":["Flex","Havoc+1","Reaper","Combust"],"picked":"SKIP","floor":38},{"not_picked":["Heavy Blade","Fire Breathing","Whirlwind+1","Thunderclap+1"],"picked":"SKIP","floor":39},{"not_picked":["Anger","Sword Boomerang+1","True Grit","Heavy Blade"],"picked":"SKIP","floor":40},{"not_picked":["Perfected Strike","Rage","Metallicize+1","Anger"],"picked":"SKIP","floor":42},{"not_picked":["Evolve","Perfected Strike","Pommel Strike","Battle Trance+1"],"picked":"SKIP","floor":45},{"not_picked":["Burning Pact","Fire Breathing","Heavy Blade+1"],"picked":"Barricade","floor":46},{"not_picked":["Flex+1","Rupture","Headbutt","Battle Trance"],"picked":"SKIP","floor":47},{"not_picked":["True Grit","Clothesline","Heavy Blade","Havoc"],"picked":"SKIP","floor":48},{"not_picked":["Feel No Pain","Flex","Blood for Blood","Twin Strike"],"picked":"SKIP","floor":55}],"player_experience":2981036,"relics_obtained":[{"floor":6.0,"key":"Mango"},{"floor":8.0,"key":"Blue Candle"},{"floor":9.0,"key":"Sundial"},{"floor":13.0,"key":"Question Card"},{"floor":19.0,"key":"Red Mask"},{"floor":24.0,"key":"Bird Faced Urn"},{"floor":27.0,"key":"Thread and Needle"},{"floor":30.0,"key":"Bottled Flame"},{"floor":40,"key":"Whetstone"},{"floor":42,"key":"Turnip"},{"floor":43,"key":"Bottled Tornado"},{"floor":46,"key":"Lantern"},{"floor":48,"key":"Pantograph"},{"floor":55,"key":"Pear"}],"event_choices":[{"cards_removed":["Strike_R"],"damage_healed":0.0,"max_hp_gain":0.0,"max_hp_loss":0.0,"gold_gain":0.0,"event_name":"Purifier","player_choice":"Purged","floor":2.0,"gold_loss":0.0,"damage_taken":0.0},{"damage_healed":0.0,"max_hp_gain":0.0,"max_hp_loss":0.0,"gold_gain":0.0,"event_name":"Shining Light","player_choice":"Ignored","floor":5.0,"gold_loss":0.0,"damage_taken":0.0},{"damage_healed":0.0,"max_hp_gain":0.0,"max_hp_loss":0.0,"gold_gain":0.0,"event_name":"Big Fish","player_choice":"Box","floor":12.0,"gold_loss":0.0,"damage_taken":0.0,"relics_obtained":["Mummified Hand"],"cards_obtained":["Regret"]},{"damage_healed":0.0,"max_hp_gain":0.0,"max_hp_loss":0.0,"gold_gain":30.0,"event_name":"Dead Adventurer","player_choice":"Searched \u00272\u0027 times","floor":13.0,"gold_loss":0.0,"damage_taken":0.0},{"damage_healed":0.0,"max_hp_gain":0.0,"max_hp_loss":0.0,"gold_gain":0.0,"event_name":"Masked Bandits","player_choice":"Fought Bandits","floor":19.0,"gold_loss":0.0,"damage_taken":0.0},{"damage_healed":0.0,"max_hp_gain":0.0,"max_hp_loss":0.0,"gold_gain":0.0,"event_name":"WeMeetAgain","player_choice":"Gave Potion","floor":20.0,"gold_loss":0.0,"damage_taken":0.0,"relics_obtained":["Kunai"]},{"damage_healed":0.0,"max_hp_gain":0.0,"max_hp_loss":0.0,"gold_gain":0.0,"event_name":"Beggar","player_choice":"Ignored","floor":31.0,"gold_loss":0.0,"damage_taken":0.0},{"damage_healed":0,"gold_gain":0,"cards_transformed":["Twin Strike"],"player_choice":"Transformed","damage_taken":0,"max_hp_gain":0,"max_hp_loss":0,"event_name":"Transmorgrifier","floor":37,"gold_loss":0,"cards_obtained":["Exhume"]}],"is_beta":false,"boss_relics":[{"not_picked":["Black Blood","Busted Crown"],"picked":"Empty Cage"},{"not_picked":["Mark of Pain","Pandora\u0027s Box"],"picked":"Tiny House"}],"items_purged_floors":[11,29,44],"is_endless":false,"potions_floor_spawned":[3,13,16,22,24,25,28,36,38,42,47],"ascension_level":20}