{"gold_per_floor":[215,229,69,79,29,29,14,39,62,62,62,79,79,79],"floor_reached":14,"playtime":778,"items_purged":["Strike_G"],"score":99,"play_id":"6c1c0f0c-6662-40b5-83b4-fe1e21ed8254","local_time":"20190508155635","is_ascension_mode":true,"campfire_choices":[{"data":"Dagger Spray","floor":6,"key":"SMITH"},{"data":"Blur","floor":11,"key":"SMITH"},{"data":"Bullet Time","floor":13,"key":"SMITH"}],"neow_cost":"NONE","seed_source_timestamp":196568831840500,"circlet_count":0,"master_deck":["Defend_G","Defend_G","Defend_G","Defend_G","Defend_G","Strike_G","Strike_G","Strike_G","Survivor","Neutralize","PiercingWail","Blur+1","Bandage Up+1","Dagger Spray+1","Backflip","Bullet Time+1"],"relics":["Ring of the Snake","Strawberry","Art of War"],"potions_floor_usage":[8],"damage_taken":[{"damage":2,"enemies":"Cultist","floor":1,"turns":5},{"damage":2,"enemies":"2 Louse","floor":2,"turns":2},{"damage":10,"enemies":"Jaw Worm","floor":4,"turns":10},{"damage":17,"enemies":"Exordium Thugs","floor":7,"turns":5},{"damage":8,"enemies":"3 Sentries","floor":8,"turns":7},{"damage":0,"enemies":"Blue Slaver","floor":12,"turns":6},{"damage":65,"enemies":"Gremlin Nob","floor":14,"turns":6}],"seed_played":"493366054125782884","potions_obtained":[{"floor":7,"key":"Fire Potion"}],"is_trial":false,"path_per_floor":["M","M","$","M","?","R","M","E","T","?","R","M","R","E"],"character_chosen":"THE_SILENT","items_purchased":["Bandage Up"],"campfire_rested":0,"item_purchase_floors":[3],"current_hp_per_floor":[68,66,66,60,60,60,47,50,50,50,50,56,56,0],"gold":79,"neow_bonus":"HUNDRED_GOLD","is_prod":false,"is_daily":false,"chose_seed":false,"campfire_upgraded":3,"win_rate":0,"timestamp":1557320195,"path_taken":["M","?","$","M","?","R","M","E","T","?","R","?","R","E"],"build_version":"2019-01-23","purchased_purges":1,"victory":false,"max_hp_per_floor":[70,70,70,70,70,70,70,77,77,77,77,77,77,77],"card_choices":[{"not_picked":["Blade Dance","Dodge and Roll"],"picked":"PiercingWail","floor":1},{"not_picked":["Catalyst","Endless Agony"],"picked":"Blur","floor":2},{"not_picked":["Eviscerate","Bouncing Flask"],"picked":"Dagger Spray","floor":4},{"not_picked":["Dagger Spray","Outmaneuver"],"picked":"Backflip","floor":7},{"not_picked":["Bane","Finisher","Dagger Throw"],"picked":"SKIP","floor":8},{"not_picked":["Quick Slash","Poisoned Stab"],"picked":"Bullet Time","floor":12}],"player_experience":393330,"relics_obtained":[{"floor":8,"key":"Strawberry"},{"floor":9,"key":"Art of War"}],"event_choices":[{"cards_removed":["Strike_G"],"damage_healed":0,"gold_gain":0,"player_choice":"Card Removal","damage_taken":0,"max_hp_gain":0,"max_hp_loss":0,"event_name":"The Cleric","floor":5,"gold_loss":50},{"damage_healed":0,"gold_gain":0,"player_choice":"Grow","damage_taken":0,"max_hp_gain":0,"max_hp_loss":0,"event_name":"Living Wall","floor":10,"gold_loss":0,"cards_upgraded":["Bandage Up"]}],"is_beta":false,"boss_relics":[],"items_purged_floors":[3],"is_endless":false,"potions_floor_spawned":[7],"killed_by":"Gremlin Nob","ascension_level":2}