{"gold_per_floor":[117,129,145,156,176,211,361,361,361,361,361,375,61,75,75,148,148,167,184,184,50,50],"floor_reached":22,"playtime":850,"items_purged":["Writhe"],"score":357,"play_id":"c8d5d418-3bb2-4728-bb20-05d71dca6c9c","local_time":"20190309112157","is_ascension_mode":true,"campfire_choices":[{"floor":8.0,"key":"REST"},{"data":"Dagger Spray","floor":10.0,"key":"SMITH"},{"data":"Glass Knife","floor":15.0,"key":"SMITH"}],"neow_cost":"NONE","seed_source_timestamp":661371478337278,"circlet_count":0,"master_deck":["AscendersBane","Defend_G","Defend_G","Defend_G","Defend_G","Defend_G","Strike_G","Strike_G","Strike_G","Strike_G","Strike_G","Survivor","Neutralize+1","Poisoned Stab","Poisoned Stab","Caltrops","Blur","Dagger Spray+1","Dash","Catalyst","Glass Knife+1","A Thousand Cuts","Blade Dance+1","PiercingWail"],"special_seed":0,"relics":["Ring of the Snake","Anchor","Matryoshka","Happy Flower","Bag of Preparation","Busted Crown","Blue Candle"],"potions_floor_usage":[22],"damage_taken":[{"damage":0.0,"enemies":"Jaw Worm","floor":1.0,"turns":6.0},{"damage":1.0,"enemies":"Small Slimes","floor":2.0,"turns":4.0},{"damage":5.0,"enemies":"2 Louse","floor":3.0,"turns":3.0},{"damage":7.0,"enemies":"Looter","floor":4.0,"turns":4.0},{"damage":16.0,"enemies":"3 Louse","floor":5.0,"turns":5.0},{"damage":32.0,"enemies":"Gremlin Nob","floor":6.0,"turns":5.0},{"damage":7.0,"enemies":"Exordium Thugs","floor":12.0,"turns":4.0},{"damage":0.0,"enemies":"Exordium Wildlife","floor":14.0,"turns":2.0},{"damage":18.0,"enemies":"The Guardian","floor":16.0,"turns":14.0},{"damage":15,"enemies":"Shell Parasite","floor":18,"turns":4},{"damage":13,"enemies":"2 Thieves","floor":19,"turns":4},{"damage":26,"enemies":"Sentry and Sphere","floor":22,"turns":5}],"seed_played":"-5170594729171483125","potions_obtained":[{"floor":3.0,"key":"SkillPotion"},{"floor":4.0,"key":"EssenceOfSteel"},{"floor":5.0,"key":"Regen Potion"},{"floor":6.0,"key":"Weak Potion"},{"floor":16.0,"key":"Energy Potion"},{"floor":18,"key":"PowerPotion"}],"is_trial":false,"path_per_floor":["M","M","M","M","M","E","?","R","T","R","?","M","$","M","R","B",null,"M","M","?","$","M"],"character_chosen":"THE_SILENT","items_purchased":["Happy Flower","Bag of Preparation","PiercingWail"],"campfire_rested":1,"item_purchase_floors":[13,13,21],"current_hp_per_floor":[59,58,53,46,30,13,13,32,32,32,32,25,25,25,25,7,51,36,23,23,23,0],"gold":50,"neow_bonus":"UPGRADE_CARD","is_prod":false,"is_daily":false,"chose_seed":false,"campfire_upgraded":2,"win_rate":0,"timestamp":1552126917,"path_taken":["M","M","M","M","M","E","?","R","T","R","?","M","$","M","R","BOSS","M","M","?","$","M"],"build_version":"2019-01-23","purchased_purges":1,"victory":false,"max_hp_per_floor":[66,66,66,66,66,66,66,66,66,66,66,66,66,66,66,66,66,66,66,66,66,66],"card_choices":[{"not_picked":["Blade Dance","PiercingWail"],"picked":"Poisoned Stab","floor":1.0},{"not_picked":["Reflex","Dagger Throw"],"picked":"Poisoned Stab","floor":2.0},{"not_picked":["Deflect","Underhanded Strike"],"picked":"Caltrops","floor":3.0},{"not_picked":["Underhanded Strike","Dagger Throw"],"picked":"Blur","floor":4.0},{"not_picked":["Distraction","Cloak And Dagger"],"picked":"Dagger Spray","floor":5.0},{"not_picked":["Endless Agony","Reflex"],"picked":"Dash","floor":6.0},{"not_picked":["Sucker Punch","Concentrate"],"picked":"Catalyst","floor":12.0},{"not_picked":["Terror","Backstab"],"picked":"Glass Knife","floor":14.0},{"not_picked":["Phantasmal Killer","Die Die Die"],"picked":"A Thousand Cuts","floor":16.0},{"not_picked":[],"picked":"Blade Dance+1","floor":18},{"not_picked":["Reflex"],"picked":"SKIP","floor":19}],"player_experience":523566,"relics_obtained":[{"floor":6.0,"key":"Anchor"},{"floor":9.0,"key":"Matryoshka"}],"event_choices":[{"damage_healed":0.0,"max_hp_gain":0.0,"max_hp_loss":0.0,"gold_gain":150.0,"event_name":"Liars Game","player_choice":"AGREE","floor":7.0,"gold_loss":0.0,"damage_taken":0.0,"cards_obtained":["Doubt"]},{"cards_removed":["Doubt"],"damage_healed":0.0,"max_hp_gain":0.0,"max_hp_loss":0.0,"gold_gain":0.0,"event_name":"Living Wall","player_choice":"Forget","floor":11.0,"gold_loss":0.0,"damage_taken":0.0},{"damage_healed":0,"gold_gain":0,"player_choice":"Opened","damage_taken":0,"relics_obtained":["Blue Candle"],"max_hp_gain":0,"max_hp_loss":0,"event_name":"The Mausoleum","floor":20,"gold_loss":0,"cards_obtained":["Writhe"]}],"is_beta":false,"boss_relics":[{"not_picked":["Orrery","Astrolabe"],"picked":"Busted Crown"}],"items_purged_floors":[21],"is_endless":false,"potions_floor_spawned":[3,4,5,6,16,18,19],"killed_by":"Sentry and Sphere","ascension_level":18}