{"gold_per_floor":[119,119,133,145,163,163,238,258,258,93,268,279,279,296,296,395,395,405,255,255,20,31,61,61,61,61,73,83,102,202,202,202,305,305,324,324,324,342,342,342,352,352,379,404,233,245,245,265,265,265],"floor_reached":51,"playtime":7278,"items_purged":["Doubt","Writhe"],"score":850,"play_id":"eecc953f-b41e-4c36-ac07-17caff074058","local_time":"20181020223438","is_ascension_mode":true,"campfire_choices":[{"data":"Defragment","floor":6,"key":"SMITH"},{"floor":13,"key":"REST"},{"floor":15,"key":"REST"},{"data":"Defragment","floor":24,"key":"SMITH"},{"floor":32,"key":"REST"},{"data":"Echo Form","floor":40,"key":"SMITH"},{"floor":47,"key":"REST"},{"data":"Loop","floor":49,"key":"SMITH"}],"neow_cost":"NONE","seed_source_timestamp":544339057934661,"circlet_count":0,"master_deck":["Strike_B+1","Strike_B+1","Defend_B+1","Defend_B+1","Defend_B+1","Zap","Dualcast","Defragment+1","Go for the Eyes+1","Gash","Cold Snap+1","Mayhem","Gash","Buffer","Conserve Battery","Defragment+1","Amplify","Barrage","J.A.X.","Echo Form+1","Beam Cell+1","Double Energy+1","Conserve Battery+1","Lockon+1","Secret Technique","Parasite","Glacier","Defragment+1","Loop+1","Capacitor+1"],"relics":["FrozenCore","Art of War","Meat on the Bone","Happy Flower","Calipers","Mummified Hand","Astrolabe","Whetstone","Ornamental Fan"],"potions_floor_usage":[5,8,12,23,23,33,41,44,48,50,50],"damage_taken":[{"damage":0,"enemies":"Cultist","floor":1,"turns":3},{"damage":8,"enemies":"Small Slimes","floor":3,"turns":3},{"damage":0,"enemies":"2 Louse","floor":4,"turns":3},{"damage":6,"enemies":"Gremlin Gang","floor":5,"turns":6},{"damage":8,"enemies":"Large Slime","floor":8,"turns":4},{"damage":10,"enemies":"2 Fungi Beasts","floor":12,"turns":4},{"damage":31,"enemies":"Lots of Slimes","floor":14,"turns":4},{"damage":54,"enemies":"Hexaghost","floor":16,"turns":12},{"damage":1,"enemies":"Chosen","floor":18,"turns":9},{"damage":5,"enemies":"Shell Parasite","floor":22,"turns":7},{"damage":44,"enemies":"Slavers","floor":23,"turns":10},{"damage":21,"enemies":"Centurion and Healer","floor":27,"turns":7},{"damage":0,"enemies":"Snake Plant","floor":28,"turns":8},{"damage":0,"enemies":"Snecko","floor":29,"turns":7},{"damage":9,"enemies":"Collector","floor":33,"turns":13},{"damage":23,"enemies":"3 Darklings","floor":35,"turns":6},{"damage":9,"enemies":"Orb Walker","floor":38,"turns":5},{"damage":47,"enemies":"Writhing Mass","floor":41,"turns":8},{"damage":18,"enemies":"Reptomancer","floor":44,"turns":11},{"damage":14,"enemies":"Transient","floor":46,"turns":5},{"damage":11,"enemies":"Spire Growth","floor":48,"turns":9},{"damage":6,"enemies":"Time Eater","floor":50,"turns":14}],"seed_played":"-3713834168620017809","potions_obtained":[{"floor":1,"key":"Strength Potion"},{"floor":3,"key":"EssenceOfSteel"},{"floor":5,"key":"Explosive Potion"},{"floor":8,"key":"Ancient Potion"},{"floor":22,"key":"FocusPotion"},{"floor":23,"key":"Dexterity Potion"},{"floor":33,"key":"Fire Potion"},{"floor":41,"key":"FocusPotion"},{"floor":44,"key":"Swift Potion"},{"floor":46,"key":"Swift Potion"},{"floor":48,"key":"Dexterity Potion"}],"is_trial":false,"path_per_floor":["M","?","M","M","M","R","?","M","T","$","?","M","R","M","R","B",null,"M","$","?","$","M","E","R","?","T","M","M","M","?","?","R","B",null,"M","?","?","M","?","R","M","?","T","E","$","M","R","M","R","B"],"character_chosen":"DEFECT","items_purchased":["Mayhem","Defragment","Happy Flower","Amplify","Loop"],"campfire_rested":4,"item_purchase_floors":[10,19,21,21,45],"current_hp_per_floor":[75,80,72,72,66,66,55,47,47,47,47,49,73,42,66,24,80,79,79,79,79,74,42,42,42,42,33,45,45,45,45,69,60,80,57,57,57,48,48,48,13,33,33,27,27,25,49,50,50,44],"gold":265,"neow_bonus":"RANDOM_COMMON_RELIC","is_prod":false,"is_daily":false,"chose_seed":false,"campfire_upgraded":4,"win_rate":0,"timestamp":1540089278,"path_taken":["M","?","?","M","M","R","?","M","T","$","?","M","R","M","R","BOSS","M","$","?","$","M","E","R","?","T","M","M","M","?","?","R","BOSS","M","?","?","M","?","R","?","?","T","E","$","M","R","M","R","BOSS"],"build_version":"2018-10-18","purchased_purges":2,"victory":true,"max_hp_per_floor":[75,80,80,80,80,80,80,80,80,80,80,80,80,80,80,80,80,80,80,80,80,80,80,80,80,80,80,80,80,80,80,80,80,80,80,80,80,80,80,80,80,80,80,80,80,80,80,80,80,80],"card_choices":[{"not_picked":["Force Field","Sunder"],"picked":"Defragment","floor":1},{"not_picked":["Doom and Gloom","Steam"],"picked":"Go for the Eyes","floor":3},{"not_picked":["Streamline","Loop"],"picked":"Gash","floor":4},{"not_picked":["Coolheaded","Fission","Genetic Algorithm"],"picked":"SKIP","floor":5},{"not_picked":["Redo","Turbo"],"picked":"Cold Snap","floor":8},{"not_picked":["Go for the Eyes","Consume"],"picked":"Gash","floor":12},{"not_picked":["Turbo","Stack","Genetic Algorithm"],"picked":"SKIP","floor":14},{"not_picked":["Thunder Strike","Reboot"],"picked":"Buffer","floor":16},{"not_picked":["Reprogram+1","Auto Shields"],"picked":"Conserve Battery","floor":18},{"not_picked":["Turbo+1","Cold Snap","Genetic Algorithm"],"picked":"SKIP","floor":22},{"not_picked":["Doom and Gloom+1","Redo"],"picked":"Barrage","floor":23},{"not_picked":["Streamline","Compile Driver","Turbo"],"picked":"SKIP","floor":27},{"not_picked":["Leap+1","Steam Power","Undo+1"],"picked":"SKIP","floor":28},{"not_picked":["Double Energy+1","Stack","Turbo"],"picked":"SKIP","floor":29},{"not_picked":["Multi-Cast","Machine Learning"],"picked":"Echo Form","floor":33},{"not_picked":["Rebound","Conserve Battery+1"],"picked":"Lockon+1","floor":35},{"not_picked":["Metamorphosis","Impatience"],"picked":"Secret Technique","floor":37},{"not_picked":["Undo+1","Doom and Gloom","Stack"],"picked":"SKIP","floor":38},{"not_picked":["Streamline","Hologram"],"picked":"Glacier","floor":41},{"not_picked":["Cold Snap","Coolheaded+1"],"picked":"Defragment+1","floor":44},{"not_picked":["Auto Shields+1","Sweeping Beam+1","Cold Snap+1"],"picked":"SKIP","floor":46},{"not_picked":["Ball Lightning","Compile Driver"],"picked":"Capacitor+1","floor":48}],"player_experience":78099,"relics_obtained":[{"floor":9,"key":"Meat on the Bone"},{"floor":23,"key":"Calipers"},{"floor":26,"key":"Mummified Hand"},{"floor":43,"key":"Whetstone"},{"floor":44,"key":"Ornamental Fan"}],"event_choices":[{"damage_healed":0,"gold_gain":0,"player_choice":"Donut","damage_taken":0,"max_hp_gain":5,"max_hp_loss":0,"event_name":"Big Fish","floor":2,"gold_loss":0},{"damage_healed":0,"gold_gain":75,"player_choice":"Gather Gold","damage_taken":11,"max_hp_gain":0,"max_hp_loss":0,"event_name":"World of Goop","floor":7,"gold_loss":0},{"damage_healed":0,"gold_gain":175,"player_choice":"AGREE","damage_taken":0,"max_hp_gain":0,"max_hp_loss":0,"event_name":"Liars Game","floor":11,"gold_loss":0,"cards_obtained":["Doubt"]},{"damage_healed":0,"gold_gain":0,"player_choice":"Ignored","damage_taken":0,"max_hp_gain":0,"max_hp_loss":0,"event_name":"Vampires","floor":20,"gold_loss":0},{"damage_healed":0,"gold_gain":0,"player_choice":"Simplicity","damage_taken":0,"max_hp_gain":0,"max_hp_loss":0,"event_name":"Back to Basics","floor":25,"gold_loss":0,"cards_upgraded":["Strike_B","Strike_B","Strike_B","Strike_B","Defend_B","Defend_B","Defend_B","Defend_B"]},{"damage_healed":0,"gold_gain":100,"player_choice":"Pray","damage_taken":0,"max_hp_gain":0,"max_hp_loss":0,"event_name":"Golden Shrine","floor":30,"gold_loss":0},{"damage_healed":0,"gold_gain":0,"player_choice":"Obtain J.A.X.","damage_taken":0,"max_hp_gain":0,"max_hp_loss":0,"event_name":"Drug Dealer","floor":31,"gold_loss":0,"cards_obtained":["J.A.X."]},{"damage_healed":0,"gold_gain":0,"player_choice":"Ignored","damage_taken":0,"max_hp_gain":0,"max_hp_loss":0,"event_name":"Mysterious Sphere","floor":36,"gold_loss":0},{"damage_healed":0,"gold_gain":0,"player_choice":"Memory 1","damage_taken":0,"max_hp_gain":0,"max_hp_loss":0,"event_name":"SensoryStone","floor":37,"gold_loss":0},{"damage_healed":0,"gold_gain":0,"player_choice":"Ignored","damage_taken":0,"max_hp_gain":0,"max_hp_loss":0,"event_name":"Tomb of Lord Red Mask","floor":39,"gold_loss":0},{"damage_healed":20,"gold_gain":0,"player_choice":"Writhe","damage_taken":0,"max_hp_gain":0,"max_hp_loss":0,"event_name":"Winding Halls","floor":42,"gold_loss":0,"cards_obtained":["Writhe"]}],"is_beta":false,"boss_relics":[{"not_picked":["Empty Cage","Eternal Feather"],"picked":"FrozenCore"},{"not_picked":["Orrery","White Beast Statue"],"picked":"Astrolabe"}],"items_purged_floors":[19,45],"is_endless":false,"potions_floor_spawned":[1,3,5,8,22,23,33,41,44,46,48],"ascension_level":3}