{"gold_per_floor":[118,128,17,36,111,142,142,66,66,66,86,86,86,115,115,189,189,205,217,231,231],"floor_reached":21,"playtime":1310,"items_purged":["Strike_R"],"score":407,"play_id":"3f8dd643-134e-48af-a010-7a57d90ceafd","local_time":"25620119170040","is_ascension_mode":true,"campfire_choices":[{"data":"Bash","floor":7,"key":"SMITH"},{"data":"ReplayTheSpireMod:Limb From Limb","floor":10,"key":"SMITH"},{"data":"Battle Trance","floor":12,"key":"SMITH"},{"data":"Run Through","floor":15,"key":"SMITH"}],"neow_cost":"NONE","seed_source_timestamp":21788097792938,"circlet_count":0,"master_deck":["AscendersBane","Bash+1","Dropkick","Run Through+1","Battle Trance+1","Anger","ReplayTheSpireMod:Limb From Limb+1","Shrug It Off","Eclipse","ReplayTheSpireMod:Muscle Training","Inflame","Second Wind","Power Through","Headbutt","Perfected Strike","Limit Break","Warcry","Flex","Feed"],"relics":["Burning Blood","Onion Ring","Art of War","Peace Pipe","ReplayTheSpireMod:Lightbulb","Pandora\u0027s Box"],"potions_floor_usage":[6,14,19],"damage_taken":[{"damage":7,"enemies":"Cultist","floor":1,"turns":4},{"damage":7,"enemies":"Jaw Worm","floor":2,"turns":3},{"damage":0,"enemies":"2 Louse","floor":4,"turns":2},{"damage":18,"enemies":"Erikyupuro","floor":6,"turns":7},{"damage":8,"enemies":"Blue Slaver","floor":11,"turns":2},{"damage":0,"enemies":"Lagavulin","floor":14,"turns":2},{"damage":32,"enemies":"Fading Forest","floor":16,"turns":11},{"damage":0,"enemies":"Spheric Guardian","floor":18,"turns":1},{"damage":35,"enemies":"Shell Parasite","floor":19,"turns":4},{"damage":27,"enemies":"Cultist and Chosen","floor":20,"turns":5},{"damage":27,"enemies":"Shelled Parasite and Fungi","floor":21,"turns":2}],"seed_played":"5475986783333180638","potions_obtained":[{"floor":4,"key":"Strength Potion"},{"floor":11,"key":"AttackPotion"},{"floor":18,"key":"EssenceOfSteel"},{"floor":19,"key":"Venom Potion"}],"is_trial":false,"path_per_floor":["M","M","$","M","?","E","R","$","T","R","M","R","?","E","R","B",null,"M","M","M","M"],"character_chosen":"IRONCLAD","items_purchased":["Battle Trance","ReplayTheSpireMod:Limb From Limb"],"campfire_rested":0,"item_purchase_floors":[3,8],"current_hp_per_floor":[67,66,66,72,61,49,49,49,49,49,47,47,47,53,53,35,65,71,42,21,0],"gold":231,"neow_bonus":"REMOVE_CARD","is_prod":false,"is_daily":false,"chose_seed":false,"campfire_upgraded":4,"win_rate":0,"timestamp":1547892040,"path_taken":["M","M","?","M","?","E","R","$","T","R","M","R","?","E","R","BOSS","M","M","M","M"],"build_version":"2019-01-17v2","purchased_purges":1,"victory":false,"max_hp_per_floor":[75,75,75,75,75,75,75,75,75,75,75,75,75,75,75,75,75,75,75,75,75],"card_choices":[{"not_picked":["Heavy Blade","Searing Blow"],"picked":"Dropkick","floor":1},{"not_picked":["Bloodletting","Blood for Blood"],"picked":"Run Through","floor":2},{"not_picked":["Reckless Charge","Clash"],"picked":"Anger","floor":4},{"not_picked":["Clash","Life Link","Body Slam"],"picked":"SKIP","floor":6},{"not_picked":["Wild Strike","Pommel Strike","Exhume"],"picked":"SKIP","floor":11},{"not_picked":["Thunderclap","Armaments"],"picked":"Shrug It Off","floor":14},{"not_picked":["hubris:StunningStrike","Bludgeon"],"picked":"Eclipse","floor":16},{"not_picked":["Cleave","Uppercut"],"picked":"Warcry","floor":18},{"not_picked":["Searing Blow","Anger"],"picked":"Flex","floor":19},{"not_picked":["Uppercut","Thunderclap"],"picked":"Feed","floor":20}],"player_experience":245341,"relics_obtained":[{"floor":6,"key":"Onion Ring"},{"floor":9,"key":"Art of War"},{"floor":13,"key":"Peace Pipe"},{"floor":14,"key":"ReplayTheSpireMod:Lightbulb"}],"event_choices":[{"damage_healed":0,"gold_gain":75,"player_choice":"Gather Gold","damage_taken":11,"max_hp_gain":0,"max_hp_loss":0,"event_name":"World of Goop","floor":5,"gold_loss":0}],"is_beta":false,"boss_relics":[{"not_picked":["Replay:Drink Me","Fusion Hammer"],"picked":"Pandora\u0027s Box"}],"items_purged_floors":[3],"is_endless":false,"potions_floor_spawned":[4,11,18,19],"killed_by":"Shelled Parasite and Fungi","ascension_level":18}