{"gold_per_floor":[117,1,11,11,31,31,46,46,69,85,85,85,140,174,174,251,251,263,281,299,318,12,12,39,39,86,100,116,116,126,139,139,139],"floor_reached":33,"playtime":1261,"items_purged":[],"score":515,"play_id":"26244f8f-3ee3-4e7c-a338-73ab863b43d5","local_time":"20190427100607","is_ascension_mode":true,"campfire_choices":[{"data":"Shockwave","floor":6,"key":"SMITH"},{"data":"Pommel Strike","floor":8,"key":"SMITH"},{"data":"Bash","floor":11,"key":"SMITH"},{"floor":15,"key":"REST"},{"floor":23,"key":"REST"},{"floor":25,"key":"REST"},{"floor":29,"key":"REST"},{"floor":32,"key":"REST"}],"neow_cost":"NONE","seed_source_timestamp":70414726160700,"circlet_count":0,"master_deck":["AscendersBane","Strike_R","Strike_R","Strike_R","Strike_R","Defend_R","Defend_R+1","Defend_R","Defend_R+1","Bash+1","Pommel Strike+1","Sever Soul","Power Through","Clash","Shockwave+1","Bludgeon","Disarm","Battle Trance","Shrug It Off","Feel No Pain","Spot Weakness","Parasite","Cleave","Shrug It Off","Impervious"],"relics":["Burning Blood","Smiling Mask","Vajra","War Paint","Boot","Cursed Key","Sundial","Ancient Tea Set","Bag of Marbles"],"potions_floor_usage":[10,16,20,21,21,21,24,31,31],"damage_taken":[{"damage":4,"enemies":"Small Slimes","floor":1,"turns":4},{"damage":6,"enemies":"Cultist","floor":3,"turns":3},{"damage":6,"enemies":"2 Louse","floor":5,"turns":2},{"damage":0,"enemies":"Exordium Wildlife","floor":7,"turns":2},{"damage":10,"enemies":"Large Slime","floor":10,"turns":4},{"damage":26,"enemies":"Gremlin Nob","floor":14,"turns":4},{"damage":58,"enemies":"Hexaghost","floor":16,"turns":11},{"damage":9,"enemies":"Chosen","floor":18,"turns":4},{"damage":8,"enemies":"Spheric Guardian","floor":19,"turns":4},{"damage":22,"enemies":"Chosen and Byrds","floor":20,"turns":5},{"damage":15,"enemies":"3 Cultists","floor":21,"turns":5},{"damage":39,"enemies":"Slavers","floor":24,"turns":6},{"damage":21,"enemies":"Snecko","floor":27,"turns":4},{"damage":21,"enemies":"Chosen and Byrds","floor":28,"turns":6},{"damage":6,"enemies":"Snake Plant","floor":30,"turns":4},{"damage":41,"enemies":"Shelled Parasite and Fungi","floor":31,"turns":5},{"damage":41,"enemies":"Automaton","floor":33,"turns":8}],"seed_played":"5068448514981325091","potions_obtained":[{"floor":3,"key":"Ancient Potion"},{"floor":7,"key":"FearPotion"},{"floor":14,"key":"Strength Potion"},{"floor":19,"key":"Strength Potion"},{"floor":20,"key":"EntropicBrew"},{"floor":21,"key":"Block Potion"},{"floor":28,"key":"Swift Potion"},{"floor":30,"key":"Weak Potion"}],"is_trial":false,"path_per_floor":["M","$","M","?","M","R","M","R","T","M","R","?","T","E","R","B",null,"M","M","M","M","$","R","E","R","T","M","M","R","M","M","R","B"],"character_chosen":"IRONCLAD","items_purchased":["Sever Soul","Power Through","Sundial","Feel No Pain"],"campfire_rested":5,"item_purchase_floors":[2,2,22,22],"current_hp_per_floor":[77,77,77,77,77,77,82,82,82,78,78,71,71,51,75,23,67,64,62,46,37,37,61,28,52,52,37,22,46,46,11,35,0],"gold":139,"neow_bonus":"TEN_PERCENT_HP_BONUS","is_prod":false,"is_daily":false,"chose_seed":false,"campfire_upgraded":3,"win_rate":0,"timestamp":1556348767,"path_taken":["M","$","M","?","M","R","?","R","T","M","R","?","?","E","R","BOSS","M","M","M","M","$","R","E","R","T","M","M","R","M","M","R","BOSS"],"build_version":"2019-01-23","purchased_purges":0,"victory":false,"max_hp_per_floor":[82,82,82,82,82,82,82,82,82,82,82,82,82,82,82,82,82,82,82,82,82,82,82,82,82,82,82,82,82,82,82,82,82],"card_choices":[{"not_picked":["Havoc","Power Through"],"picked":"Pommel Strike","floor":1},{"not_picked":["Feel No Pain","Sword Boomerang"],"picked":"Clash","floor":3},{"not_picked":["Battle Trance","Burning Pact"],"picked":"Shockwave","floor":5},{"not_picked":["Corruption","Shockwave","Thunderclap"],"picked":"SKIP","floor":7},{"not_picked":["Wild Strike","Clothesline","Heavy Blade"],"picked":"SKIP","floor":10},{"not_picked":["Twin Strike","Wild Strike","Flex"],"picked":"SKIP","floor":14},{"not_picked":["Brutality","Berserk"],"picked":"Bludgeon","floor":16},{"not_picked":["Fire Breathing","Ghostly Armor"],"picked":"Disarm","floor":18},{"not_picked":["Corruption","Bloodletting","Rage"],"picked":"SKIP","floor":19},{"not_picked":["Clash","Body Slam"],"picked":"Battle Trance","floor":20},{"not_picked":["Anger","Sentinel"],"picked":"Shrug It Off","floor":21},{"not_picked":["Warcry","Berserk"],"picked":"Spot Weakness","floor":24},{"not_picked":["Heavy Blade","Rampage"],"picked":"Cleave","floor":27},{"not_picked":["Pummel","Cleave"],"picked":"Shrug It Off","floor":28},{"not_picked":["Armaments","Clothesline","Havoc"],"picked":"SKIP","floor":30},{"not_picked":["Headbutt","Clash"],"picked":"Impervious","floor":31}],"player_experience":337599,"relics_obtained":[{"floor":9,"key":"Vajra"},{"floor":13,"key":"War Paint"},{"floor":14,"key":"Boot"},{"floor":24,"key":"Ancient Tea Set"},{"floor":26,"key":"Bag of Marbles"}],"event_choices":[{"damage_healed":0,"gold_gain":0,"player_choice":"Gave Potion","damage_taken":0,"relics_obtained":["Smiling Mask"],"max_hp_gain":0,"max_hp_loss":0,"event_name":"WeMeetAgain","floor":4,"gold_loss":0},{"cards_removed":["Strike_R"],"damage_healed":0,"gold_gain":0,"player_choice":"Card Removal","damage_taken":7,"max_hp_gain":0,"max_hp_loss":0,"event_name":"Golden Wing","floor":12,"gold_loss":0}],"is_beta":false,"boss_relics":[{"not_picked":["Calling Bell","Philosopher\u0027s Stone"],"picked":"Cursed Key"}],"items_purged_floors":[],"is_endless":false,"potions_floor_spawned":[3,7,14,19,20,21,28,30],"killed_by":"Automaton","ascension_level":18}