{"gold_per_floor":[119,135,60,72,85,113,113,142,142,159,159,179,214,214],"floor_reached":14,"playtime":449,"items_purged":[],"score":140,"play_id":"ec1b4035-4144-483b-b9f3-f0233a5e157a","local_time":"25611013193924","is_ascension_mode":true,"campfire_choices":[{"data":"Noxious Fumes","floor":7.0,"key":"SMITH"},{"floor":11.0,"key":"REST"}],"neow_cost":"NONE","seed_source_timestamp":0,"circlet_count":0,"master_deck":["Defend_G","Defend_G","Defend_G","Defend_G","Defend_G","Strike_G","Strike_G","Strike_G","Strike_G","Strike_G","Survivor","Neutralize","Dagger Throw","Catalyst","Noxious Fumes+1","Bane","Dodge and Roll","Dagger Throw","Backflip","Dagger Spray","A Thousand Cuts"],"special_seed":0,"relics":["Velvet Choker","Strawberry","Paper Crane","Mummified Hand","Smiling Mask"],"potions_floor_usage":[14],"damage_taken":[{"damage":2.0,"enemies":"Cultist","floor":1.0,"turns":4.0},{"damage":0.0,"enemies":"Small Slimes","floor":2.0,"turns":3.0},{"damage":1.0,"enemies":"2 Louse","floor":4.0,"turns":3.0},{"damage":4.0,"enemies":"Looter","floor":5.0,"turns":4.0},{"damage":25.0,"enemies":"Lagavulin","floor":6.0,"turns":6.0},{"damage":16.0,"enemies":"3 Sentries","floor":8.0,"turns":6.0},{"damage":16.0,"enemies":"3 Louse","floor":10.0,"turns":4.0},{"damage":2.0,"enemies":"2 Fungi Beasts","floor":12.0,"turns":3.0},{"damage":32,"enemies":"Gremlin Nob","floor":13,"turns":4},{"damage":4,"enemies":"Large Slime","floor":14,"turns":1}],"seed_played":"3177602728986628477","potions_obtained":[{"floor":4.0,"key":"SteroidPotion"},{"floor":5.0,"key":"EssenceOfSteel"},{"floor":6.0,"key":"Fire Potion"},{"floor":8.0,"key":"AttackPotion"},{"floor":13,"key":"EssenceOfSteel"}],"is_trial":false,"path_per_floor":["M","M","$","M","M","E","R","E","T","M","R","M","E"],"character_chosen":"THE_SILENT","items_purchased":["Noxious Fumes"],"campfire_rested":1,"item_purchase_floors":[3],"current_hp_per_floor":[68,68,68,67,63,45,45,29,29,13,36,34,2,0],"gold":214,"neow_bonus":"BOSS_RELIC","is_prod":false,"is_daily":false,"chose_seed":false,"campfire_upgraded":1,"win_rate":0,"timestamp":1539434364,"path_taken":["M","M","?","M","M","E","R","E","T","M","R","M","E","M"],"build_version":"2018-10-11","purchased_purges":0,"victory":false,"max_hp_per_floor":[70,70,70,70,70,77,77,77,77,77,77,77,77,77],"card_choices":[{"not_picked":["Slice","Poisoned Stab"],"picked":"Dagger Throw","floor":1.0},{"not_picked":["Prepared","Quick Slash"],"picked":"Catalyst","floor":2.0},{"not_picked":["Escape Plan","Prepared","Reflex"],"picked":"SKIP","floor":4.0},{"not_picked":["Cloak And Dagger","Prepared"],"picked":"Bane","floor":5.0},{"not_picked":["Quick Slash","Storm of Steel"],"picked":"Dodge and Roll","floor":6.0},{"not_picked":["Deadly Poison","Escape Plan"],"picked":"Dagger Throw","floor":8.0},{"not_picked":["Acrobatics","Poisoned Stab"],"picked":"Backflip","floor":10.0},{"not_picked":["Acrobatics","Deadly Poison"],"picked":"Dagger Spray","floor":12.0},{"not_picked":["Dodge and Roll","Prepared"],"picked":"A Thousand Cuts","floor":13}],"player_experience":216567,"relics_obtained":[{"floor":6.0,"key":"Strawberry"},{"floor":8.0,"key":"Paper Crane"},{"floor":9.0,"key":"Mummified Hand"},{"floor":13,"key":"Smiling Mask"}],"event_choices":[],"is_beta":false,"boss_relics":[],"items_purged_floors":[],"is_endless":false,"potions_floor_spawned":[4,5,6,8,13],"killed_by":"Large Slime","ascension_level":5}