{"gold_per_floor":[115,115,126,144,144,179,179,213,213,242,272,300,300,331,331,404,404,418,418,431,356,373,403,422,454,454,483,63,76,76,104,104,182,182,197,215,234,248,260,295,295,320,320,345,363,363,114,147,147,147,147,147,147,9,37,37],"floor_reached":57,"playtime":2759,"items_purged":["Normality"],"score":3746,"play_id":"29406b74-3d22-4d09-9270-afdb9cac1dea","local_time":"20190208191208","daily_mods":["SealedDeck","DeadlyEvents","Elite Swarm"],"is_ascension_mode":true,"campfire_choices":[{"data":"Storm","floor":7.0,"key":"SMITH"},{"data":"Fission","floor":13.0,"key":"SMITH"},{"data":"Coolheaded","floor":15.0,"key":"SMITH"},{"data":"Heatsinks","floor":30.0,"key":"SMITH"},{"data":"Defragment","floor":32.0,"key":"SMITH"},{"data":"Heatsinks","floor":41.0,"key":"SMITH"},{"floor":49,"key":"RECALL"},{"data":"Amplify","floor":53,"key":"SMITH"}],"neow_cost":"","seed_source_timestamp":0,"circlet_count":0,"master_deck":["AscendersBane","Hello World","BootSequence","Compile Driver","Genetic Algorithm+1","Coolheaded+1","Coolheaded+1","Storm+1","Force Field+1","Amplify+1","Biased Cognition","Fission+1","Thunder Strike","Core Surge","Rainbow+1","Buffer","Genetic Algorithm+1","Self Repair","Defragment+1","Conserve Battery+1","Loop","Storm","Heatsinks+1","Static Discharge","Electrodynamics","Capacitor","Biased Cognition","Steam+1","Electrodynamics","Core Surge","Reinforced Body+1","Heatsinks+1","Coolheaded+1","Conserve Battery+1","Coolheaded+1","White Noise+1","Stack+1","Capacitor","Creative AI+1","Fission+1","Echo Form+1","Hologram+1","Leap+1","Glacier+1","Self Repair+1","Storm+1","Fission+1","Self Repair+1","Undo+1","Echo Form+1"],"special_seed":0,"relics":["FrozenCore","Sundial","DataDisk","Mummified Hand","Girya","Prayer Wheel","Oddly Smooth Stone","Toxic Egg 2","The Courier","Matryoshka","Question Card","Strawberry","Pocketwatch","Shovel","Cursed Key","Frozen Egg 2","Bag of Marbles","Omamori","Potion Belt","Ice Cream","War Paint"],"potions_floor_usage":[56,56,56,56],"damage_taken":[{"damage":1.0,"enemies":"2 Louse","floor":1.0,"turns":3.0},{"damage":4.0,"enemies":"Cultist","floor":3.0,"turns":3.0},{"damage":0.0,"enemies":"Jaw Worm","floor":4.0,"turns":3.0},{"damage":22.0,"enemies":"Gremlin Nob","floor":6.0,"turns":4.0},{"damage":21.0,"enemies":"3 Sentries","floor":8.0,"turns":6.0},{"damage":1.0,"enemies":"Lagavulin","floor":10.0,"turns":4.0},{"damage":0.0,"enemies":"Gremlin Nob","floor":11.0,"turns":3.0},{"damage":0.0,"enemies":"Lagavulin","floor":12.0,"turns":3.0},{"damage":0.0,"enemies":"3 Sentries","floor":14.0,"turns":4.0},{"damage":0.0,"enemies":"Slime Boss","floor":16.0,"turns":4.0},{"damage":0.0,"enemies":"Spheric Guardian","floor":18.0,"turns":3.0},{"damage":0.0,"enemies":"Chosen","floor":20.0,"turns":3.0},{"damage":4.0,"enemies":"Shelled Parasite and Fungi","floor":22.0,"turns":3.0},{"damage":0.0,"enemies":"Slavers","floor":23.0,"turns":4.0},{"damage":0.0,"enemies":"Centurion and Healer","floor":24.0,"turns":6.0},{"damage":0.0,"enemies":"Book of Stabbing","floor":25.0,"turns":4.0},{"damage":15.0,"enemies":"Slavers","floor":27.0,"turns":5.0},{"damage":0.0,"enemies":"Sentry and Sphere","floor":29.0,"turns":3.0},{"damage":0.0,"enemies":"Book of Stabbing","floor":31.0,"turns":2.0},{"damage":8.0,"enemies":"Champ","floor":33.0,"turns":3.0},{"damage":0.0,"enemies":"Orb Walker","floor":35.0,"turns":2.0},{"damage":0.0,"enemies":"3 Shapes","floor":36.0,"turns":2.0},{"damage":0.0,"enemies":"Writhing Mass","floor":37.0,"turns":3.0},{"damage":0.0,"enemies":"4 Shapes","floor":38.0,"turns":2.0},{"damage":0.0,"enemies":"Maw","floor":39.0,"turns":2.0},{"damage":0.0,"enemies":"Nemesis","floor":40.0,"turns":5.0},{"damage":0.0,"enemies":"Reptomancer","floor":42.0,"turns":3.0},{"damage":0.0,"enemies":"Nemesis","floor":44.0,"turns":5.0},{"damage":7.0,"enemies":"3 Darklings","floor":45.0,"turns":2.0},{"damage":32,"enemies":"Reptomancer","floor":48,"turns":3},{"damage":0,"enemies":"Awakened One","floor":50,"turns":4},{"damage":13,"enemies":"Time Eater","floor":51,"turns":3},{"damage":0,"enemies":"Shield and Spear","floor":55,"turns":2},{"damage":28,"enemies":"The Heart","floor":56,"turns":8}],"seed_played":"-1400395867106859817","potions_obtained":[{"floor":1.0,"key":"GamblersBrew"},{"floor":6.0,"key":"LiquidBronze"},{"floor":11.0,"key":"SteroidPotion"},{"floor":16.0,"key":"PowerPotion"},{"floor":24.0,"key":"LiquidBronze"},{"floor":25.0,"key":"SpeedPotion"},{"floor":37.0,"key":"Fire Potion"},{"floor":39.0,"key":"Block Potion"},{"floor":42.0,"key":"PowerPotion"},{"floor":55,"key":"Weak Potion"}],"is_trial":true,"path_per_floor":["M","?","M","M","?","E","R","E","T","E","E","E","R","E","R","B",null,"M","?","M","?","M","E","M","E","T","E","$","M","R","E","R","B",null,"M","M","M","M","M","E","R","E","T","E","M","?","$","E","R","B","B",null,"R","$","E","B",null],"character_chosen":"DEFECT","items_purchased":["Loop","Storm","Heatsinks","Static Discharge","Electrodynamics","Capacitor","Glacier+1","Self Repair+1","Storm+1","Block Potion","Self Repair+1","Undo+1"],"campfire_rested":0,"item_purchase_floors":[28,28,28,28,28,28,47,47,47,54,54,54],"current_hp_per_floor":[63,63,59,59,59,37,37,16,16,15,15,15,15,15,15,15,57,57,57,57,57,60,67,71,71,78,70,70,70,70,70,70,69,76,76,78,78,78,78,78,78,78,78,78,78,78,78,63,63,70,74,77,77,77,77,76],"gold":37,"neow_bonus":"","is_prod":false,"is_daily":false,"chose_seed":true,"campfire_upgraded":7,"win_rate":0,"timestamp":1549681928,"path_taken":["M","?","M","?","?","E","R","E","T","E","?","?","R","E","R","BOSS","M","?","M","?","M","E","M","E","T","E","?","M","R","E","R","BOSS","M","M","?","M","M","E","R","E","T","E","M","?","$","E","R","BOSS","BOSS","R","$","E","BOSS"],"build_version":"2019-01-23","purchased_purges":1,"victory":true,"max_hp_per_floor":[71,71,71,71,71,71,71,71,71,71,71,71,71,71,71,71,71,71,71,71,71,71,71,71,71,78,78,78,78,78,78,78,78,78,78,78,78,78,78,78,78,78,78,78,78,78,78,78,78,78,78,78,78,78,78,78],"card_choices":[{"not_picked":["Turbo","Compile Driver","Leap"],"picked":"SKIP","floor":1.0},{"not_picked":["Ball Lightning","Sweeping Beam","Barrage"],"picked":"SKIP","floor":3.0},{"not_picked":["Gash","Steam Power","Streamline"],"picked":"SKIP","floor":4.0},{"not_picked":["Hyperbeam","Rainbow"],"picked":"Amplify","floor":6.0},{"not_picked":["Rainbow","All For One"],"picked":"Biased Cognition","floor":8.0},{"not_picked":["Core Surge","Amplify"],"picked":"Fission","floor":10.0},{"not_picked":["Fission","Rainbow"],"picked":"Thunder Strike","floor":11.0},{"not_picked":["Seek","Biased Cognition"],"picked":"Core Surge","floor":12.0},{"not_picked":["Amplify","Hyperbeam"],"picked":"Rainbow","floor":14.0},{"not_picked":["Reboot+1","Meteor Strike"],"picked":"Buffer","floor":16.0},{"not_picked":["Chill+1","Barrage"],"picked":"Genetic Algorithm+1","floor":18.0},{"not_picked":["Auto Shields+1","Lockon+1","Hologram+1"],"picked":"SKIP","floor":18.0},{"not_picked":["Barrage","Turbo+1"],"picked":"Self Repair","floor":20.0},{"not_picked":["Hello World","Steam+1","Redo+1"],"picked":"SKIP","floor":20.0},{"not_picked":["Beam Cell","Conserve Battery+1"],"picked":"Defragment","floor":22.0},{"not_picked":["Sunder+1","Turbo+1"],"picked":"Conserve Battery+1","floor":22.0},{"not_picked":["Rainbow+1","Buffer","Meteor Strike"],"picked":"SKIP","floor":23.0},{"not_picked":["Turbo+1","Ball Lightning","Sweeping Beam"],"picked":"SKIP","floor":24.0},{"not_picked":["Beam Cell+1","Cold Snap","Go for the Eyes"],"picked":"SKIP","floor":24.0},{"not_picked":["Rainbow+1","Reboot+1","Thunder Strike"],"picked":"SKIP","floor":25.0},{"not_picked":["All For One","Thunder Strike","Meteor Strike","Core Surge"],"picked":"SKIP","floor":27.0},{"not_picked":["Blizzard","Static Discharge","Leap+1"],"picked":"Biased Cognition","floor":29.0},{"not_picked":["Melter","Go for the Eyes","Coolheaded+1"],"picked":"Steam+1","floor":29.0},{"not_picked":["Meteor Strike","Multi-Cast+1","Buffer"],"picked":"Electrodynamics","floor":31.0},{"not_picked":["Hyperbeam","Reboot+1","Electrodynamics"],"picked":"Core Surge","floor":33.0},{"not_picked":["Stack+1","Ball Lightning+1","Gash+1"],"picked":"Reinforced Body+1","floor":35.0},{"not_picked":["Darkness+1","Gash","Beam Cell"],"picked":"Heatsinks","floor":35.0},{"not_picked":["Ball Lightning","Gash","Genetic Algorithm+1"],"picked":"Coolheaded+1","floor":36.0},{"not_picked":["Steam+1","Core Surge","Sunder"],"picked":"Conserve Battery+1","floor":36.0},{"not_picked":["Sunder","Barrage","Beam Cell"],"picked":"Coolheaded+1","floor":37.0},{"not_picked":["Self Repair","Coolheaded+1","Redo+1"],"picked":"White Noise+1","floor":37.0},{"not_picked":["Cold Snap+1","Steam+1","Conserve Battery+1"],"picked":"Stack+1","floor":38.0},{"not_picked":["Hologram+1","Genetic Algorithm+1","Fusion+1","Reboot+1"],"picked":"SKIP","floor":38.0},{"not_picked":["Steam Power+1","Skim+1","Tempest+1"],"picked":"Capacitor","floor":39.0},{"not_picked":["Steam+1","Hologram+1","Fusion+1","Stack+1"],"picked":"SKIP","floor":39.0},{"not_picked":["Thunder Strike","Hyperbeam","Reboot+1"],"picked":"Creative AI","floor":40.0},{"not_picked":["Machine Learning+1","Hyperbeam","Creative AI+1"],"picked":"Fission+1","floor":42.0},{"not_picked":["Amplify+1","Biased Cognition+1","Meteor Strike"],"picked":"Echo Form+1","floor":44.0},{"not_picked":["Barrage","Gash","Tempest+1"],"picked":"Hologram+1","floor":45.0},{"not_picked":["Barrage+1","Double Energy+1","Aggregate+1"],"picked":"Leap+1","floor":45.0},{"not_picked":["Reboot+1","Multi-Cast+1","Electrodynamics+1"],"picked":"Fission+1","floor":48},{"not_picked":["Thunder Strike","Amplify+1","Electrodynamics+1"],"picked":"Echo Form+1","floor":55}],"player_experience":2183033,"relics_obtained":[{"floor":6.0,"key":"Sundial"},{"floor":8.0,"key":"DataDisk"},{"floor":9.0,"key":"Mummified Hand"},{"floor":10.0,"key":"Girya"},{"floor":11.0,"key":"Prayer Wheel"},{"floor":12.0,"key":"Oddly Smooth Stone"},{"floor":14.0,"key":"Toxic Egg 2"},{"floor":23.0,"key":"The Courier"},{"floor":25.0,"key":"Matryoshka"},{"floor":26.0,"key":"Question Card"},{"floor":26.0,"key":"Strawberry"},{"floor":27.0,"key":"Pocketwatch"},{"floor":31.0,"key":"Shovel"},{"floor":40.0,"key":"Frozen Egg 2"},{"floor":42.0,"key":"Bag of Marbles"},{"floor":43.0,"key":"Omamori"},{"floor":44.0,"key":"Potion Belt"},{"floor":48,"key":"Ice Cream"},{"floor":55,"key":"War Paint"}],"event_choices":[{"damage_healed":0.0,"max_hp_gain":0.0,"max_hp_loss":0.0,"gold_gain":0.0,"cards_transformed":["Coolheaded"],"event_name":"Transmorgrifier","player_choice":"Transformed","floor":2.0,"gold_loss":0.0,"damage_taken":0.0,"cards_obtained":["Force Field"]},{"damage_healed":0.0,"max_hp_gain":0.0,"max_hp_loss":0.0,"gold_gain":0.0,"event_name":"Living Wall","player_choice":"Grow","floor":5.0,"gold_loss":0.0,"damage_taken":0.0,"cards_upgraded":["Genetic Algorithm"]},{"damage_healed":0.0,"max_hp_gain":0.0,"max_hp_loss":0.0,"gold_gain":0.0,"event_name":"The Mausoleum","player_choice":"Ignored","floor":19.0,"gold_loss":0.0,"damage_taken":0.0},{"cards_removed":["Barrage"],"damage_healed":0.0,"max_hp_gain":0.0,"max_hp_loss":0.0,"gold_gain":0.0,"event_name":"Beggar","player_choice":"Gave Gold","floor":21.0,"gold_loss":75.0,"damage_taken":0.0},{"cards_removed":["Ball Lightning"],"damage_healed":0.0,"max_hp_gain":0.0,"max_hp_loss":0.0,"gold_gain":0.0,"event_name":"Falling","player_choice":"Removed Attack","floor":46.0,"gold_loss":0.0,"damage_taken":0.0}],"is_beta":false,"boss_relics":[{"not_picked":["White Beast Statue","Snecko Eye"],"picked":"FrozenCore"},{"not_picked":["Calling Bell","Busted Crown"],"picked":"Cursed Key"}],"items_purged_floors":[47],"is_endless":false,"potions_floor_spawned":[1,6,11,12,16,18,24,25,27,33,37,39,42,55],"ascension_level":20}