{"gold_per_floor":[111,111,36,36,51,77,77,77,77,110,185,201,201,55,55,129,129,149,180,180,27,47,47,62,62,88,58,72,88,88,99,99,170,170,187,201,201,201,1200,1200,1210,1210,1236,692,706,928,947,208,208,208],"floor_reached":51,"playtime":1539,"items_purged":["Strike_B","Normality","Normality"],"score":1410,"play_id":"841d4f5d-4354-4936-8513-9761c09985f9","local_time":"20190130000629","is_ascension_mode":true,"campfire_choices":[{"data":"Defragment","floor":8,"key":"SMITH"},{"data":"Beam Cell","floor":13,"key":"SMITH"},{"data":"Streamline","floor":15,"key":"SMITH"},{"data":"Loop","floor":23,"key":"SMITH"},{"floor":25,"key":"REST"},{"data":"Fission","floor":30,"key":"SMITH"},{"data":"Dualcast","floor":32,"key":"SMITH"},{"data":"Loop","floor":40,"key":"SMITH"},{"data":"Amplify","floor":42,"key":"SMITH"},{"floor":49,"key":"REST"}],"neow_cost":"NONE","seed_source_timestamp":0,"circlet_count":0,"master_deck":["AscendersBane","Strike_B","Defend_B","Defend_B","Defend_B","Defend_B","Zap","Dualcast+1","Coolheaded","Glacier","Defragment+1","Beam Cell+1","Core Surge","Streamline+1","Fission+1","FTL","Loop+1","Loop+1","Amplify+1","Chill","Deep Breath","Writhe","Purity"],"relics":["Cracked Core","NeowsBlessing","Blue Candle","Gremlin Horn","Shuriken","Bottled Tornado","Letter Opener","Runic Pyramid","Red Mask","DataDisk","Cursed Key","Vajra","Turnip","Lantern","Anchor","Medical Kit"],"potions_floor_usage":[10,19,33,47,50,50],"damage_taken":[{"damage":0,"enemies":"Small Slimes","floor":1,"turns":1},{"damage":0,"enemies":"Jaw Worm","floor":5,"turns":1},{"damage":0,"enemies":"3 Sentries","floor":6,"turns":1},{"damage":2,"enemies":"Lagavulin","floor":10,"turns":8},{"damage":0,"enemies":"Cultist","floor":12,"turns":3},{"damage":3,"enemies":"Slime Boss","floor":16,"turns":12},{"damage":25,"enemies":"2 Thieves","floor":18,"turns":4},{"damage":12,"enemies":"Masked Bandits","floor":19,"turns":4},{"damage":0,"enemies":"Shell Parasite","floor":22,"turns":4},{"damage":14,"enemies":"Centurion and Healer","floor":24,"turns":6},{"damage":1,"enemies":"3 Cultists","floor":28,"turns":5},{"damage":10,"enemies":"Snake Plant","floor":29,"turns":6},{"damage":4,"enemies":"Chosen and Byrds","floor":31,"turns":6},{"damage":0,"enemies":"Collector","floor":33,"turns":7},{"damage":3,"enemies":"Orb Walker","floor":35,"turns":3},{"damage":0,"enemies":"3 Darklings","floor":36,"turns":5},{"damage":2,"enemies":"Jaw Worm Horde","floor":41,"turns":5},{"damage":15,"enemies":"Transient","floor":45,"turns":5},{"damage":6,"enemies":"Maw","floor":47,"turns":8},{"damage":1,"enemies":"Donu and Deca","floor":50,"turns":10}],"seed_played":"6071574866052609","potions_obtained":[{"floor":6,"key":"Poison Potion"},{"floor":12,"key":"FearPotion"},{"floor":16,"key":"Ancient Potion"},{"floor":22,"key":"Poison Potion"},{"floor":27,"key":"Energy Potion"},{"floor":27,"key":"EntropicBrew"},{"floor":35,"key":"Energy Potion"}],"is_trial":false,"path_per_floor":["M","?","?","T","M","E","?","R","T","E","?","M","R","$","R","B",null,"M","?","?","$","M","R","M","R","T","?","M","M","R","M","R","B",null,"M","M","?","?","?","R","M","R","T","$","M","?","M","$","R","B",null],"character_chosen":"DEFECT","items_purchased":["Core Surge","Streamline","Loop","Turnip","Purity","Lantern","Anchor","Medical Kit","SkillPotion"],"campfire_rested":2,"item_purchase_floors":[14,14,21,44,44,48,48,48,48],"current_hp_per_floor":[64,59,59,59,59,59,64,64,64,62,51,51,51,51,51,48,69,44,32,32,32,32,32,18,40,40,40,39,29,29,25,25,25,63,60,60,60,60,60,60,58,58,58,58,43,43,37,37,58,57],"gold":208,"neow_bonus":"THREE_ENEMY_KILL","is_prod":false,"is_daily":false,"chose_seed":true,"campfire_upgraded":8,"win_rate":0,"timestamp":1548777989,"path_taken":["M","?","?","?","?","E","?","R","T","E","?","M","R","$","R","BOSS","M","?","?","?","?","R","M","R","T","?","M","?","R","M","R","BOSS","M","M","?","?","?","R","M","R","T","$","M","?","M","$","R","BOSS"],"build_version":"2019-01-23","purchased_purges":3,"victory":true,"max_hp_per_floor":[71,71,71,71,71,71,76,76,76,76,76,76,76,76,76,76,76,76,76,76,76,76,76,76,76,76,76,76,76,76,76,76,76,76,76,76,76,72,72,72,72,72,72,72,72,72,72,72,72,72],"card_choices":[{"not_picked":["Go for the Eyes","Redo"],"picked":"Coolheaded","floor":1},{"not_picked":["Cold Snap","Redo"],"picked":"Glacier","floor":5},{"not_picked":["Redo","Rainbow"],"picked":"Defragment","floor":6},{"not_picked":["Recycle","Skim","Genetic Algorithm"],"picked":"SKIP","floor":10},{"not_picked":["Redo","Auto Shields"],"picked":"Beam Cell","floor":12},{"not_picked":["All For One","Core Surge"],"picked":"Fission","floor":16},{"not_picked":["Double Energy","Beam Cell","Rip and Tear+1"],"picked":"SKIP","floor":18},{"not_picked":["Rip and Tear","Glacier"],"picked":"FTL","floor":19},{"not_picked":["Darkness","Redo","Double Energy"],"picked":"SKIP","floor":22},{"not_picked":["Beam Cell","Turbo","Sweeping Beam"],"picked":"SKIP","floor":24},{"not_picked":["FTL","Steam+1"],"picked":"Loop","floor":28},{"not_picked":["Tempest","Leap","Melter"],"picked":"SKIP","floor":29},{"not_picked":["Redo","Doom and Gloom","Aggregate"],"picked":"SKIP","floor":31},{"not_picked":["Fission","Hyperbeam"],"picked":"Amplify","floor":33},{"not_picked":["Rebound","Scrape","Stack"],"picked":"SKIP","floor":35},{"not_picked":["Force Field","Redo"],"picked":"Chill","floor":36},{"not_picked":["Secret Weapon","Impatience"],"picked":"Deep Breath","floor":37},{"not_picked":["Conserve Battery","Redo","Undo"],"picked":"SKIP","floor":41},{"not_picked":["Compile Driver","Skim","Chill"],"picked":"SKIP","floor":45},{"not_picked":["Leap","Redo","Go for the Eyes"],"picked":"SKIP","floor":47}],"player_experience":2619424,"relics_obtained":[{"floor":4,"key":"Gremlin Horn"},{"floor":6,"key":"Shuriken"},{"floor":9,"key":"Bottled Tornado"},{"floor":10,"key":"Letter Opener"},{"floor":19,"key":"Red Mask"},{"floor":26,"key":"DataDisk"},{"floor":43,"key":"Vajra"}],"event_choices":[{"damage_healed":0,"gold_gain":0,"player_choice":"Success","damage_taken":5,"relics_obtained":["Blue Candle"],"max_hp_gain":0,"max_hp_loss":0,"event_name":"Scrap Ooze","floor":2,"gold_loss":0},{"cards_removed":["Strike_B"],"damage_healed":0,"gold_gain":0,"player_choice":"Card Removal","damage_taken":0,"max_hp_gain":0,"max_hp_loss":0,"event_name":"The Cleric","floor":3,"gold_loss":75},{"damage_healed":0,"gold_gain":0,"player_choice":"Donut","damage_taken":0,"max_hp_gain":5,"max_hp_loss":0,"event_name":"Big Fish","floor":7,"gold_loss":0},{"damage_healed":0,"gold_gain":75,"player_choice":"Gather Gold","damage_taken":11,"max_hp_gain":0,"max_hp_loss":0,"event_name":"World of Goop","floor":11,"gold_loss":0},{"damage_healed":0,"gold_gain":0,"player_choice":"Fought Bandits","damage_taken":0,"max_hp_gain":0,"max_hp_loss":0,"event_name":"Masked Bandits","floor":19,"gold_loss":0},{"cards_removed":["Strike_B"],"damage_healed":0,"gold_gain":0,"player_choice":"Elegance","damage_taken":0,"max_hp_gain":0,"max_hp_loss":0,"event_name":"Back to Basics","floor":20,"gold_loss":0},{"damage_healed":0,"gold_gain":0,"player_choice":"Bought 2 Potions","damage_taken":0,"max_hp_gain":0,"max_hp_loss":0,"event_name":"The Woman in Blue","floor":27,"gold_loss":0},{"damage_healed":0,"gold_gain":0,"player_choice":"Memory 1","damage_taken":0,"max_hp_gain":0,"max_hp_loss":0,"event_name":"SensoryStone","floor":37,"gold_loss":0},{"damage_healed":0,"gold_gain":0,"player_choice":"Max HP","damage_taken":0,"max_hp_gain":0,"max_hp_loss":4,"event_name":"Winding Halls","floor":38,"gold_loss":0},{"damage_healed":0,"gold_gain":999,"player_choice":"Gold","damage_taken":0,"max_hp_gain":0,"max_hp_loss":0,"event_name":"MindBloom","floor":39,"gold_loss":0,"cards_obtained":["Normality","Normality"]},{"damage_healed":0,"gold_gain":222,"player_choice":"Wore Mask","damage_taken":0,"max_hp_gain":0,"max_hp_loss":0,"event_name":"Tomb of Lord Red Mask","floor":46,"gold_loss":0}],"is_beta":false,"boss_relics":[{"not_picked":["Tiny House","Philosopher\u0027s Stone"],"picked":"Runic Pyramid"},{"not_picked":["Lizard Tail","Snecko Eye"],"picked":"Cursed Key"}],"items_purged_floors":[21,44,48],"is_endless":false,"potions_floor_spawned":[6,12,16,22,29,35,41],"ascension_level":16}