{"gold_per_floor":[211,223,102,102,112,112,141,153,247,275,348,374,386,414,426,513,525,547,559,557,569,87,112,112,138,191,191,241,241],"floor_reached":29,"playtime":1056,"items_purged":["Strike_R"],"score":499,"play_id":"697883b3-4d0d-4a57-94cb-0506308416cb","local_time":"20190208103631","is_ascension_mode":true,"campfire_choices":[{"data":"Bash","floor":6.0,"key":"SMITH"},{"data":"Combust","floor":8.0,"key":"SMITH"},{"floor":15,"key":"REST"},{"floor":24,"key":"REST"}],"neow_cost":"NONE","seed_source_timestamp":9324657400294,"circlet_count":0,"master_deck":["AscendersBane","Defend_R","Defend_R","Defend_R","Bash+1","Pommel Strike","Combust+1","Shrug It Off","Spot Weakness","Shockwave+1","Disarm","Feed","Anger","True Grit","Shrug It Off","Juggernaut","Spot Weakness+1","Bite","Bite","Bite","Bite","Panacea","Warcry","Offering","Flame Barrier"],"special_seed":0,"relics":["Burning Blood","Dream Catcher","MawBank","Dodecahedron","Tiny Chest","Ornamental Fan","Velvet Choker","Brimstone","War Paint","Orichalcum","Regal Pillow","Toxic Egg 2","Strawberry"],"potions_floor_usage":[10,11,14,16,25,29],"damage_taken":[{"damage":1.0,"enemies":"2 Louse","floor":1.0,"turns":3.0},{"damage":3.0,"enemies":"Jaw Worm","floor":2.0,"turns":5.0},{"damage":0.0,"enemies":"Cultist","floor":5.0,"turns":4.0},{"damage":35.0,"enemies":"Gremlin Nob","floor":7.0,"turns":4.0},{"damage":6,"enemies":"Large Slime","floor":10,"turns":4},{"damage":21,"enemies":"3 Sentries","floor":11,"turns":6},{"damage":7,"enemies":"2 Fungi Beasts","floor":12,"turns":4},{"damage":9,"enemies":"Lots of Slimes","floor":14,"turns":5},{"damage":17,"enemies":"The Guardian","floor":16,"turns":11},{"damage":27,"enemies":"Spheric Guardian","floor":18,"turns":5},{"damage":15,"enemies":"2 Thieves","floor":20,"turns":4},{"damage":55,"enemies":"Book of Stabbing","floor":23,"turns":5},{"damage":44,"enemies":"Slavers","floor":25,"turns":4},{"damage":25,"enemies":"Shelled Parasite and Fungi","floor":29,"turns":3}],"seed_played":"-8430146631625254053","potions_obtained":[{"floor":2.0,"key":"Explosive Potion"},{"floor":5.0,"key":"EntropicBrew"},{"floor":12,"key":"SteroidPotion"},{"floor":14,"key":"Explosive Potion"},{"floor":23,"key":"Fire Potion"},{"floor":25,"key":"AttackPotion"}],"is_trial":false,"path_per_floor":["M","M","$","?","M","R","E","R","T","M","E","M","T","M","R","B",null,"M","?","M","?","$","E","R","E","T","?","?","M"],"character_chosen":"IRONCLAD","items_purchased":["Shrug It Off","Brimstone","War Paint","Orichalcum"],"campfire_rested":2,"item_purchase_floors":[3,22,22,22],"current_hp_per_floor":[73,75,75,49,55,55,26,26,26,26,11,13,13,13,37,29,70,49,49,48,48,48,9,41,9,16,16,16,0],"gold":241,"neow_bonus":"HUNDRED_GOLD","is_prod":false,"is_daily":false,"chose_seed":false,"campfire_upgraded":2,"win_rate":0,"timestamp":1549650991,"path_taken":["M","M","$","?","M","R","E","R","T","M","E","M","?","?","R","BOSS","M","?","M","?","$","E","R","E","T","?","?","M"],"build_version":"2019-01-23","purchased_purges":1,"victory":false,"max_hp_per_floor":[75,75,75,75,75,75,75,75,75,75,75,78,78,81,81,84,84,84,58,58,58,58,58,58,58,65,65,65,68],"card_choices":[{"not_picked":["Havoc","Seeing Red"],"picked":"Pommel Strike","floor":1.0},{"not_picked":["Cleave","Havoc"],"picked":"Combust","floor":2.0},{"not_picked":["Burning Pact","Ghostly Armor"],"picked":"Spot Weakness","floor":5.0},{"not_picked":["Twin Strike","Blood for Blood"],"picked":"Shockwave","floor":7.0},{"not_picked":["Iron Wave","Fire Breathing"],"picked":"Disarm","floor":10},{"not_picked":["Anger","Shockwave"],"picked":"Feed","floor":11},{"not_picked":["Perfected Strike","Clash"],"picked":"Anger","floor":12},{"not_picked":["Reckless Charge","Dropkick"],"picked":"True Grit","floor":14},{"not_picked":["Cleave","Clothesline"],"picked":"Shrug It Off","floor":15},{"not_picked":["Immolate","Dark Embrace"],"picked":"Juggernaut","floor":16},{"not_picked":["Shockwave","Bloodletting"],"picked":"Spot Weakness","floor":18},{"not_picked":["Headbutt","Warcry","Sword Boomerang"],"picked":"SKIP","floor":20},{"not_picked":["Clash+1","Burning Pact"],"picked":"Offering","floor":23},{"not_picked":["Thunderclap","Searing Blow"],"picked":"Flame Barrier","floor":24},{"not_picked":["Bloodletting","Headbutt","Bludgeon"],"picked":"SKIP","floor":25}],"player_experience":2175337,"relics_obtained":[{"floor":7.0,"key":"MawBank"},{"floor":9.0,"key":"Dodecahedron"},{"floor":11,"key":"Tiny Chest"},{"floor":13,"key":"Ornamental Fan"},{"floor":23,"key":"Regal Pillow"},{"floor":25,"key":"Toxic Egg 2"},{"floor":26,"key":"Strawberry"}],"event_choices":[{"damage_healed":0.0,"max_hp_gain":0.0,"max_hp_loss":0.0,"gold_gain":0.0,"event_name":"Scrap Ooze","player_choice":"Success","floor":4.0,"gold_loss":0.0,"damage_taken":26.0,"relics_obtained":["Dream Catcher"]},{"damage_healed":0,"gold_gain":0,"player_choice":"Became a vampire","damage_taken":0,"max_hp_gain":0,"max_hp_loss":26,"event_name":"Vampires","floor":19,"gold_loss":0,"cards_obtained":["Bite","Bite","Bite","Bite","Bite"]},{"damage_healed":0,"gold_gain":0,"cards_transformed":["Bite","Defend_R"],"player_choice":"Became Test Subject","damage_taken":0,"max_hp_gain":0,"max_hp_loss":0,"event_name":"Drug Dealer","floor":21,"gold_loss":0,"cards_obtained":["Panacea","Warcry"]},{"damage_healed":0,"gold_gain":0,"player_choice":"Ignored","damage_taken":0,"max_hp_gain":0,"max_hp_loss":0,"event_name":"Ghosts","floor":27,"gold_loss":0},{"damage_healed":0,"gold_gain":50,"player_choice":"Pray","damage_taken":0,"max_hp_gain":0,"max_hp_loss":0,"event_name":"Golden Shrine","floor":28,"gold_loss":0}],"is_beta":false,"boss_relics":[{"not_picked":["Mark of Pain","Sozu"],"picked":"Velvet Choker"}],"items_purged_floors":[3],"is_endless":false,"potions_floor_spawned":[2,5,7,12,14,23,25],"killed_by":"Shelled Parasite and Fungi","ascension_level":15}