{"gold_per_floor":[112,112,124,10,21,21,21,46,46,57,57,22,47,73,73,152,152,167,178,36,36,0,0,0,0],"floor_reached":25,"playtime":673,"items_purged":["Strike_R","Defend_R"],"score":434,"play_id":"ff739cd1-b582-41d5-93ad-60706a4e783c","local_time":"20181201222508","is_ascension_mode":true,"campfire_choices":[{"data":"Carnage","floor":6,"key":"SMITH"},{"data":"Bash","floor":11,"key":"SMITH"},{"data":"Power Through","floor":15,"key":"SMITH"},{"floor":23,"key":"REST"},{"data":"Entrench","floor":24,"key":"SMITH"}],"neow_cost":"NONE","seed_source_timestamp":20339818552363,"circlet_count":0,"master_deck":["AscendersBane","Strike_R","Strike_R","Strike_R","Strike_R","Defend_R","Defend_R","Defend_R","Bash+1","Carnage+1","Warcry","Power Through+1","Feel No Pain","Offering","Entrench+1","RitualDagger"],"relics":["Burning Blood","Strawberry","WingedGreaves","Happy Flower","Torii","Bottled Flame","Anchor","Velvet Choker"],"potions_floor_usage":[14,14,19,25],"damage_taken":[{"damage":6,"enemies":"Cultist","floor":1,"turns":3},{"damage":16,"enemies":"Jaw Worm","floor":3,"turns":6},{"damage":10,"enemies":"Small Slimes","floor":5,"turns":4},{"damage":30,"enemies":"Lagavulin","floor":8,"turns":5},{"damage":23,"enemies":"Exordium Thugs","floor":10,"turns":5},{"damage":14,"enemies":"3 Sentries","floor":13,"turns":7},{"damage":35,"enemies":"Gremlin Nob","floor":14,"turns":5},{"damage":10,"enemies":"The Guardian","floor":16,"turns":10},{"damage":45,"enemies":"3 Byrds","floor":18,"turns":7},{"damage":12,"enemies":"2 Thieves","floor":19,"turns":4},{"damage":39,"enemies":"Book of Stabbing","floor":25,"turns":3}],"seed_played":"-6678945649777703281","potions_obtained":[{"floor":10,"key":"Weak Potion"},{"floor":13,"key":"Regen Potion"},{"floor":16,"key":"EssenceOfSteel"},{"floor":19,"key":"Fire Potion"}],"is_trial":false,"path_per_floor":["M","?","M","$","M","R","$","E","T","M","R","?","E","E","R","B",null,"M","M","$","?","?","R","R","E"],"character_chosen":"IRONCLAD","items_purchased":["Carnage","Entrench"],"campfire_rested":1,"item_purchase_floors":[4,20],"current_hp_per_floor":[75,75,65,65,61,61,61,37,37,20,20,40,32,17,17,13,65,26,20,20,14,14,38,38,0],"gold":0,"neow_bonus":"RANDOM_COMMON_RELIC","is_prod":false,"is_daily":false,"chose_seed":false,"campfire_upgraded":4,"win_rate":0,"timestamp":1543674308,"path_taken":["M","?","M","?","?","R","$","E","T","M","R","?","E","E","R","BOSS","M","M","$","?","?","R","R","E"],"build_version":"2018-11-15","purchased_purges":2,"victory":false,"max_hp_per_floor":[82,82,82,82,82,82,82,82,82,82,82,82,82,82,82,82,82,82,82,82,82,82,82,82,82],"card_choices":[{"not_picked":["Cleave","Thunderclap"],"picked":"Wild Strike","floor":1},{"not_picked":["Heavy Blade","Sword Boomerang","Warcry"],"picked":"SKIP","floor":3},{"not_picked":["Armaments","Rupture","Clash"],"picked":"SKIP","floor":5},{"not_picked":["Exhume","Sword Boomerang","True Grit"],"picked":"SKIP","floor":8},{"not_picked":["Corruption","Warcry","Dropkick"],"picked":"SKIP","floor":10},{"not_picked":["Corruption","Dropkick"],"picked":"Warcry","floor":10},{"not_picked":["Havoc","Shockwave"],"picked":"Power Through","floor":13},{"not_picked":["Pommel Strike","Pummel"],"picked":"Feel No Pain","floor":14},{"not_picked":["Dark Embrace","Reaper"],"picked":"Offering","floor":16},{"not_picked":["Pummel","Headbutt","Perfected Strike"],"picked":"SKIP","floor":18},{"not_picked":["Perfected Strike","Twin Strike","Bloodletting"],"picked":"SKIP","floor":19}],"player_experience":2250362,"relics_obtained":[{"floor":8,"key":"Happy Flower"},{"floor":9,"key":"Torii"},{"floor":13,"key":"Bottled Flame"},{"floor":14,"key":"Anchor"}],"event_choices":[{"cards_removed":["Wild Strike"],"damage_healed":0,"gold_gain":0,"player_choice":"Gave Card","damage_taken":0,"relics_obtained":["WingedGreaves"],"max_hp_gain":0,"max_hp_loss":0,"event_name":"WeMeetAgain","floor":2,"gold_loss":0},{"damage_healed":20,"gold_gain":0,"player_choice":"Healed","damage_taken":0,"max_hp_gain":0,"max_hp_loss":0,"event_name":"The Cleric","floor":12,"gold_loss":35},{"damage_healed":0,"gold_gain":0,"player_choice":"Joined the Cult","damage_taken":6,"max_hp_gain":0,"max_hp_loss":0,"event_name":"Nest","floor":21,"gold_loss":0,"cards_obtained":["RitualDagger"]},{"damage_healed":0,"gold_gain":0,"player_choice":"Paid Fearfully","damage_taken":0,"max_hp_gain":0,"max_hp_loss":0,"event_name":"Masked Bandits","floor":22,"gold_loss":36}],"is_beta":false,"boss_relics":[{"not_picked":["Tiny House","Runic Dome"],"picked":"Velvet Choker"}],"items_purged_floors":[4,20],"is_endless":false,"potions_floor_spawned":[10,13,16,19],"killed_by":"Book of Stabbing","ascension_level":20}