{"gold_per_floor":[112,129,140,156,156,156,185,185,185,229,244,284,309,322,322,412,412,425,475,458,478,497,497,513,513,513,527,570,570,570,590,590,680,680,694,694,717,1050,1070,673,699,717,717,389,389,389,389,389,389,389,389],"floor_reached":52,"playtime":2520,"items_purged":["Writhe"],"score":2077,"play_id":"07af6687-7ac5-4f75-a1ce-c1478f7f54ce","local_time":"20181210203647","daily_mods":["SealedDeck"],"is_ascension_mode":true,"campfire_choices":[{"data":"Go for the Eyes","floor":6.0,"key":"SMITH"},{"data":"Defragment","floor":15.0,"key":"SMITH"},{"data":"Beam Cell","floor":23.0,"key":"SMITH"},{"data":"Hologram","floor":25.0,"key":"SMITH"},{"floor":29.0,"key":"REST"},{"data":"Biased Cognition","floor":32.0,"key":"SMITH"},{"floor":47,"key":"REST"},{"floor":49,"key":"REST"}],"neow_cost":"","seed_source_timestamp":0,"circlet_count":0,"master_deck":["AscendersBane","Hologram+1","FTL","Sweeping Beam","Conserve Battery","Cold Snap+1","Beam Cell+1","Go for the Eyes+1","Ball Lightning","Chill","Biased Cognition+1","Defragment+1","Genetic Algorithm","Core Surge+1","Compile Driver","Echo Form+1","Gash+1","Redo+1","Fission+1","Conserve Battery+1","Capacitor+1","Genetic Algorithm","Rainbow","Dark Shackles"],"special_seed":0,"relics":["Cracked Core","Happy Flower","Lantern","Dodecahedron","Ancient Tea Set","Sozu","Bronze Scales","Frozen Egg 2","Astrolabe","Membership Card","Shuriken","Question Card","Prayer Wheel","Whetstone","DollysMirror","Toxic Egg 2"],"potions_floor_usage":[51],"damage_taken":[{"damage":0.0,"enemies":"Cultist","floor":1.0,"turns":3.0},{"damage":0.0,"enemies":"Small Slimes","floor":2.0,"turns":2.0},{"damage":0.0,"enemies":"Jaw Worm","floor":3.0,"turns":2.0},{"damage":5.0,"enemies":"Blue Slaver","floor":4.0,"turns":2.0},{"damage":0.0,"enemies":"Gremlin Nob","floor":7.0,"turns":3.0},{"damage":0.0,"enemies":"Lagavulin","floor":10.0,"turns":5.0},{"damage":6.0,"enemies":"3 Louse","floor":11.0,"turns":2.0},{"damage":0.0,"enemies":"3 Sentries","floor":12.0,"turns":6.0},{"damage":0.0,"enemies":"Looter","floor":13.0,"turns":2.0},{"damage":8.0,"enemies":"Exordium Wildlife","floor":14.0,"turns":4.0},{"damage":12.0,"enemies":"The Guardian","floor":16.0,"turns":12.0},{"damage":7.0,"enemies":"Shell Parasite","floor":18.0,"turns":4.0},{"damage":8.0,"enemies":"2 Thieves","floor":20.0,"turns":4.0},{"damage":0.0,"enemies":"3 Cultists","floor":21.0,"turns":5.0},{"damage":0.0,"enemies":"Snake Plant","floor":22.0,"turns":3.0},{"damage":3.0,"enemies":"Shelled Parasite and Fungi","floor":24.0,"turns":4.0},{"damage":0.0,"enemies":"Cultist and Chosen","floor":27.0,"turns":5.0},{"damage":27.0,"enemies":"Slavers","floor":28.0,"turns":6.0},{"damage":0.0,"enemies":"Centurion and Healer","floor":31.0,"turns":4.0},{"damage":4.0,"enemies":"Collector","floor":33.0,"turns":11.0},{"damage":8.0,"enemies":"3 Darklings","floor":35.0,"turns":5.0},{"damage":0.0,"enemies":"3 Shapes","floor":37.0,"turns":6.0},{"damage":33.0,"enemies":"Transient","floor":39.0,"turns":6.0},{"damage":25,"enemies":"Nemesis","floor":41,"turns":7},{"damage":4,"enemies":"Spire Growth","floor":42,"turns":3},{"damage":0,"enemies":"Awakened One","floor":50,"turns":9},{"damage":5,"enemies":"Time Eater","floor":51,"turns":9}],"seed_played":"-7536482233391953269","potions_obtained":[{"floor":10.0,"key":"Strength Potion"},{"floor":11.0,"key":"AttackPotion"},{"floor":13.0,"key":"Ancient Potion"}],"is_trial":true,"path_per_floor":["M","M","M","M","?","R","E","?","T","E","M","E","M","M","R","B",null,"M","?","M","M","M","R","M","R","T","M","E","R","?","M","R","B",null,"M","?","M","?","M","$","E","M","T","$","?","T","R","?","R","B","B",null],"character_chosen":"DEFECT","items_purchased":["Membership Card","Shuriken","Capacitor+1","Whetstone","DollysMirror","Rainbow"],"campfire_rested":3,"item_purchase_floors":[40,40,44,44,44,44],"current_hp_per_floor":[64,64,64,59,59,59,59,35,35,35,29,29,29,21,21,9,56,49,49,41,41,41,41,38,38,38,38,11,32,32,32,32,28,60,52,66,66,66,33,33,8,4,4,4,4,4,25,25,46,46,41],"gold":389,"neow_bonus":"","is_prod":false,"is_daily":false,"chose_seed":false,"campfire_upgraded":5,"win_rate":0,"timestamp":1544503007,"path_taken":["M","?","M","M","?","R","E","?","T","E","M","E","M","M","R","BOSS","M","?","M","M","M","R","M","R","T","M","E","R","?","M","R","BOSS","M","?","M","?","M","$","E","M","T","$","?","?","R","?","R","BOSS","BOSS"],"build_version":"2018-12-06","purchased_purges":1,"victory":true,"max_hp_per_floor":[71,71,71,71,71,71,71,71,71,71,71,71,71,71,71,71,71,71,71,71,71,71,71,71,71,71,71,71,71,71,71,71,71,71,71,71,71,71,71,71,71,71,71,71,71,71,71,71,71,71,71],"card_choices":[{"not_picked":["Undo","Steam","Streamline"],"picked":"SKIP","floor":1.0},{"not_picked":["Rip and Tear","Compile Driver"],"picked":"Ball Lightning","floor":2.0},{"not_picked":["Conserve Battery","Loop"],"picked":"Chill","floor":3.0},{"not_picked":["Hologram","Self Repair"],"picked":"Biased Cognition","floor":4.0},{"not_picked":["Go for the Eyes","Ball Lightning"],"picked":"Defragment","floor":7.0},{"not_picked":["Compile Driver","Barrage","White Noise"],"picked":"SKIP","floor":10.0},{"not_picked":["Cold Snap","Turbo","BootSequence"],"picked":"SKIP","floor":11.0},{"not_picked":["Sweeping Beam","Gash","Turbo"],"picked":"SKIP","floor":12.0},{"not_picked":["Hologram","Barrage"],"picked":"Genetic Algorithm","floor":13.0},{"not_picked":["Double Energy","Chill","Ball Lightning"],"picked":"SKIP","floor":14.0},{"not_picked":["Fission","Buffer"],"picked":"Core Surge","floor":16.0},{"not_picked":["Lockon","Streamline","Barrage"],"picked":"SKIP","floor":18.0},{"not_picked":["Stack+1","Compile Driver","Go for the Eyes"],"picked":"SKIP","floor":20.0},{"not_picked":["Stack+1","Go for the Eyes"],"picked":"Compile Driver","floor":20.0},{"not_picked":["Rebound","Coolheaded","Auto Shields"],"picked":"SKIP","floor":21.0},{"not_picked":["Ball Lightning","Streamline","Steam"],"picked":"SKIP","floor":22.0},{"not_picked":["Redo","Steam Power","Genetic Algorithm"],"picked":"SKIP","floor":24.0},{"not_picked":["Hyperbeam","Turbo","Gash"],"picked":"SKIP","floor":27.0},{"not_picked":["Hologram","Ball Lightning","Gash"],"picked":"SKIP","floor":28.0},{"not_picked":["Beam Cell","Recycle","White Noise"],"picked":"SKIP","floor":31.0},{"not_picked":["Multi-Cast","Seek"],"picked":"Echo Form+1","floor":33.0},{"not_picked":["Sweeping Beam","Recycle","White Noise"],"picked":"SKIP","floor":35.0},{"not_picked":["Ball Lightning+1","Defragment+1","Compile Driver"],"picked":"SKIP","floor":37.0},{"not_picked":["Redo+1","Coolheaded","Cold Snap"],"picked":"SKIP","floor":39.0},{"not_picked":["Leap","Barrage","Steam"],"picked":"SKIP","floor":41},{"not_picked":["Defragment+1","Go for the Eyes","Turbo"],"picked":"Conserve Battery+1","floor":42},{"not_picked":["Impatience","Panacea","Master of Strategy"],"picked":"Dark Shackles","floor":45}],"player_experience":1769225,"relics_obtained":[{"floor":7.0,"key":"Happy Flower"},{"floor":9.0,"key":"Lantern"},{"floor":10.0,"key":"Dodecahedron"},{"floor":12.0,"key":"Ancient Tea Set"},{"floor":26.0,"key":"Bronze Scales"},{"floor":28.0,"key":"Frozen Egg 2"},{"floor":41,"key":"Question Card"},{"floor":43,"key":"Prayer Wheel"},{"floor":46,"key":"Toxic Egg 2"}],"event_choices":[{"damage_healed":0.0,"max_hp_gain":0.0,"max_hp_loss":0.0,"gold_gain":0.0,"event_name":"Golden Wing","player_choice":"Ignored","floor":5.0,"gold_loss":0.0,"damage_taken":0.0},{"damage_healed":0.0,"max_hp_gain":0.0,"max_hp_loss":0.0,"gold_gain":0.0,"event_name":"Golden Idol","player_choice":"Take Damage","floor":8.0,"gold_loss":0.0,"damage_taken":24.0,"relics_obtained":["Golden Idol"]},{"damage_healed":0.0,"max_hp_gain":0.0,"max_hp_loss":0.0,"gold_gain":50.0,"event_name":"Nest","player_choice":"Stole From Cult","floor":19.0,"gold_loss":0.0,"damage_taken":0.0},{"damage_healed":0.0,"max_hp_gain":0.0,"max_hp_loss":0.0,"gold_gain":0.0,"event_name":"Beggar","player_choice":"Ignored","floor":30.0,"gold_loss":0.0,"damage_taken":0.0},{"damage_healed":14.0,"max_hp_gain":0.0,"max_hp_loss":0.0,"gold_gain":0.0,"event_name":"Winding Halls","player_choice":"Writhe","floor":36.0,"gold_loss":0.0,"damage_taken":0.0,"cards_obtained":["Writhe"]},{"damage_healed":0.0,"max_hp_gain":0.0,"max_hp_loss":0.0,"gold_gain":333.0,"event_name":"The Moai Head","player_choice":"Gave Idol","floor":38.0,"relics_lost":["Golden Idol"],"gold_loss":0.0,"damage_taken":0.0},{"damage_healed":0,"gold_gain":0,"player_choice":"Memory 1","damage_taken":0,"max_hp_gain":0,"max_hp_loss":0,"event_name":"SensoryStone","floor":45,"gold_loss":0},{"damage_healed":0,"gold_gain":0,"player_choice":"Ignored","damage_taken":0,"max_hp_gain":0,"max_hp_loss":0,"event_name":"Mysterious Sphere","floor":48,"gold_loss":0}],"is_beta":false,"boss_relics":[{"not_picked":["FrozenCore","Runic Pyramid"],"picked":"Sozu"},{"not_picked":["Fusion Hammer","Busted Crown"],"picked":"Astrolabe"}],"items_purged_floors":[40],"is_endless":false,"potions_floor_spawned":[10,11,13,14,16,22,27,31,37],"ascension_level":20}