{"gold_per_floor":[217,187,198,214,227,257,257,284,311,311,65,80,10,43,43,120,120,134,78,89,108,108,108,136,136,136,136,155,185,40,60,60,136,136,151,151,151,151,151,176,76,88,113,113,144,159,6,19,19,19],"floor_reached":51,"playtime":2041,"items_purged":["Strike_R","Strike_R"],"score":1298,"play_id":"3dcfbbb2-8f02-475f-be3e-bd2e7ba0a939","local_time":"20190322222427","is_ascension_mode":true,"campfire_choices":[{"data":"Bash","floor":7.0,"key":"SMITH"},{"floor":10.0,"key":"REST"},{"data":"True Grit","floor":15.0,"key":"SMITH"},{"floor":23.0,"key":"REST"},{"floor":25.0,"key":"REST"},{"floor":32.0,"key":"REST"},{"data":"Apotheosis","floor":44,"key":"SMITH"},{"floor":49,"key":"REST"}],"neow_cost":"NONE","seed_source_timestamp":52319628153412,"circlet_count":0,"master_deck":["AscendersBane","Strike_R","Strike_R","Strike_R","Defend_R","Defend_R","Defend_R","Defend_R","Bash+1","Shrug It Off","Flame Barrier","Sword Boomerang","Clothesline","Anger","Headbutt","True Grit+1","Sword Boomerang","Rage","Immolate","Shrug It Off+1","Impervious","Uppercut","Flex","Metallicize+1","Rampage+1","Demon Form","Body Slam+1","Apotheosis+1","Corruption","Pommel Strike+1","Impervious","Shockwave+1"],"special_seed":0,"relics":["Burning Blood","Strawberry","Lantern","Boot","Omamori","Black Star","PreservedInsect","Regal Pillow","Anchor","Sundial","WarpedTongs","Bag of Marbles","Ginger","Orichalcum","Runic Pyramid","Blood Vial","Blue Candle","Potion Belt","Red Skull","Dream Catcher","Darkstone Periapt"],"potions_floor_usage":[33,50,50,50,50],"damage_taken":[{"damage":6.0,"enemies":"Jaw Worm","floor":1.0,"turns":5.0},{"damage":6.0,"enemies":"Cultist","floor":3.0,"turns":3.0},{"damage":13.0,"enemies":"2 Louse","floor":4.0,"turns":4.0},{"damage":6.0,"enemies":"Blue Slaver","floor":5.0,"turns":6.0},{"damage":36.0,"enemies":"Lagavulin","floor":6.0,"turns":11.0},{"damage":44.0,"enemies":"3 Sentries","floor":8.0,"turns":12.0},{"damage":2.0,"enemies":"Red Slaver","floor":12.0,"turns":4.0},{"damage":15.0,"enemies":"Gremlin Nob","floor":14.0,"turns":3.0},{"damage":14.0,"enemies":"The Guardian","floor":16.0,"turns":12.0},{"damage":13.0,"enemies":"3 Byrds","floor":18.0,"turns":4.0},{"damage":20.0,"enemies":"Chosen","floor":20.0,"turns":5.0},{"damage":14.0,"enemies":"Snake Plant","floor":21.0,"turns":6.0},{"damage":49.0,"enemies":"Book of Stabbing","floor":24.0,"turns":5.0},{"damage":26.0,"enemies":"Sentry and Sphere","floor":28.0,"turns":5.0},{"damage":22.0,"enemies":"Slavers","floor":29.0,"turns":6.0},{"damage":1.0,"enemies":"Centurion and Healer","floor":31.0,"turns":7.0},{"damage":51,"enemies":"Champ","floor":33,"turns":16},{"damage":0,"enemies":"3 Shapes","floor":35,"turns":2},{"damage":12,"enemies":"Reptomancer","floor":40,"turns":8},{"damage":2,"enemies":"Orb Walker","floor":42,"turns":3},{"damage":8,"enemies":"Giant Head","floor":45,"turns":8},{"damage":7,"enemies":"4 Shapes","floor":46,"turns":5},{"damage":12,"enemies":"3 Darklings","floor":48,"turns":5},{"damage":73,"enemies":"Donu and Deca","floor":50,"turns":10}],"seed_played":"-6905249850327484556","potions_obtained":[{"floor":2.0,"key":"SpeedPotion"},{"floor":2.0,"key":"Weak Potion"},{"floor":4.0,"key":"PowerPotion"},{"floor":6.0,"key":"Regen Potion"},{"floor":14.0,"key":"Block Potion"},{"floor":20.0,"key":"EssenceOfSteel"},{"floor":21.0,"key":"Poison Potion"},{"floor":31.0,"key":"Explosive Potion"},{"floor":42,"key":"Explosive Potion"},{"floor":45,"key":"LiquidBronze"},{"floor":46,"key":"Dexterity Potion"},{"floor":48,"key":"EssenceOfSteel"}],"is_trial":false,"path_per_floor":["M","?","M","M","M","E","R","E","T","R","$","M","?","E","R","B",null,"M","?","M","M","?","R","E","R","T","?","M","E","$","M","R","B",null,"M","?","?","T","?","E","$","M","T","R","E","M","$","M","R","B",null],"character_chosen":"IRONCLAD","items_purchased":["Anger","Headbutt","Strength Potion","True Grit","Orichalcum","Impervious"],"campfire_rested":5,"item_purchase_floors":[11,11,11,11,30,47],"current_hp_per_floor":[68,68,68,61,61,38,38,15,15,39,39,43,43,34,34,26,68,61,61,47,39,39,63,20,59,59,59,39,23,23,28,67,22,67,73,73,73,73,73,69,69,75,75,75,75,76,76,72,82,15],"gold":19,"neow_bonus":"HUNDRED_GOLD","is_prod":false,"is_daily":false,"chose_seed":false,"campfire_upgraded":3,"win_rate":0,"timestamp":1553318667,"path_taken":["M","?","?","M","M","E","R","E","T","R","$","M","?","E","R","BOSS","M","?","M","?","?","R","E","R","T","?","M","E","$","M","R","BOSS","M","?","?","?","?","E","$","M","T","R","E","M","$","M","R","BOSS"],"build_version":"2019-01-23","purchased_purges":2,"victory":true,"max_hp_per_floor":[75,75,75,75,75,82,82,82,82,82,82,82,82,82,82,82,82,82,82,82,82,82,82,82,82,82,82,82,82,82,82,82,82,82,82,82,82,82,82,82,82,82,82,82,82,82,82,82,82,82],"card_choices":[{"not_picked":["Thunderclap","Body Slam"],"picked":"Shrug It Off","floor":1.0},{"not_picked":["Dual Wield","Burning Pact","True Grit"],"picked":"SKIP","floor":3.0},{"not_picked":["Juggernaut","Heavy Blade"],"picked":"Flame Barrier","floor":4.0},{"not_picked":["Flex","Pummel"],"picked":"Sword Boomerang","floor":5.0},{"not_picked":["Sword Boomerang","Dropkick"],"picked":"Clothesline","floor":6.0},{"not_picked":["Dropkick","Flex","Warcry"],"picked":"SKIP","floor":8.0},{"not_picked":["Clothesline","Havoc"],"picked":"Sword Boomerang","floor":12.0},{"not_picked":["Berserk","Perfected Strike"],"picked":"Rage","floor":14.0},{"not_picked":["Offering","Feed"],"picked":"Immolate","floor":16.0},{"not_picked":["Iron Wave","True Grit"],"picked":"Shrug It Off+1","floor":18.0},{"not_picked":["Headbutt","Clash"],"picked":"Impervious","floor":20.0},{"not_picked":["Cleave","Thunderclap"],"picked":"Uppercut","floor":21.0},{"not_picked":["Double Tap","Twin Strike"],"picked":"Flex","floor":24.0},{"not_picked":["Cleave","Sword Boomerang","Perfected Strike"],"picked":"SKIP","floor":28.0},{"not_picked":["Perfected Strike","Clothesline"],"picked":"Metallicize+1","floor":29.0},{"not_picked":["Fire Breathing","Combust"],"picked":"Rampage+1","floor":31.0},{"not_picked":["Berserk","Double Tap"],"picked":"Demon Form","floor":33},{"not_picked":["Cleave","Perfected Strike"],"picked":"Body Slam+1","floor":35},{"not_picked":["Impatience","Jack Of All Trades"],"picked":"Apotheosis","floor":37},{"not_picked":["Thunderclap","Twin Strike","Headbutt"],"picked":"SKIP","floor":40},{"not_picked":["Shrug It Off","True Grit"],"picked":"Corruption","floor":42},{"not_picked":["Clothesline","Anger"],"picked":"Pommel Strike+1","floor":45},{"not_picked":["Iron Wave","Double Tap","Rupture"],"picked":"SKIP","floor":46},{"not_picked":["Wild Strike","Cleave","Armaments"],"picked":"SKIP","floor":48},{"not_picked":["Ghostly Armor","Flex"],"picked":"Shockwave+1","floor":49}],"player_experience":2366368,"relics_obtained":[{"floor":6.0,"key":"Strawberry"},{"floor":8.0,"key":"Lantern"},{"floor":9.0,"key":"Boot"},{"floor":14.0,"key":"Omamori"},{"floor":24.0,"key":"Regal Pillow"},{"floor":24.0,"key":"Anchor"},{"floor":26.0,"key":"Sundial"},{"floor":29.0,"key":"Bag of Marbles"},{"floor":29.0,"key":"Ginger"},{"floor":38,"key":"Blood Vial"},{"floor":40,"key":"Blue Candle"},{"floor":40,"key":"Potion Belt"},{"floor":43,"key":"Red Skull"},{"floor":45,"key":"Dream Catcher"},{"floor":45,"key":"Darkstone Periapt"}],"event_choices":[{"damage_healed":0.0,"max_hp_gain":0.0,"max_hp_loss":0.0,"gold_gain":0.0,"event_name":"The Woman in Blue","player_choice":"Bought 2 Potions","floor":2.0,"gold_loss":0.0,"damage_taken":0.0},{"damage_healed":0.0,"max_hp_gain":0.0,"max_hp_loss":0.0,"gold_gain":0.0,"event_name":"World of Goop","player_choice":"Left Gold","floor":13.0,"gold_loss":70.0,"damage_taken":0.0},{"damage_healed":0.0,"max_hp_gain":0.0,"max_hp_loss":0.0,"gold_gain":0.0,"event_name":"WeMeetAgain","player_choice":"Paid Gold","floor":19.0,"gold_loss":56.0,"damage_taken":0.0,"relics_obtained":["PreservedInsect"]},{"damage_healed":0.0,"max_hp_gain":0.0,"max_hp_loss":0.0,"gold_gain":0.0,"event_name":"Forgotten Altar","player_choice":"Smashed Altar","floor":22.0,"gold_loss":0.0,"damage_taken":0.0,"cards_obtained":["Decay"]},{"damage_healed":0.0,"max_hp_gain":0.0,"max_hp_loss":0.0,"gold_gain":0.0,"event_name":"Accursed Blacksmith","player_choice":"Rummage","floor":27.0,"gold_loss":0.0,"damage_taken":0.0,"relics_obtained":["WarpedTongs"],"cards_obtained":["Pain"]},{"damage_healed":0,"gold_gain":0,"player_choice":"Ignored","damage_taken":0,"max_hp_gain":0,"max_hp_loss":0,"event_name":"Tomb of Lord Red Mask","floor":36,"gold_loss":0},{"damage_healed":0,"gold_gain":0,"player_choice":"Memory 1","damage_taken":0,"max_hp_gain":0,"max_hp_loss":0,"event_name":"SensoryStone","floor":37,"gold_loss":0},{"damage_healed":0,"gold_gain":0,"player_choice":"Ignored","damage_taken":0,"max_hp_gain":0,"max_hp_loss":0,"event_name":"SecretPortal","floor":39,"gold_loss":0}],"is_beta":false,"boss_relics":[{"not_picked":["Orrery","Runic Cube"],"picked":"Black Star"},{"not_picked":["Busted Crown","Astrolabe"],"picked":"Runic Pyramid"}],"items_purged_floors":[11,41],"is_endless":false,"potions_floor_spawned":[3,4,5,6,14,20,21,31,42,45,46,48],"ascension_level":15}