{"gold_per_floor":[366,331,349,349,349,349,412,412,457,483,483,256,256,271,271,374,374,386,386,386,404,430,430,463,483,483,496,132,47,47,47],"floor_reached":31,"playtime":1732,"items_purged":["Normality"],"score":401,"play_id":"0547bfd2-5b67-499d-af8a-22899ab0a5d2","local_time":"20190117021320","is_ascension_mode":true,"campfire_choices":[{"data":"Bouncing Flask","floor":6.0,"key":"SMITH"},{"floor":8.0,"key":"REST"},{"floor":11.0,"key":"REST"},{"data":"Caltrops","floor":13.0,"key":"SMITH"},{"floor":15.0,"key":"REST"},{"data":"Adrenaline","floor":23.0,"key":"SMITH"}],"neow_cost":"PERCENT_DAMAGE","seed_source_timestamp":0,"circlet_count":0,"master_deck":["AscendersBane","Defend_G","Defend_G","Defend_G","Defend_G","Defend_G","Strike_G","Strike_G","Strike_G","Strike_G","Survivor","Neutralize+1","Bouncing Flask+1","Dagger Spray","Riddle With Holes","Backstab","Adrenaline+1","Caltrops+1","Die Die Die","PiercingWail","Burst","Doubt","Cloak And Dagger+1","Well Laid Plans"],"special_seed":0,"relics":["Ring of the Snake","Pen Nib","Tiny Chest","Bag of Preparation","Matryoshka","Cursed Key","Happy Flower","Mummified Hand","Art of War","Ancient Tea Set","Pantograph","The Specimen","Gremlin Horn"],"potions_floor_usage":[27],"damage_taken":[{"damage":7.0,"enemies":"2 Louse","floor":1.0,"turns":4.0},{"damage":4.0,"enemies":"Small Slimes","floor":3.0,"turns":4.0},{"damage":26.0,"enemies":"3 Sentries","floor":7.0,"turns":7.0},{"damage":22.0,"enemies":"Lagavulin","floor":10.0,"turns":5.0},{"damage":0.0,"enemies":"Cultist","floor":14.0,"turns":2.0},{"damage":20.0,"enemies":"The Guardian","floor":16.0,"turns":9.0},{"damage":11.0,"enemies":"Chosen","floor":18.0,"turns":4.0},{"damage":0.0,"enemies":"3 Byrds","floor":21.0,"turns":4.0},{"damage":30.0,"enemies":"Gremlin Leader","floor":24.0,"turns":7.0},{"damage":0.0,"enemies":"3 Cultists","floor":25.0,"turns":3.0},{"damage":18,"enemies":"Sentry and Sphere","floor":27,"turns":4},{"damage":5,"enemies":"Book of Stabbing","floor":31,"turns":2}],"seed_played":"597393625875127496","potions_obtained":[{"floor":1.0,"key":"Energy Potion"},{"floor":7.0,"key":"SkillPotion"},{"floor":21.0,"key":"PowerPotion"},{"floor":24.0,"key":"EssenceOfSteel"}],"is_trial":false,"path_per_floor":["M","?","M","?","?","R","E","R","T","E","R","$","R","M","R","B",null,"M","T","?","M","T","R","E","M","T","M","$","?","$","E"],"character_chosen":"THE_SILENT","items_purchased":["Adrenaline","Caltrops","The Specimen"],"campfire_rested":3,"item_purchase_floors":[12,12,28],"current_hp_per_floor":[38,55,51,48,48,48,22,43,43,21,42,42,42,42,63,43,63,52,52,52,52,52,52,22,22,22,4,4,4,4,0],"gold":47,"neow_bonus":"TWO_FIFTY_GOLD","is_prod":false,"is_daily":false,"chose_seed":false,"campfire_upgraded":3,"win_rate":0,"timestamp":1547687600,"path_taken":["M","?","M","?","?","R","E","R","T","E","R","$","R","M","R","BOSS","M","?","?","?","?","R","E","M","T","M","$","?","?","E"],"build_version":"2019-01-10","purchased_purges":1,"victory":false,"max_hp_per_floor":[70,70,70,70,70,70,70,70,70,70,70,70,70,70,70,70,70,70,70,70,70,70,70,70,70,70,70,70,70,70,70],"card_choices":[{"not_picked":["Setup","Outmaneuver"],"picked":"Bouncing Flask","floor":1.0},{"not_picked":["Blade Dance","Expertise"],"picked":"Dagger Spray","floor":3.0},{"not_picked":["Quick Slash","Sucker Punch","Eviscerate"],"picked":"SKIP","floor":7.0},{"not_picked":["Quick Slash","Flying Knee"],"picked":"Backstab","floor":10.0},{"not_picked":["Acrobatics","Infinite Blades","Reflex"],"picked":"SKIP","floor":14.0},{"not_picked":["After Image","Tools of the Trade"],"picked":"Die Die Die","floor":16.0},{"not_picked":["Sucker Punch+1","Riddle With Holes"],"picked":"PiercingWail","floor":18.0},{"not_picked":["Sucker Punch","Poisoned Stab"],"picked":"Burst","floor":21.0},{"not_picked":["Dodge and Roll","Reflex"],"picked":"Cloak And Dagger+1","floor":24.0},{"not_picked":["Underhanded Strike+1","Flying Knee","Prepared"],"picked":"SKIP","floor":25.0},{"not_picked":["Backflip","Bane"],"picked":"Well Laid Plans","floor":27}],"player_experience":482547,"relics_obtained":[{"floor":7.0,"key":"Tiny Chest"},{"floor":9.0,"key":"Bag of Preparation"},{"floor":10.0,"key":"Matryoshka"},{"floor":19.0,"key":"Happy Flower"},{"floor":19.0,"key":"Mummified Hand"},{"floor":22.0,"key":"Art of War"},{"floor":22.0,"key":"Ancient Tea Set"},{"floor":24.0,"key":"Pantograph"}],"event_choices":[{"damage_healed":17.0,"max_hp_gain":0.0,"max_hp_loss":0.0,"gold_gain":0.0,"event_name":"The Cleric","player_choice":"Healed","floor":2.0,"gold_loss":35.0,"damage_taken":0.0},{"damage_healed":0.0,"max_hp_gain":0.0,"max_hp_loss":0.0,"gold_gain":0.0,"event_name":"Scrap Ooze","player_choice":"Success","floor":4.0,"gold_loss":0.0,"damage_taken":3.0,"relics_obtained":["Pen Nib"]},{"damage_healed":0.0,"max_hp_gain":0.0,"max_hp_loss":0.0,"gold_gain":0.0,"cards_transformed":["Strike_G"],"event_name":"Transmorgrifier","player_choice":"Transformed","floor":5.0,"gold_loss":0.0,"damage_taken":0.0,"cards_obtained":["Riddle With Holes"]},{"damage_healed":0.0,"max_hp_gain":0.0,"max_hp_loss":0.0,"gold_gain":0.0,"event_name":"Upgrade Shrine","player_choice":"Upgraded","floor":20.0,"gold_loss":0.0,"damage_taken":0.0,"cards_upgraded":["Neutralize"]},{"damage_healed":0,"gold_gain":0,"player_choice":"Obtained Relic","damage_taken":0,"relics_obtained":["Gremlin Horn"],"max_hp_gain":0,"max_hp_loss":0,"event_name":"Addict","floor":29,"gold_loss":85}],"is_beta":false,"boss_relics":[{"not_picked":["Snecko Eye","Pandora\u0027s Box"],"picked":"Cursed Key"}],"items_purged_floors":[28],"is_endless":false,"potions_floor_spawned":[1,7,16,21,24],"killed_by":"Book of Stabbing","ascension_level":11}