{"gold_per_floor":[109,34,47,47,61,61,74,88,88,114,144,171,171,136,136,136],"floor_reached":16,"playtime":3263,"items_purged":["Injury"],"score":116,"play_id":"f185a4f1-48e4-4b45-9726-f9777dee4e30","local_time":"20190509084221","is_ascension_mode":true,"campfire_choices":[{"data":"Sever Soul","floor":6,"key":"SMITH"},{"floor":13,"key":"REST"},{"data":"Feed","floor":15,"key":"SMITH"}],"neow_cost":"CURSE","seed_source_timestamp":0,"circlet_count":0,"master_deck":["Strike_R","Strike_R+1","Strike_R","Strike_R","Strike_R+1","Defend_R","Defend_R","Defend_R","Defend_R","Bash","True Grit+1","Sever Soul+1","Power Through","Warcry","Feed+1","Wild Strike"],"special_seed":0,"relics":["Burning Blood","Torii","Prayer Wheel","Ornamental Fan","Peace Pipe","Whetstone"],"potions_floor_usage":[10,10],"damage_taken":[{"damage":0.0,"enemies":"Small Slimes","floor":1.0,"turns":3.0},{"damage":1.0,"enemies":"2 Louse","floor":3.0,"turns":2.0},{"damage":0.0,"enemies":"Cultist","floor":5.0,"turns":3.0},{"damage":3,"enemies":"Blue Slaver","floor":7,"turns":4},{"damage":5,"enemies":"Gremlin Gang","floor":8,"turns":6},{"damage":20,"enemies":"Gremlin Nob","floor":10,"turns":4},{"damage":49,"enemies":"3 Sentries","floor":12,"turns":13},{"damage":58,"enemies":"The Guardian","floor":16,"turns":13}],"seed_played":"4169261739142231440","potions_obtained":[{"floor":1.0,"key":"AttackPotion"},{"floor":3.0,"key":"Strength Potion"},{"floor":5,"key":"FearPotion"}],"is_trial":false,"path_per_floor":["M","$","M","?","M","R","M","M","T","E","?","E","R","?","R","B"],"character_chosen":"IRONCLAD","items_purchased":[],"campfire_rested":1,"item_purchase_floors":[],"current_hp_per_floor":[80,80,80,80,80,80,80,80,80,66,66,26,50,70,70,12],"gold":136,"neow_bonus":"ONE_RARE_RELIC","is_prod":false,"is_daily":false,"chose_seed":false,"campfire_upgraded":2,"win_rate":0,"timestamp":1557358941,"path_taken":["M","$","M","?","M","R","M","M","T","E","?","E","R","?","R","BOSS"],"build_version":"2019-01-23","purchased_purges":1,"victory":false,"max_hp_per_floor":[80,80,80,80,80,80,80,80,80,80,80,83,83,83,83,83],"card_choices":[{"not_picked":["Hemokinesis","Clothesline"],"picked":"True Grit","floor":1.0},{"not_picked":["Shrug It Off","Anger"],"picked":"Sever Soul","floor":3.0},{"not_picked":["Havoc","Thunderclap","Sword Boomerang"],"picked":"SKIP","floor":5},{"not_picked":["Pommel Strike","Flame Barrier"],"picked":"Power Through","floor":7},{"not_picked":["Anger","Ghostly Armor"],"picked":"Warcry","floor":8},{"not_picked":["Twin Strike","Corruption"],"picked":"Feed","floor":10},{"not_picked":["Sword Boomerang","Flex"],"picked":"Wild Strike","floor":12}],"player_experience":120178,"relics_obtained":[{"floor":9,"key":"Prayer Wheel"},{"floor":10,"key":"Ornamental Fan"},{"floor":12,"key":"Whetstone"}],"event_choices":[{"damage_healed":0.0,"max_hp_gain":0.0,"max_hp_loss":0.0,"gold_gain":0.0,"event_name":"Living Wall","player_choice":"Grow","floor":4.0,"gold_loss":0.0,"damage_taken":0.0,"cards_upgraded":["True Grit"]},{"damage_healed":0,"gold_gain":30,"player_choice":"Searched \u00273\u0027 times","damage_taken":0,"relics_obtained":["Peace Pipe"],"max_hp_gain":0,"max_hp_loss":0,"event_name":"Dead Adventurer","floor":11,"gold_loss":0},{"damage_healed":20,"gold_gain":0,"player_choice":"Healed","damage_taken":0,"max_hp_gain":0,"max_hp_loss":0,"event_name":"The Cleric","floor":14,"gold_loss":35}],"is_beta":false,"boss_relics":[],"items_purged_floors":[2],"is_endless":false,"potions_floor_spawned":[1,3,5],"killed_by":"The Guardian","ascension_level":1}