{"gold_per_floor":[111,130,130,143,159,187,187,215,269,280,280,297,326,336,336,414,414,426,219,219,230,120,151,151,179,267,279,307,338,17,17,17,17],"floor_reached":33,"playtime":1240,"items_purged":["Strike_R","Strike_R"],"score":537,"play_id":"16df7307-2555-482c-b1bd-096b69bfc599","local_time":"20190206165806","is_ascension_mode":true,"campfire_choices":[{"data":"Inflame","floor":7.0,"key":"SMITH"},{"data":"Bash","floor":11.0,"key":"SMITH"},{"data":"Armaments","floor":15.0,"key":"SMITH"},{"floor":24,"key":"REST"},{"floor":27,"key":"REST"},{"data":"Combust","floor":32,"key":"SMITH"}],"neow_cost":"NONE","seed_source_timestamp":33755801364352,"circlet_count":0,"master_deck":["AscendersBane","Strike_R","Strike_R","Defend_R","Defend_R","Defend_R","Defend_R","Bash+1","Ghostly Armor","Shrug It Off","Pommel Strike","Inflame+1","Iron Wave","Anger","Headbutt","Combust+1","Armaments+1","Fiend Fire","Pommel Strike","Impervious","Shrug It Off+1","Sentinel+1","Thunderclap","Rupture"],"special_seed":0,"relics":["Burning Blood","Omamori","Bottled Tornado","Sundial","Art of War","Smiling Mask","Sozu","Enchiridion","Paper Frog","MawBank","Darkstone Periapt","Membership Card","Pen Nib","Vajra"],"potions_floor_usage":[23,23],"damage_taken":[{"damage":6.0,"enemies":"Cultist","floor":1.0,"turns":3.0},{"damage":10.0,"enemies":"2 Louse","floor":2.0,"turns":3.0},{"damage":4.0,"enemies":"Jaw Worm","floor":4.0,"turns":4.0},{"damage":7.0,"enemies":"Looter","floor":5.0,"turns":3.0},{"damage":33.0,"enemies":"Gremlin Nob","floor":6.0,"turns":5.0},{"damage":7.0,"enemies":"Lagavulin","floor":8.0,"turns":7.0},{"damage":11.0,"enemies":"Exordium Thugs","floor":10.0,"turns":4.0},{"damage":3.0,"enemies":"2 Fungi Beasts","floor":12.0,"turns":3.0},{"damage":10.0,"enemies":"Gremlin Nob","floor":13.0,"turns":3.0},{"damage":2.0,"enemies":"3 Louse","floor":14.0,"turns":3.0},{"damage":30.0,"enemies":"The Guardian","floor":16.0,"turns":11.0},{"damage":18.0,"enemies":"2 Thieves","floor":18.0,"turns":4.0},{"damage":7.0,"enemies":"Spheric Guardian","floor":21.0,"turns":4.0},{"damage":22,"enemies":"Gremlin Leader","floor":23,"turns":5},{"damage":16,"enemies":"Book of Stabbing","floor":25,"turns":5},{"damage":6,"enemies":"Snecko","floor":28,"turns":5},{"damage":0,"enemies":"Centurion and Healer","floor":29,"turns":6},{"damage":53,"enemies":"Automaton","floor":33,"turns":8}],"seed_played":"3847888500806788460","potions_obtained":[{"floor":1.0,"key":"Dexterity Potion"},{"floor":2.0,"key":"LiquidBronze"},{"floor":6.0,"key":"AttackPotion"},{"floor":13.0,"key":"FairyPotion"},{"floor":14.0,"key":"PowerPotion"}],"is_trial":false,"path_per_floor":["M","M","?","M","M","E","R","E","T","M","R","M","E","M","R","B",null,"M","$","?","M","?","E","R","E","T","R","M","M","$","?","R","B"],"character_chosen":"IRONCLAD","items_purchased":["Impervious","Membership Card","Pen Nib"],"campfire_rested":2,"item_purchase_floors":[19,30,30],"current_hp_per_floor":[68,64,64,66,65,38,38,37,37,32,32,35,31,35,35,11,59,47,47,26,25,25,9,31,21,21,43,43,49,49,49,49,0],"gold":17,"neow_bonus":"RANDOM_COMMON_RELIC","is_prod":false,"is_daily":false,"chose_seed":false,"campfire_upgraded":4,"win_rate":0,"timestamp":1549501086,"path_taken":["M","M","?","M","M","E","R","E","T","M","R","?","E","M","R","BOSS","M","$","?","M","?","E","R","E","T","R","?","M","$","?","R","BOSS"],"build_version":"2019-01-23","purchased_purges":2,"victory":false,"max_hp_per_floor":[75,75,75,75,75,75,75,75,75,75,75,75,75,75,75,75,75,75,75,75,75,75,75,75,75,75,75,75,75,75,75,75,75],"card_choices":[{"not_picked":["Burning Pact","Clash"],"picked":"Ghostly Armor","floor":1.0},{"not_picked":["True Grit","Havoc"],"picked":"Shrug It Off","floor":2.0},{"not_picked":["Body Slam","Bloodletting","Evolve"],"picked":"SKIP","floor":4.0},{"not_picked":["Second Wind","Rupture"],"picked":"Iron Wave","floor":5.0},{"not_picked":["Havoc","Body Slam"],"picked":"Anger","floor":6.0},{"not_picked":["Brutality","Bloodletting"],"picked":"Headbutt","floor":8.0},{"not_picked":["Wild Strike","Entrench"],"picked":"Combust","floor":10.0},{"not_picked":["Evolve","Rage","Wild Strike"],"picked":"SKIP","floor":12.0},{"not_picked":["Dropkick","Warcry","Perfected Strike"],"picked":"SKIP","floor":13.0},{"not_picked":["Clash","True Grit"],"picked":"Armaments","floor":14.0},{"not_picked":["Brutality","Berserk"],"picked":"Fiend Fire","floor":16.0},{"not_picked":["True Grit","Perfected Strike"],"picked":"Pommel Strike","floor":18.0},{"not_picked":["Heavy Blade","True Grit"],"picked":"Shrug It Off","floor":21.0},{"not_picked":["Warcry","Juggernaut"],"picked":"Sentinel+1","floor":23},{"not_picked":["True Grit","Iron Wave","Flex"],"picked":"SKIP","floor":25},{"not_picked":["Havoc","Intimidate"],"picked":"Thunderclap","floor":28},{"not_picked":["Disarm","Havoc"],"picked":"Rupture","floor":29}],"player_experience":2166185,"relics_obtained":[{"floor":6.0,"key":"Bottled Tornado"},{"floor":8.0,"key":"Sundial"},{"floor":9.0,"key":"Art of War"},{"floor":13.0,"key":"Smiling Mask"},{"floor":20.0,"key":"Enchiridion"},{"floor":23,"key":"Paper Frog"},{"floor":25,"key":"MawBank"},{"floor":26,"key":"Darkstone Periapt"}],"event_choices":[{"damage_healed":0.0,"max_hp_gain":0.0,"max_hp_loss":0.0,"gold_gain":0.0,"event_name":"Match and Keep!","player_choice":"2 cards matched","floor":3.0,"gold_loss":0.0,"damage_taken":0.0,"cards_obtained":["Pommel Strike","Inflame"]},{"damage_healed":0.0,"max_hp_gain":0.0,"max_hp_loss":0.0,"gold_gain":0.0,"event_name":"Cursed Tome","player_choice":"Obtained Book","floor":20.0,"gold_loss":0.0,"damage_taken":21.0},{"cards_removed":["Strike_R"],"damage_healed":0.0,"max_hp_gain":0.0,"max_hp_loss":0.0,"gold_gain":0.0,"event_name":"Designer","player_choice":"Upgrade and Remove","floor":22.0,"gold_loss":110.0,"damage_taken":0.0,"cards_upgraded":["Shrug It Off"]},{"damage_healed":0,"gold_gain":0,"player_choice":"Opened","damage_taken":0,"relics_obtained":["Vajra"],"max_hp_gain":0,"max_hp_loss":0,"event_name":"The Mausoleum","floor":31,"gold_loss":0,"cards_obtained":["Writhe"]}],"is_beta":false,"boss_relics":[{"not_picked":["Lizard Tail","Empty Cage"],"picked":"Sozu"}],"items_purged_floors":[19,30],"is_endless":false,"potions_floor_spawned":[1,2,6,13,14,21,23],"killed_by":"Automaton","ascension_level":15}