{"gold_per_floor":[118,118,43,43,58,58,89,89,112,140,17,51,51,71,71,148,148,160,180,130,141,152,183,183,153,153,153,165,177,203,213,213,291,291,302,37,47,58,72,101,101,101],"floor_reached":42,"playtime":3067,"items_purged":["Strike_R","Strike_R"],"score":1001,"play_id":"8815a93e-12db-4d60-b5ac-9085c6bbbd13","local_time":"20190319151948","is_ascension_mode":true,"campfire_choices":[{"data":"Flame Barrier","floor":6,"key":"SMITH"},{"floor":8,"key":"REST"},{"floor":13,"key":"REST"},{"data":"Inflame","floor":15,"key":"SMITH"},{"floor":24,"key":"REST"},{"floor":27,"key":"REST"},{"floor":32,"key":"REST"},{"data":"Feel No Pain","floor":41,"key":"SMITH"}],"neow_cost":"NONE","seed_source_timestamp":605218317129400,"circlet_count":0,"master_deck":["AscendersBane","Strike_R","Strike_R","Defend_R","Defend_R","Defend_R","Bash+1","Shrug It Off","Flame Barrier+1","Offering","Sword Boomerang","Carnage","Battle Trance","Inflame+1","Demon Form","Corruption+1","Feel No Pain+1","Shrug It Off","Armaments+1","Burning Pact+1","Heavy Blade","Reaper","Shrug It Off+1","Apotheosis+1","Sword Boomerang","Shrug It Off+1","Inflame+1"],"relics":["Burning Blood","Singing Bowl","Smiling Mask","Question Card","Art of War","Cursed Key","Charon\u0027s Ashes","Toxic Egg 2","Runic Cube"],"potions_floor_usage":[10,21,23,23,33,33,39,40],"damage_taken":[{"damage":2,"enemies":"Jaw Worm","floor":1,"turns":3},{"damage":14,"enemies":"2 Louse","floor":5,"turns":3},{"damage":45,"enemies":"3 Sentries","floor":7,"turns":15},{"damage":33,"enemies":"Lagavulin","floor":10,"turns":10},{"damage":9,"enemies":"Gremlin Nob","floor":12,"turns":3},{"damage":6,"enemies":"Cultist","floor":14,"turns":3},{"damage":26,"enemies":"The Guardian","floor":16,"turns":13},{"damage":21,"enemies":"Spheric Guardian","floor":18,"turns":4},{"damage":26,"enemies":"Shell Parasite","floor":19,"turns":3},{"damage":8,"enemies":"Centurion and Healer","floor":21,"turns":5},{"damage":12,"enemies":"Snake Plant","floor":22,"turns":3},{"damage":12,"enemies":"Book of Stabbing","floor":23,"turns":4},{"damage":6,"enemies":"Snecko","floor":28,"turns":3},{"damage":4,"enemies":"Centurion and Healer","floor":29,"turns":4},{"damage":14,"enemies":"Gremlin Leader","floor":30,"turns":5},{"damage":17,"enemies":"Snake Plant","floor":31,"turns":4},{"damage":58,"enemies":"Collector","floor":33,"turns":7},{"damage":9,"enemies":"3 Shapes","floor":35,"turns":3},{"damage":24,"enemies":"3 Darklings","floor":37,"turns":4},{"damage":16,"enemies":"Writhing Mass","floor":38,"turns":4},{"damage":22,"enemies":"Transient","floor":39,"turns":6},{"damage":41,"enemies":"Reptomancer","floor":40,"turns":5},{"damage":81,"enemies":"Nemesis","floor":42,"turns":8}],"seed_played":"-8499431078997085056","potions_obtained":[{"floor":7,"key":"Dexterity Potion"},{"floor":12,"key":"SkillPotion"},{"floor":16,"key":"LiquidBronze"},{"floor":22,"key":"Block Potion"},{"floor":25,"key":"EssenceOfSteel"},{"floor":25,"key":"PowerPotion"},{"floor":33,"key":"Explosive Potion"},{"floor":35,"key":"Fire Potion"}],"is_trial":false,"path_per_floor":["M","?","?","?","M","R","E","R","T","E","$","E","R","M","R","B",null,"M","M","$","M","M","E","R","?","T","R","M","M","E","M","R","B",null,"M","$","M","M","M","E","R","E"],"character_chosen":"IRONCLAD","items_purchased":["Carnage","Battle Trance","Apotheosis+1"],"campfire_rested":5,"item_purchase_floors":[11,11,36],"current_hp_per_floor":[72,72,72,72,64,64,25,47,47,20,20,19,42,42,42,22,63,48,28,28,28,22,18,42,42,42,66,68,70,62,51,75,23,68,77,77,83,83,81,56,56,0],"gold":101,"neow_bonus":"UPGRADE_CARD","is_prod":false,"is_daily":false,"chose_seed":false,"campfire_upgraded":3,"win_rate":0,"timestamp":1553008788,"path_taken":["M","?","?","?","M","R","E","R","T","E","$","E","R","M","R","BOSS","M","M","$","M","?","E","R","?","T","R","M","M","E","?","R","BOSS","M","$","M","M","M","E","R","E"],"build_version":"2019-01-23","purchased_purges":2,"victory":false,"max_hp_per_floor":[75,75,75,75,75,75,75,75,75,75,75,77,77,77,77,77,77,77,77,77,79,79,81,81,81,81,81,83,83,83,83,83,83,83,83,83,83,83,85,85,85,85],"card_choices":[{"not_picked":["Corruption","Havoc"],"picked":"Shrug It Off","floor":1},{"not_picked":["Sword Boomerang","Havoc"],"picked":"Flame Barrier","floor":5},{"not_picked":["Flex","Cleave"],"picked":"Offering","floor":7},{"not_picked":["Pummel","Iron Wave"],"picked":"Sword Boomerang","floor":10},{"not_picked":["Anger","Dropkick","Havoc","Searing Blow"],"picked":"Singing Bowl","floor":12},{"not_picked":["Sentinel","Clash","Searing Blow"],"picked":"Inflame","floor":14},{"not_picked":["Double Tap","Dark Embrace","Fiend Fire"],"picked":"Demon Form","floor":16},{"not_picked":["Shrug It Off","Flex","Cleave"],"picked":"Corruption+1","floor":18},{"not_picked":["Cleave","Havoc","Twin Strike"],"picked":"Feel No Pain","floor":19},{"not_picked":["Perfected Strike+1","Corruption","Sever Soul","Rupture"],"picked":"Singing Bowl","floor":21},{"not_picked":["Bloodletting","Clash","Havoc+1"],"picked":"Shrug It Off","floor":22},{"not_picked":["Infernal Blade","Double Tap","Perfected Strike","True Grit"],"picked":"Singing Bowl","floor":23},{"not_picked":["Reckless Charge","Headbutt","Anger+1","Seeing Red"],"picked":"Singing Bowl","floor":28},{"not_picked":["Shrug It Off","True Grit","Dark Embrace"],"picked":"Armaments+1","floor":29},{"not_picked":["Immolate","Heavy Blade","Flex"],"picked":"Burning Pact","floor":30},{"not_picked":["Flex+1","Wild Strike","Anger+1"],"picked":"Heavy Blade","floor":31},{"not_picked":["Bludgeon","Offering+1","Demon Form"],"picked":"Reaper","floor":33},{"not_picked":["Second Wind+1","Armaments+1","Bloodletting+1"],"picked":"Shrug It Off+1","floor":35},{"not_picked":["Sever Soul","Anger+1","Warcry+1"],"picked":"Sword Boomerang","floor":37},{"not_picked":["Battle Trance+1","Flex+1","Thunderclap"],"picked":"Shrug It Off+1","floor":38},{"not_picked":["Thunderclap","Anger","Second Wind+1","Blood for Blood"],"picked":"Singing Bowl","floor":39},{"not_picked":["Berserk","Carnage","Clash+1"],"picked":"Inflame+1","floor":40}],"player_experience":2272481,"relics_obtained":[{"floor":7,"key":"Singing Bowl"},{"floor":9,"key":"Smiling Mask"},{"floor":10,"key":"Question Card"},{"floor":12,"key":"Art of War"},{"floor":23,"key":"Charon\u0027s Ashes"},{"floor":30,"key":"Toxic Egg 2"}],"event_choices":[{"damage_healed":0,"gold_gain":0,"player_choice":"Ignored","damage_taken":0,"max_hp_gain":0,"max_hp_loss":0,"event_name":"Liars Game","floor":2,"gold_loss":0},{"cards_removed":["Strike_R"],"damage_healed":0,"gold_gain":0,"player_choice":"Card Removal","damage_taken":0,"max_hp_gain":0,"max_hp_loss":0,"event_name":"The Cleric","floor":3,"gold_loss":75},{"cards_removed":["Defend_R"],"damage_healed":0,"gold_gain":0,"player_choice":"Purged","damage_taken":0,"max_hp_gain":0,"max_hp_loss":0,"event_name":"Purifier","floor":4,"gold_loss":0},{"damage_healed":0,"gold_gain":0,"player_choice":"Bought 2 Potions","damage_taken":0,"max_hp_gain":0,"max_hp_loss":0,"event_name":"The Woman in Blue","floor":25,"gold_loss":0}],"is_beta":false,"boss_relics":[{"not_picked":["Black Star","Empty Cage"],"picked":"Cursed Key"},{"not_picked":["Coffee Dripper","Pandora\u0027s Box"],"picked":"Runic Cube"}],"items_purged_floors":[20,36],"is_endless":false,"potions_floor_spawned":[7,12,16,22,31,33,35,37],"killed_by":"Nemesis","ascension_level":20}