{"gold_per_floor":[112,129,149,224,204,204,231,231,301,318,337,362,378,397,397,397],"floor_reached":16,"playtime":1296,"items_purged":[],"score":200,"play_id":"17cdc60d-b51b-4935-afe6-652e0c255352","local_time":"20180803150755","is_ascension_mode":true,"campfire_choices":[{"data":"Neutralize","floor":6,"key":"SMITH"},{"data":"Quick Slash","floor":8,"key":"SMITH"},{"floor":15,"key":"REST"}],"neow_cost":"NONE","seed_source_timestamp":25103467526251,"circlet_count":0,"master_deck":["Defend_G","Defend_G","Defend_G","Defend_G","Defend_G","Strike_G","Strike_G","Strike_G","Strike_G","Survivor","Neutralize+1","AscendersBane","Underhanded Strike","Calculated Gamble+1","Quick Slash+1","Cloak And Dagger+1","Dash","Footwork"],"relics":["Ring of the Snake","War Paint","Pear","Regal Pillow"],"potions_floor_usage":[],"damage_taken":[{"damage":6,"enemies":"Jaw Worm","floor":1,"turns":6},{"damage":0,"enemies":"2 Louse","floor":2,"turns":2},{"damage":0,"enemies":"Cultist","floor":3,"turns":4},{"damage":15,"enemies":"3 Sentries","floor":7,"turns":12},{"damage":0,"enemies":"3 Louse","floor":10,"turns":3},{"damage":4,"enemies":"Exordium Thugs","floor":11,"turns":5},{"damage":18,"enemies":"Lagavulin","floor":12,"turns":8},{"damage":0,"enemies":"2 Fungi Beasts","floor":13,"turns":3},{"damage":0,"enemies":"Red Slaver","floor":14,"turns":4},{"damage":56,"enemies":"Hexaghost","floor":16,"turns":16}],"seed_played":"-5070635512270087462","potions_obtained":[{"floor":2,"key":"Energy Potion"},{"floor":5,"key":"Block Potion"},{"floor":7,"key":"Dexterity Potion"}],"is_trial":false,"path_per_floor":["M","M","M","?","?","R","E","R","T","M","M","E","M","M","R"],"character_chosen":"THE_SILENT","items_purchased":[],"campfire_rested":1,"item_purchase_floors":[],"current_hp_per_floor":[53,53,53,42,42,42,27,27,37,37,33,15,15,15,52,0],"gold":397,"neow_bonus":"TRANSFORM_CARD","is_prod":false,"is_daily":false,"chose_seed":false,"campfire_upgraded":2,"win_rate":0,"timestamp":1533334075,"path_taken":["M","M","M","?","?","R","E","R","T","M","?","E","M","M","R","BOSS"],"build_version":"2018-08-02","purchased_purges":0,"victory":false,"max_hp_per_floor":[66,66,66,66,66,66,66,66,76,76,76,76,76,76,76,76],"card_choices":[{"not_picked":["Underhanded Strike","Poisoned Stab","Deadly Poison"],"picked":"SKIP","floor":1},{"not_picked":["Acrobatics","Expertise"],"picked":"Calculated Gamble","floor":2},{"not_picked":["Dodge and Roll","Blade Dance"],"picked":"Quick Slash","floor":3},{"not_picked":["Expertise","Dodge and Roll"],"picked":"Cloak And Dagger","floor":7},{"not_picked":["Underhanded Strike","Acrobatics"],"picked":"Dash","floor":10},{"not_picked":["Bouncing Flask","Deflect","Blade Dance"],"picked":"SKIP","floor":11},{"not_picked":["Burst","Poisoned Stab","Dodge and Roll"],"picked":"SKIP","floor":12},{"not_picked":["Masterful Stab","Acrobatics"],"picked":"Footwork","floor":13},{"not_picked":["Blade Dance","Calculated Gamble","Bane"],"picked":"SKIP","floor":14}],"player_experience":990405,"relics_obtained":[{"floor":7,"key":"War Paint"},{"floor":9,"key":"Pear"},{"floor":12,"key":"Regal Pillow"}],"event_choices":[{"event_name":"World of Goop","player_choice":"Gather Gold","floor":4,"damage_taken":0},{"event_name":"The Woman in Blue","player_choice":"Bought 1 Potion","floor":5,"damage_taken":0}],"is_beta":false,"boss_relics":[],"items_purged_floors":[],"is_endless":false,"potions_floor_spawned":[2,7,11,12,13],"killed_by":"Hexaghost","ascension_level":15}