{"gold_per_floor":[114,129,40,56,70,70,105,120,120,153,153,186,186,219,219,291,291,305,305,315,328,346,346],"floor_reached":23,"playtime":1223,"items_purged":[],"score":496,"play_id":"fe168d63-f71b-4b0f-af16-b7a757cca44a","local_time":"20181128131811","daily_mods":["SealedDeck","DeadlyEvents"],"is_ascension_mode":true,"campfire_choices":[{"data":"Terror","floor":6,"key":"SMITH"},{"data":"Noxious Fumes","floor":11,"key":"SMITH"},{"data":"Cloak And Dagger","floor":15,"key":"SMITH"}],"neow_cost":"","seed_source_timestamp":51687235990485,"circlet_count":0,"master_deck":["AscendersBane","Dodge and Roll","Backflip","Dash","Backflip","Terror+1","Sucker Punch","Dagger Throw","Flying Knee","Dagger Spray","Cloak And Dagger+1","Noxious Fumes+1","Backstab","After Image","Well Laid Plans","Backstab+1","Footwork","Calculated Gamble","Deflect+1","Cloak And Dagger"],"relics":["Ring of the Snake","The Specimen","Question Card","Orichalcum","Dead Branch","Art of War","Eternal Feather"],"potions_floor_usage":[12,16,21],"damage_taken":[{"damage":0,"enemies":"Small Slimes","floor":1,"turns":2},{"damage":0,"enemies":"2 Louse","floor":2,"turns":2},{"damage":0,"enemies":"Jaw Worm","floor":4,"turns":4},{"damage":2,"enemies":"2 Fungi Beasts","floor":5,"turns":4},{"damage":9,"enemies":"3 Sentries","floor":7,"turns":6},{"damage":0,"enemies":"Blue Slaver","floor":8,"turns":3},{"damage":0,"enemies":"Lagavulin","floor":10,"turns":6},{"damage":5,"enemies":"Gremlin Nob","floor":12,"turns":4},{"damage":3,"enemies":"Lagavulin","floor":14,"turns":5},{"damage":4,"enemies":"The Guardian","floor":16,"turns":8},{"damage":0,"enemies":"Shell Parasite","floor":18,"turns":4},{"damage":4,"enemies":"Spheric Guardian","floor":20,"turns":6},{"damage":3,"enemies":"Snecko","floor":21,"turns":5},{"damage":18,"enemies":"Cultist and Chosen","floor":22,"turns":7},{"damage":43,"enemies":"Book of Stabbing","floor":23,"turns":4}],"seed_played":"843839775936446983","potions_obtained":[{"floor":4,"key":"Block Potion"},{"floor":12,"key":"PowerPotion"},{"floor":14,"key":"Fruit Juice"},{"floor":16,"key":"Explosive Potion"},{"floor":22,"key":"Ancient Potion"}],"is_trial":true,"path_per_floor":["M","M","$","M","M","R","E","M","T","E","R","E","?","E","R","B",null,"M","?","M","M","M","E"],"character_chosen":"THE_SILENT","items_purchased":["Noxious Fumes"],"campfire_rested":0,"item_purchase_floors":[3],"current_hp_per_floor":[59,59,59,59,57,57,48,48,48,48,48,43,43,40,40,41,64,64,64,60,57,39,0],"gold":346,"neow_bonus":"","is_prod":false,"is_daily":false,"chose_seed":false,"campfire_upgraded":3,"win_rate":0,"timestamp":1543439891,"path_taken":["M","M","$","M","M","R","E","M","T","E","R","E","?","E","R","BOSS","M","?","M","M","M","E"],"build_version":"2018-11-15","purchased_purges":0,"victory":false,"max_hp_per_floor":[66,66,66,66,66,66,66,66,66,66,66,66,66,66,66,71,71,71,71,71,71,71,71],"card_choices":[{"not_picked":["Bane","Predator","PiercingWail"],"picked":"SKIP","floor":1},{"not_picked":["Acrobatics","Underhanded Strike","Expertise"],"picked":"SKIP","floor":2},{"not_picked":["Quick Slash","Slice","Reflex"],"picked":"SKIP","floor":4},{"not_picked":["Skewer","Prepared"],"picked":"Backstab","floor":5},{"not_picked":["Slice","Blade Dance"],"picked":"After Image","floor":7},{"not_picked":["Reflex","Outmaneuver","Riddle With Holes"],"picked":"SKIP","floor":8},{"not_picked":["Eviscerate","Acrobatics","Blade Dance"],"picked":"Well Laid Plans","floor":10},{"not_picked":["Quick Slash","Night Terror","Blade Dance","Deadly Poison"],"picked":"SKIP","floor":12},{"not_picked":["Slice","Choke","Predator","Flying Knee"],"picked":"SKIP","floor":14},{"not_picked":["Poisoned Stab+1","Heel Hook","Prepared"],"picked":"Backstab+1","floor":18},{"not_picked":["Backstab","Flechettes","Underhanded Strike"],"picked":"Calculated Gamble","floor":20},{"not_picked":["Prepared","Leg Sweep","Reflex"],"picked":"Deflect+1","floor":21},{"not_picked":["Prepared","Terror","Dagger Spray"],"picked":"Cloak And Dagger","floor":22}],"player_experience":1679890,"relics_obtained":[{"floor":7,"key":"The Specimen"},{"floor":9,"key":"Question Card"},{"floor":10,"key":"Orichalcum"},{"floor":12,"key":"Dead Branch"},{"floor":14,"key":"Art of War"}],"event_choices":[{"damage_healed":0,"gold_gain":0,"player_choice":"Ignored","damage_taken":0,"max_hp_gain":0,"max_hp_loss":0,"event_name":"Liars Game","floor":13,"gold_loss":0},{"damage_healed":0,"gold_gain":0,"player_choice":"Read","damage_taken":0,"max_hp_gain":0,"max_hp_loss":0,"event_name":"The Library","floor":19,"gold_loss":0,"cards_obtained":["Footwork"]}],"is_beta":false,"boss_relics":[{"not_picked":["White Beast Statue","Orrery"],"picked":"Eternal Feather"}],"items_purged_floors":[],"is_endless":false,"potions_floor_spawned":[4,12,14,16,20,22],"killed_by":"Book of Stabbing","ascension_level":20}