{"gold_per_floor":[209,220,295,295,22,22,50,50,50,60,60,72,72,101,101,178,178,190,105,125,125,141,141,154,180,180,207,218,218,123,123,123,123],"floor_reached":33,"playtime":1249,"items_purged":[],"score":538,"play_id":"65b42cbc-50eb-4586-abda-f051bcf2bd35","local_time":"20181021221915","is_ascension_mode":true,"campfire_choices":[{"floor":6,"key":"REST"},{"data":"Zap","floor":8,"key":"SMITH"},{"data":"Streamline","floor":11,"key":"SMITH"},{"data":"Ball Lightning","floor":13,"key":"SMITH"},{"data":"Dualcast","floor":15,"key":"SMITH"},{"data":"Chill","floor":23,"key":"SMITH"},{"data":"Gash","floor":32,"key":"SMITH"}],"neow_cost":"NONE","seed_source_timestamp":52936334704001,"circlet_count":0,"master_deck":["Defend_B","Defend_B","Defend_B","Zap+1","Dualcast+1","AscendersBane","Streamline+1","Chill+1","Redo+1","Fission+1","Steam+1","Ball Lightning+1","Seek+1","Reboot+1","Beam Cell+1","Bite","Bite","Bite","Bite","Bite","Recycle+1","Reinforced Body+1","Rebound","Coolheaded+1","Gash+1"],"relics":["Cracked Core","Centennial Puzzle","Toxic Egg 2","Potion Belt","Gambling Chip","Mercury Hourglass","Busted Crown","Emotion Chip","Ancient Tea Set","Juzu Bracelet","Cables"],"potions_floor_usage":[16,33,33],"damage_taken":[{"damage":9,"enemies":"2 Louse","floor":1,"turns":3},{"damage":7,"enemies":"Jaw Worm","floor":2,"turns":2},{"damage":16,"enemies":"Lagavulin","floor":7,"turns":7},{"damage":0,"enemies":"Small Slimes","floor":10,"turns":1},{"damage":5,"enemies":"Exordium Wildlife","floor":12,"turns":4},{"damage":4,"enemies":"3 Sentries","floor":14,"turns":7},{"damage":24,"enemies":"Hexaghost","floor":16,"turns":8},{"damage":18,"enemies":"3 Byrds","floor":18,"turns":3},{"damage":0,"enemies":"Chosen","floor":20,"turns":2},{"damage":13,"enemies":"Shelled Parasite and Fungi","floor":22,"turns":3},{"damage":0,"enemies":"Snecko","floor":24,"turns":3},{"damage":3,"enemies":"Gremlin Leader","floor":25,"turns":5},{"damage":7,"enemies":"Book of Stabbing","floor":27,"turns":3},{"damage":0,"enemies":"Cultist and Chosen","floor":28,"turns":4},{"damage":86,"enemies":"Champ","floor":33,"turns":11}],"seed_played":"-4518509292005683458","potions_obtained":[{"floor":2,"key":"Ancient Potion"},{"floor":10,"key":"SkillPotion"},{"floor":14,"key":"PowerPotion"},{"floor":20,"key":"Energy Potion"},{"floor":27,"key":"SkillPotion"}],"is_trial":false,"path_per_floor":["M","M","?","?","$","R","E","R","T","M","R","M","R","E","R","B",null,"M","?","M","?","M","R","M","E","T","E","M","?","$","?","R"],"character_chosen":"DEFECT","items_purchased":["Toxic Egg 2","Redo+1","Coolheaded+1","Gash"],"campfire_rested":1,"item_purchase_floors":[5,5,30,30],"current_hp_per_floor":[55,48,37,37,37,58,42,42,42,42,42,37,37,33,33,9,56,38,38,38,38,39,39,47,49,49,49,49,49,49,37,37,0],"gold":123,"neow_bonus":"HUNDRED_GOLD","is_prod":false,"is_daily":false,"chose_seed":false,"campfire_upgraded":6,"win_rate":0,"timestamp":1540185555,"path_taken":["M","M","?","?","$","R","E","R","T","M","R","M","R","E","R","BOSS","M","?","M","?","M","R","M","E","T","E","M","?","$","?","R","BOSS"],"build_version":"2018-10-18","purchased_purges":0,"victory":false,"max_hp_per_floor":[71,71,71,71,71,71,71,71,71,71,71,71,71,71,71,71,71,71,71,71,49,49,49,49,49,49,49,49,49,49,54,54,54],"card_choices":[{"not_picked":["Turbo","Sweeping Beam"],"picked":"Streamline","floor":1},{"not_picked":["Turbo","Gash"],"picked":"Chill","floor":2},{"not_picked":["Force Field+1","Double Energy+1"],"picked":"Fission+1","floor":7},{"not_picked":["Reinforced Body+1","Streamline"],"picked":"Steam+1","floor":10},{"not_picked":["Hologram+1","Turbo+1"],"picked":"Ball Lightning","floor":12},{"not_picked":["Ball Lightning","Stack+1"],"picked":"Seek+1","floor":14},{"not_picked":["Fission+1","Buffer"],"picked":"Reboot+1","floor":16},{"not_picked":["Barrage"],"picked":"SKIP","floor":18},{"not_picked":[],"picked":"Beam Cell+1","floor":20},{"not_picked":[],"picked":"Recycle+1","floor":22},{"not_picked":["Reprogram+1"],"picked":"SKIP","floor":24},{"not_picked":["Reprogram+1"],"picked":"SKIP","floor":24},{"not_picked":[],"picked":"Reinforced Body+1","floor":25},{"not_picked":["Conserve Battery+1"],"picked":"SKIP","floor":27},{"not_picked":["Redo+1"],"picked":"SKIP","floor":28}],"player_experience":1416366,"relics_obtained":[{"floor":4,"key":"Centennial Puzzle"},{"floor":7,"key":"Potion Belt"},{"floor":9,"key":"Gambling Chip"},{"floor":14,"key":"Mercury Hourglass"},{"floor":25,"key":"Ancient Tea Set"},{"floor":26,"key":"Juzu Bracelet"},{"floor":27,"key":"Cables"}],"event_choices":[{"damage_healed":0,"gold_gain":75,"player_choice":"Gather Gold","damage_taken":11,"max_hp_gain":0,"max_hp_loss":0,"event_name":"World of Goop","floor":3,"gold_loss":0},{"damage_healed":0,"gold_gain":0,"player_choice":"Relic","damage_taken":0,"max_hp_gain":0,"max_hp_loss":0,"event_name":"Wheel of Change","floor":4,"gold_loss":0},{"damage_healed":0,"gold_gain":0,"player_choice":"Obtained Relic","damage_taken":0,"relics_obtained":["Emotion Chip"],"max_hp_gain":0,"max_hp_loss":0,"event_name":"Addict","floor":19,"gold_loss":85},{"damage_healed":0,"gold_gain":0,"player_choice":"Became a vampire","damage_taken":0,"max_hp_gain":0,"max_hp_loss":22,"event_name":"Vampires","floor":21,"gold_loss":0,"cards_obtained":["Bite","Bite","Bite","Bite","Bite"]},{"damage_healed":0,"gold_gain":0,"cards_transformed":["Defend_B"],"player_choice":"Transformed","damage_taken":0,"max_hp_gain":0,"max_hp_loss":0,"event_name":"Transmorgrifier","floor":29,"gold_loss":0,"cards_obtained":["Rebound"]},{"damage_healed":0,"gold_gain":0,"player_choice":"Shed Blood","damage_taken":17,"max_hp_gain":5,"max_hp_loss":0,"event_name":"Forgotten Altar","floor":31,"gold_loss":0}],"is_beta":false,"boss_relics":[{"not_picked":["Calling Bell","Philosopher\u0027s Stone"],"picked":"Busted Crown"}],"items_purged_floors":[],"is_endless":false,"potions_floor_spawned":[2,10,14,20,27],"killed_by":"Champ","ascension_level":15}