{"gold_per_floor":[110,110,120,25,38,38,63,63,63,63,96,107,122,2,2,81,81,93,106,106,116,116],"floor_reached":22,"playtime":770,"items_purged":[],"score":343,"play_id":"8d44395d-35d6-4d0c-bdf0-23c51825b45e","local_time":"20181023100810","is_ascension_mode":true,"campfire_choices":[{"data":"True Grit","floor":6,"key":"SMITH"},{"data":"Feel No Pain","floor":10,"key":"SMITH"},{"data":"Armaments","floor":15,"key":"SMITH"}],"neow_cost":"NONE","seed_source_timestamp":8263286050699,"circlet_count":0,"master_deck":["Strike_R","Strike_R","Strike_R","Strike_R","Strike_R","Defend_R","Defend_R","Defend_R","Defend_R","Bash","AscendersBane","Cleave","Feel No Pain+1","True Grit+1","Anger","Immolate+1","Combust","Reckless Charge","Armaments+1","Pommel Strike","Brutality","Uppercut","Warcry"],"relics":["Burning Blood","Regal Pillow","Champion Belt","WingedGreaves","Mummified Hand","Runic Cube"],"potions_floor_usage":[7,11,16,16,22],"damage_taken":[{"damage":12,"enemies":"Small Slimes","floor":1,"turns":4},{"damage":7,"enemies":"Jaw Worm","floor":3,"turns":3},{"damage":0,"enemies":"Cultist","floor":5,"turns":3},{"damage":41,"enemies":"Gremlin Nob","floor":7,"turns":5},{"damage":5,"enemies":"3 Sentries","floor":11,"turns":4},{"damage":3,"enemies":"3 Louse","floor":12,"turns":3},{"damage":25,"enemies":"Large Slime","floor":13,"turns":6},{"damage":42,"enemies":"Hexaghost","floor":16,"turns":9},{"damage":26,"enemies":"Spheric Guardian","floor":18,"turns":4},{"damage":6,"enemies":"Shell Parasite","floor":19,"turns":3},{"damage":20,"enemies":"3 Cultists","floor":21,"turns":4},{"damage":14,"enemies":"Colosseum Slavers","floor":22,"turns":2},{"damage":34,"enemies":"Colosseum Nobs","floor":22,"turns":2}],"seed_played":"-2038746449584263504","potions_obtained":[{"floor":1,"key":"Regen Potion"},{"floor":5,"key":"Block Potion"},{"floor":13,"key":"BloodPotion"},{"floor":19,"key":"Fire Potion"},{"floor":21,"key":"SpeedPotion"}],"is_trial":false,"path_per_floor":["M","?","M","$","M","R","E","?","T","R","E","M","M","$","R","B",null,"M","M","?","M"],"character_chosen":"IRONCLAD","items_purchased":["True Grit","Anger","Regen Potion","Pommel Strike"],"campfire_rested":0,"item_purchase_floors":[4,4,14,14],"current_hp_per_floor":[62,62,61,61,67,67,32,32,32,32,45,48,29,29,29,15,60,40,40,55,41,0],"gold":116,"neow_bonus":"RANDOM_COMMON_RELIC","is_prod":false,"is_daily":false,"chose_seed":false,"campfire_upgraded":3,"win_rate":0,"timestamp":1540314490,"path_taken":["M","?","M","$","?","R","E","?","T","R","E","?","M","?","R","BOSS","M","M","?","M","?"],"build_version":"2018-10-18","purchased_purges":0,"victory":false,"max_hp_per_floor":[75,75,75,75,75,75,75,75,75,75,75,75,75,75,75,75,75,75,75,75,75,75],"card_choices":[{"not_picked":["Rupture","Perfected Strike"],"picked":"Cleave","floor":1},{"not_picked":["True Grit","Dual Wield"],"picked":"Feel No Pain","floor":3},{"not_picked":["Heavy Blade","Thunderclap","Anger"],"picked":"SKIP","floor":5},{"not_picked":["Clash","Clothesline"],"picked":"Immolate","floor":7},{"not_picked":["Feel No Pain","Iron Wave"],"picked":"Combust","floor":11},{"not_picked":["Body Slam","Cleave"],"picked":"Reckless Charge","floor":12},{"not_picked":["Flex","Immolate"],"picked":"Armaments","floor":13},{"not_picked":["Immolate","Juggernaut"],"picked":"Brutality","floor":16},{"not_picked":["Sever Soul","Carnage"],"picked":"Uppercut","floor":18},{"not_picked":["Flex","Armaments"],"picked":"Warcry","floor":19},{"not_picked":["Body Slam","Perfected Strike+1","Havoc"],"picked":"SKIP","floor":21}],"player_experience":1433623,"relics_obtained":[{"floor":7,"key":"Champion Belt"},{"floor":9,"key":"WingedGreaves"},{"floor":11,"key":"Mummified Hand"}],"event_choices":[{"damage_healed":0,"gold_gain":0,"player_choice":"Ignored","damage_taken":0,"max_hp_gain":0,"max_hp_loss":0,"event_name":"Golden Idol","floor":2,"gold_loss":0},{"damage_healed":0,"gold_gain":0,"player_choice":"Grow","damage_taken":0,"max_hp_gain":0,"max_hp_loss":0,"event_name":"Living Wall","floor":8,"gold_loss":0,"cards_upgraded":["Immolate"]},{"damage_healed":15,"gold_gain":0,"player_choice":"Heal","damage_taken":0,"max_hp_gain":0,"max_hp_loss":0,"event_name":"The Library","floor":20,"gold_loss":0},{"damage_healed":0,"gold_gain":0,"player_choice":"Fight","damage_taken":0,"max_hp_gain":0,"max_hp_loss":0,"event_name":"Colosseum","floor":22,"gold_loss":0},{"damage_healed":0,"gold_gain":0,"player_choice":"Fought Nobs","damage_taken":0,"max_hp_gain":0,"max_hp_loss":0,"event_name":"Colosseum","floor":22,"gold_loss":0}],"is_beta":false,"boss_relics":[{"not_picked":["Mark of Pain","Black Blood"],"picked":"Runic Cube"}],"items_purged_floors":[],"is_endless":false,"potions_floor_spawned":[1,5,13,19,21,22],"killed_by":"Colosseum Nobs","ascension_level":15}