{"gold_per_floor":[117,117,136,136,136,170,188,188,188,188,215,227,246,0,0,73,73,86,86,86,29,29,29,63,81,81,95,95,75,109,126,126,200,200,216,216,226,242,81,112,112,142,165,11,27,44,44,70,70,70,70],"floor_reached":52,"playtime":3371,"items_purged":["Rebound","Doubt"],"score":2011,"play_id":"1aa59a52-f6aa-4acd-817c-6bd9d2e7bd43","local_time":"20190101220531","is_ascension_mode":true,"campfire_choices":[{"data":"Lockon","floor":8.0,"key":"SMITH"},{"data":"Chaos","floor":10.0,"key":"SMITH"},{"data":"Dualcast","floor":15.0,"key":"SMITH"},{"floor":23.0,"key":"REST"},{"data":"Fission","floor":28,"key":"SMITH"},{"floor":32,"key":"REST"},{"floor":41,"key":"REST"},{"data":"Coolheaded","floor":47,"key":"SMITH"},{"data":"Amplify","floor":49,"key":"SMITH"}],"neow_cost":"NONE","seed_source_timestamp":332596735111,"circlet_count":0,"master_deck":["AscendersBane","Zap+1","Dualcast+1","Lockon+1","Chaos+1","FTL","Self Repair+1","Defragment+1","Fission+1","Cold Snap+1","Multi-Cast","Defragment+1","Loop+1","Compile Driver+1","Amplify+1","Meteor Strike","Ball Lightning","Rebound","Coolheaded+1","Loop+1","Coolheaded+1","Heatsinks+1","White Noise","Glacier"],"special_seed":0,"relics":["Cracked Core","NeowsBlessing","Regal Pillow","Singing Bowl","Bottled Flame","Frozen Egg 2","Mercury Hourglass","War Paint","Cursed Key","Red Mask","Bottled Tornado","Pandora\u0027s Box","Centennial Puzzle","Question Card","Anchor","Sundial"],"potions_floor_usage":[30,30,40,42,51,51],"damage_taken":[{"damage":0.0,"enemies":"Small Slimes","floor":1.0,"turns":1.0},{"damage":0.0,"enemies":"2 Louse","floor":3.0,"turns":1.0},{"damage":0.0,"enemies":"3 Sentries","floor":6.0,"turns":1.0},{"damage":9.0,"enemies":"Jaw Worm","floor":7.0,"turns":3.0},{"damage":12.0,"enemies":"Gremlin Nob","floor":11.0,"turns":3.0},{"damage":2.0,"enemies":"Blue Slaver","floor":12.0,"turns":3.0},{"damage":13.0,"enemies":"Large Slime","floor":13.0,"turns":4.0},{"damage":38.0,"enemies":"Slime Boss","floor":16.0,"turns":5.0},{"damage":47.0,"enemies":"Shell Parasite","floor":18.0,"turns":6.0},{"damage":19.0,"enemies":"Masked Bandits","floor":24.0,"turns":4.0},{"damage":27.0,"enemies":"2 Thieves","floor":25.0,"turns":4.0},{"damage":13,"enemies":"Snake Plant","floor":27,"turns":2},{"damage":14,"enemies":"Book of Stabbing","floor":30,"turns":4},{"damage":7,"enemies":"Snecko","floor":31,"turns":4},{"damage":27,"enemies":"Champ","floor":33,"turns":7},{"damage":16,"enemies":"3 Darklings","floor":35,"turns":4},{"damage":12,"enemies":"Orb Walker","floor":37,"turns":2},{"damage":8,"enemies":"Sphere and 2 Shapes","floor":38,"turns":5},{"damage":51,"enemies":"Reptomancer","floor":40,"turns":8},{"damage":10,"enemies":"Giant Head","floor":42,"turns":6},{"damage":0,"enemies":"Transient","floor":45,"turns":6},{"damage":1,"enemies":"3 Darklings","floor":46,"turns":3},{"damage":2,"enemies":"Reptomancer","floor":48,"turns":4},{"damage":12,"enemies":"Donu and Deca","floor":50,"turns":7},{"damage":38,"enemies":"Awakened One","floor":51,"turns":12}],"seed_played":"1766388314034477141","potions_obtained":[{"floor":3.0,"key":"FearPotion"},{"floor":6.0,"key":"Explosive Potion"},{"floor":16.0,"key":"Strength Potion"},{"floor":24.0,"key":"Poison Potion"},{"floor":25.0,"key":"FearPotion"},{"floor":35,"key":"SkillPotion"},{"floor":42,"key":"LiquidBronze"}],"is_trial":false,"path_per_floor":["M","?","M","?","T","E","M","R","T","R","M","M","$","R","B",null,"M","?","?","$","?","R","?","M","M","R","?","E","M","R","B",null,"M","?","M","M","$","E","R","E","T","$","M","M","R","E","R","B","B",null],"character_chosen":"DEFECT","items_purchased":["Defragment+1","War Paint","SkillPotion","GamblersBrew","AttackPotion"],"campfire_rested":3,"item_purchase_floors":[14,14,21,39,44],"current_hp_per_floor":[64,57,57,52,52,52,43,43,43,43,31,41,40,40,40,12,59,22,22,22,22,22,59,52,35,35,32,32,32,30,35,74,57,75,69,69,67,79,79,30,69,69,69,69,81,85,85,87,87,85,57],"gold":70,"neow_bonus":"THREE_ENEMY_KILL","is_prod":false,"is_daily":false,"chose_seed":false,"campfire_upgraded":6,"win_rate":0,"timestamp":1546351531,"path_taken":["M","?","M","?","?","E","M","R","T","R","E","?","M","$","R","BOSS","M","?","?","$","?","R","?","?","T","M","R","?","E","M","R","BOSS","M","?","?","M","?","E","R","E","T","$","M","M","R","E","R","BOSS","BOSS"],"build_version":"2018-12-25","purchased_purges":2,"victory":true,"max_hp_per_floor":[71,71,71,71,71,71,71,71,71,71,71,73,75,75,75,75,75,75,75,75,75,75,75,77,77,77,77,77,77,79,81,81,81,81,81,81,81,81,81,83,83,83,83,83,85,85,85,87,87,87,87],"card_choices":[{"not_picked":["Rebound","Conserve Battery"],"picked":"Lockon","floor":1.0},{"not_picked":["Blizzard","Stack","Turbo"],"picked":"SKIP","floor":3.0},{"not_picked":["Turbo","Meteor Strike"],"picked":"Chaos","floor":6.0},{"not_picked":["Sweeping Beam","Rebound"],"picked":"FTL","floor":7.0},{"not_picked":["Leap","Stack"],"picked":"Self Repair+1","floor":11.0},{"not_picked":["Go for the Eyes","Cold Snap","Stack"],"picked":"Singing Bowl","floor":12.0},{"not_picked":["Rebound","Beam Cell","Hyperbeam"],"picked":"Singing Bowl","floor":13.0},{"not_picked":["Multi-Cast","Amplify"],"picked":"Fission","floor":16.0},{"not_picked":["Leap","Recycle"],"picked":"Cold Snap+1","floor":18.0},{"not_picked":["Stack","Cold Snap","Compile Driver"],"picked":"Singing Bowl","floor":24.0},{"not_picked":["Darkness","Gash"],"picked":"Loop+1","floor":25.0},{"not_picked":["Streamline","Lockon"],"picked":"Compile Driver+1","floor":27},{"not_picked":["Barrage","Fission","Lockon"],"picked":"Singing Bowl","floor":30},{"not_picked":["Stack+1","Sweeping Beam","Gash"],"picked":"Singing Bowl","floor":31},{"not_picked":["All For One","Reboot"],"picked":"Amplify","floor":33},{"not_picked":["Ball Lightning","Steam"],"picked":"Loop+1","floor":35},{"not_picked":["Stack+1","Beam Cell"],"picked":"Coolheaded","floor":37},{"not_picked":["Sunder","Recycle+1"],"picked":"Heatsinks+1","floor":38},{"not_picked":["Beam Cell","Blizzard","Static Discharge+1"],"picked":"Singing Bowl","floor":40},{"not_picked":["Storm+1","Heatsinks+1"],"picked":"White Noise","floor":42},{"not_picked":["Redo","Lockon","Gash","Steam"],"picked":"Singing Bowl","floor":45},{"not_picked":["Redo","Turbo+1","Defragment+1"],"picked":"Glacier","floor":46},{"not_picked":["Thunder Strike","Streamline","Ball Lightning","Hologram"],"picked":"Singing Bowl","floor":48}],"player_experience":1220148,"relics_obtained":[{"floor":5.0,"key":"Singing Bowl"},{"floor":6.0,"key":"Bottled Flame"},{"floor":9.0,"key":"Frozen Egg 2"},{"floor":11.0,"key":"Mercury Hourglass"},{"floor":24.0,"key":"Red Mask"},{"floor":30,"key":"Bottled Tornado"},{"floor":40,"key":"Centennial Puzzle"},{"floor":42,"key":"Question Card"},{"floor":43,"key":"Anchor"},{"floor":48,"key":"Sundial"}],"event_choices":[{"cards_removed":["Strike_B"],"damage_healed":0.0,"max_hp_gain":0.0,"max_hp_loss":0.0,"gold_gain":0.0,"event_name":"Golden Wing","player_choice":"Card Removal","floor":2.0,"gold_loss":0.0,"damage_taken":7.0},{"damage_healed":0.0,"max_hp_gain":0.0,"max_hp_loss":0.0,"gold_gain":0.0,"event_name":"Scrap Ooze","player_choice":"Success","floor":4.0,"gold_loss":0.0,"damage_taken":5.0,"relics_obtained":["Regal Pillow"]},{"damage_healed":0.0,"max_hp_gain":0.0,"max_hp_loss":0.0,"gold_gain":0.0,"event_name":"Cursed Tome","player_choice":"Ignored","floor":19.0,"gold_loss":0.0,"damage_taken":0.0},{"damage_healed":0.0,"max_hp_gain":0.0,"max_hp_loss":0.0,"gold_gain":0.0,"cards_transformed":["Strike_B","Strike_B"],"event_name":"Drug Dealer","player_choice":"Became Test Subject","floor":20.0,"gold_loss":0.0,"damage_taken":0.0,"cards_obtained":["Multi-Cast","Defragment"]},{"damage_healed":0.0,"max_hp_gain":0.0,"max_hp_loss":0.0,"gold_gain":0.0,"event_name":"Beggar","player_choice":"Ignored","floor":22.0,"gold_loss":0.0,"damage_taken":0.0},{"damage_healed":0.0,"max_hp_gain":0.0,"max_hp_loss":0.0,"gold_gain":0.0,"event_name":"Masked Bandits","player_choice":"Fought Bandits","floor":24.0,"gold_loss":0.0,"damage_taken":0.0},{"damage_healed":0,"gold_gain":0,"player_choice":"Bought 1 Potion","damage_taken":0,"max_hp_gain":0,"max_hp_loss":0,"event_name":"The Woman in Blue","floor":29,"gold_loss":0},{"damage_healed":0,"gold_gain":0,"player_choice":"Forge","damage_taken":0,"max_hp_gain":0,"max_hp_loss":0,"event_name":"Accursed Blacksmith","floor":36,"gold_loss":0,"cards_upgraded":["Coolheaded"]}],"is_beta":true,"boss_relics":[{"not_picked":["Ectoplasm","Runic Pyramid"],"picked":"Cursed Key"},{"not_picked":["White Beast Statue","Velvet Choker"],"picked":"Pandora\u0027s Box"}],"items_purged_floors":[39,44],"is_endless":false,"potions_floor_spawned":[3,6,16,24,25,27,35,42,48],"ascension_level":20}