{"gold_per_floor":[116,127,127,202,214,214,243,243,268,268,146,146,96,113,113,212,212,230,245,245,256,269,298,53,53,53,53,65,65,75,0,0,102,102,119,136,147,157,169,169,179,179,179,189,65,0,0,17,17,17],"floor_reached":50,"playtime":4444,"items_purged":["Defend_B","Strike_B","Parasite"],"score":536,"play_id":"8287e369-b701-48cb-9b34-5f61f2cb34d1","local_time":"20190408114201","is_ascension_mode":true,"campfire_choices":[{"floor":6.0,"key":"REST"},{"floor":8.0,"key":"REST"},{"data":"Genetic Algorithm","floor":10.0,"key":"SMITH"},{"floor":15.0,"key":"REST"},{"floor":25.0,"key":"REST"},{"floor":27.0,"key":"REST"},{"floor":29.0,"key":"REST"},{"data":"Electrodynamics","floor":32.0,"key":"SMITH"},{"floor":40,"key":"REST"},{"floor":47,"key":"REST"},{"floor":49,"key":"REST"}],"neow_cost":"NONE","seed_source_timestamp":0,"circlet_count":0,"master_deck":["Strike_B+1","Defend_B+1","Zap","Dualcast+1","Ball Lightning","BootSequence","Leap+1","Genetic Algorithm+1","Capacitor","Barrage","Electrodynamics+1","Capacitor+1","Coolheaded+1","Beam Cell+1","Storm","Self Repair+1","Compile Driver","Thunder Strike","Fusion+1","Barrage+1","Core Surge","Tempest+1"],"special_seed":0,"relics":["Cracked Core","Smiling Mask","War Paint","Bag of Preparation","Astrolabe","Anchor","Meat on the Bone","PreservedInsect","Philosopher\u0027s Stone","Kunai","Red Mask"],"potions_floor_usage":[38,50],"damage_taken":[{"damage":3.0,"enemies":"2 Louse","floor":1.0,"turns":2.0},{"damage":0.0,"enemies":"Small Slimes","floor":2.0,"turns":2.0},{"damage":2.0,"enemies":"Jaw Worm","floor":5.0,"turns":2.0},{"damage":33.0,"enemies":"Gremlin Nob","floor":7.0,"turns":5.0},{"damage":0.0,"enemies":"Exordium Wildlife","floor":14.0,"turns":3.0},{"damage":26.0,"enemies":"Hexaghost","floor":16.0,"turns":8.0},{"damage":10.0,"enemies":"Shell Parasite","floor":18.0,"turns":5.0},{"damage":2.0,"enemies":"Chosen","floor":19.0,"turns":3.0},{"damage":5.0,"enemies":"Centurion and Healer","floor":21.0,"turns":6.0},{"damage":9.0,"enemies":"Snecko","floor":22.0,"turns":6.0},{"damage":43.0,"enemies":"Book of Stabbing","floor":23.0,"turns":6.0},{"damage":4.0,"enemies":"Snake Plant","floor":28.0,"turns":5.0},{"damage":9.0,"enemies":"Chosen and Byrds","floor":30.0,"turns":6.0},{"damage":29.0,"enemies":"Champ","floor":33.0,"turns":10.0},{"damage":7.0,"enemies":"Orb Walker","floor":35.0,"turns":3.0},{"damage":0.0,"enemies":"3 Shapes","floor":36.0,"turns":4.0},{"damage":25.0,"enemies":"Spire Growth","floor":37.0,"turns":4.0},{"damage":48,"enemies":"Writhing Mass","floor":38,"turns":7},{"damage":8,"enemies":"Jaw Worm Horde","floor":39,"turns":3},{"damage":0,"enemies":"Transient","floor":41,"turns":5},{"damage":31,"enemies":"3 Darklings","floor":44,"turns":5},{"damage":56,"enemies":"Maw","floor":48,"turns":6},{"damage":67,"enemies":"Time Eater","floor":50,"turns":4}],"seed_played":"-5576435288914447965","potions_obtained":[{"floor":2.0,"key":"SkillPotion"},{"floor":5.0,"key":"SkillPotion"},{"floor":19.0,"key":"Energy Potion"},{"floor":23.0,"key":"Poison Potion"},{"floor":30.0,"key":"AttackPotion"},{"floor":33.0,"key":"Fruit Juice"},{"floor":35.0,"key":"AttackPotion"},{"floor":36.0,"key":"EssenceOfSteel"},{"floor":37.0,"key":"Block Potion"},{"floor":44,"key":"Strength Potion"}],"is_trial":false,"path_per_floor":["M","M","?","?","M","R","E","R","T","R","$","?","$","M","R","B",null,"M","M","?","M","M","E","$","R","T","R","M","R","M","?","R","B",null,"M","M","M","M","M","R","M","?","T","M","$","?","R","M","R","B"],"character_chosen":"DEFECT","items_purchased":["Capacitor","Meat on the Bone","Core Surge"],"campfire_rested":9,"item_purchase_floors":[11,24,45],"current_hp_per_floor":[72,72,72,61,59,75,42,64,64,64,64,49,49,49,71,45,75,65,63,63,58,49,6,6,28,28,50,46,68,69,69,69,40,75,75,75,65,39,53,77,80,80,80,59,59,59,77,43,66,0],"gold":17,"neow_bonus":"RANDOM_COMMON_RELIC","is_prod":false,"is_daily":false,"chose_seed":false,"campfire_upgraded":2,"win_rate":0,"timestamp":1554720121,"path_taken":["M","M","?","?","?","R","E","R","T","R","$","?","$","M","R","BOSS","M","M","?","M","M","E","$","R","T","R","M","R","M","?","R","BOSS","M","M","M","M","M","R","M","?","T","M","$","?","R","M","R","BOSS"],"build_version":"2019-01-23","purchased_purges":3,"victory":false,"max_hp_per_floor":[75,75,75,75,75,75,75,75,75,75,75,75,75,75,75,75,75,75,75,75,75,75,75,75,75,75,75,75,75,75,75,75,75,75,75,75,80,80,80,80,80,80,80,80,77,77,77,77,77,77],"card_choices":[{"not_picked":["Aggregate","Steam"],"picked":"Ball Lightning","floor":1.0},{"not_picked":["Compile Driver","Glacier"],"picked":"BootSequence","floor":2.0},{"not_picked":["Consume","Go for the Eyes"],"picked":"Leap","floor":5.0},{"not_picked":["Barrage","Darkness"],"picked":"Genetic Algorithm","floor":7.0},{"not_picked":["Stack","Steam"],"picked":"Barrage","floor":14.0},{"not_picked":["Amplify","Fission"],"picked":"Electrodynamics","floor":16.0},{"not_picked":["Rebound","Beam Cell","Recycle"],"picked":"SKIP","floor":18.0},{"not_picked":["Rebound","Cold Snap","Redo"],"picked":"SKIP","floor":19.0},{"not_picked":["Glacier","Conserve Battery","Cold Snap"],"picked":"SKIP","floor":21.0},{"not_picked":["Redo+1","Steam Power","BootSequence"],"picked":"SKIP","floor":22.0},{"not_picked":["Redo+1","Streamline"],"picked":"Storm","floor":23.0},{"not_picked":["Skim+1","Ball Lightning+1"],"picked":"Self Repair+1","floor":28.0},{"not_picked":["Go for the Eyes","Streamline"],"picked":"Compile Driver","floor":30.0},{"not_picked":["Amplify","Rainbow"],"picked":"Thunder Strike","floor":33.0},{"not_picked":["Chill","Undo"],"picked":"Fusion+1","floor":35.0},{"not_picked":["Static Discharge","Conserve Battery+1"],"picked":"Barrage+1","floor":36.0},{"not_picked":["Beam Cell+1","Cold Snap","Conserve Battery"],"picked":"SKIP","floor":37.0},{"not_picked":["Sweeping Beam","Steam","Stack+1"],"picked":"SKIP","floor":38},{"not_picked":["Gash+1","Heatsinks","Sweeping Beam"],"picked":"SKIP","floor":39},{"not_picked":["Reinforced Body","Hologram+1","Steam+1"],"picked":"SKIP","floor":41},{"not_picked":["Cold Snap+1","Ball Lightning+1","Recycle+1"],"picked":"SKIP","floor":44},{"not_picked":["Sweeping Beam+1","Lockon"],"picked":"Tempest+1","floor":48}],"player_experience":523413,"relics_obtained":[{"floor":7.0,"key":"War Paint"},{"floor":9.0,"key":"Bag of Preparation"},{"floor":23.0,"key":"Anchor"},{"floor":26.0,"key":"PreservedInsect"},{"floor":43,"key":"Kunai"}],"event_choices":[{"cards_removed":["Defend_B"],"damage_healed":0.0,"max_hp_gain":0.0,"max_hp_loss":0.0,"gold_gain":0.0,"event_name":"Living Wall","player_choice":"Forget","floor":3.0,"gold_loss":0.0,"damage_taken":0.0},{"damage_healed":0.0,"max_hp_gain":0.0,"max_hp_loss":0.0,"gold_gain":75.0,"event_name":"World of Goop","player_choice":"Gather Gold","floor":4.0,"gold_loss":0.0,"damage_taken":11.0},{"damage_healed":0.0,"max_hp_gain":0.0,"max_hp_loss":0.0,"gold_gain":0.0,"event_name":"Shining Light","player_choice":"Entered Light","floor":12.0,"gold_loss":0.0,"damage_taken":15.0,"cards_upgraded":["Dualcast","Strike_B"]},{"damage_healed":0.0,"max_hp_gain":0.0,"max_hp_loss":0.0,"gold_gain":0.0,"event_name":"Back to Basics","player_choice":"Simplicity","floor":20.0,"gold_loss":0.0,"damage_taken":0.0,"cards_upgraded":[]},{"damage_healed":0.0,"max_hp_gain":0.0,"max_hp_loss":0.0,"gold_gain":0.0,"event_name":"Masked Bandits","player_choice":"Paid Fearfully","floor":31.0,"gold_loss":75.0,"damage_taken":0.0},{"damage_healed":0,"gold_gain":0,"player_choice":"Ignored","damage_taken":0,"max_hp_gain":0,"max_hp_loss":0,"event_name":"Mysterious Sphere","floor":42,"gold_loss":0},{"damage_healed":0,"gold_gain":0,"player_choice":"Paid","damage_taken":0,"relics_obtained":["Red Mask"],"max_hp_gain":0,"max_hp_loss":0,"event_name":"Tomb of Lord Red Mask","floor":46,"gold_loss":65}],"is_beta":false,"boss_relics":[{"not_picked":["White Beast Statue","Ectoplasm"],"picked":"Astrolabe"},{"not_picked":["Nuclear Battery","Velvet Choker"],"picked":"Philosopher\u0027s Stone"}],"items_purged_floors":[11,13,45],"is_endless":false,"potions_floor_spawned":[2,5,19,23,30,33,35,36,37,44],"killed_by":"Time Eater","ascension_level":3}