{"gold_per_floor":[213,231,231,249,80,80,27,27,27,55,55,70,70,90,90,167,167,185,200,200,11,11,36,36,36,36,36,112,112,145,159,159,233,233,250,270,14,25,25,25,39,49,103,115,37,70,87,101,101,101],"floor_reached":51,"playtime":2254,"items_purged":["Strike_B","Decay"],"score":1305,"play_id":"ac269d09-61be-4571-b85e-fc1f1fb6ab3b","local_time":"20181020214359","is_ascension_mode":true,"campfire_choices":[{"data":"Go for the Eyes","floor":6,"key":"SMITH"},{"data":"Dualcast","floor":8,"key":"SMITH"},{"floor":11,"key":"REST"},{"data":"Beam Cell","floor":13,"key":"SMITH"},{"data":"Steam","floor":15,"key":"SMITH"},{"floor":24,"key":"REST"},{"data":"Hologram","floor":27,"key":"SMITH"},{"data":"Glacier","floor":29,"key":"SMITH"},{"data":"Gash","floor":32,"key":"SMITH"},{"floor":40,"key":"REST"},{"floor":49,"key":"REST"}],"neow_cost":"NONE","seed_source_timestamp":133429219715825,"circlet_count":0,"master_deck":["Strike_B","Strike_B+1","Strike_B+1","Defend_B","Defend_B","Defend_B","Defend_B","Zap+1","Dualcast+1","AscendersBane","Barrage","Steam+1","All For One+1","Go for the Eyes+1","Glacier+1","Beam Cell+1","Machine Learning","Go for the Eyes","FTL","Dark Shackles","Hologram+1","Self Repair+1","Gash+1","Core Surge","Scrape+1","Cold Snap+1","Gash+1"],"relics":["Cracked Core","Shuriken","Whetstone","Runic Pyramid","Art of War","Frozen Egg 2","Toxic Egg 2","Juzu Bracelet","Nuclear Battery","Ornamental Fan","Molten Egg 2","Omamori","Symbiotic Virus"],"potions_floor_usage":[10,16,23,30,33,38,46,50],"damage_taken":[{"damage":0,"enemies":"Cultist","floor":1,"turns":4},{"damage":4,"enemies":"2 Louse","floor":2,"turns":2},{"damage":0,"enemies":"Small Slimes","floor":4,"turns":3},{"damage":19,"enemies":"Lagavulin","floor":10,"turns":6},{"damage":1,"enemies":"Exordium Wildlife","floor":12,"turns":3},{"damage":12,"enemies":"3 Louse","floor":14,"turns":3},{"damage":11,"enemies":"Hexaghost","floor":16,"turns":6},{"damage":15,"enemies":"3 Byrds","floor":18,"turns":4},{"damage":12,"enemies":"Chosen","floor":19,"turns":3},{"damage":18,"enemies":"Book of Stabbing","floor":23,"turns":5},{"damage":0,"enemies":"Gremlin Leader","floor":30,"turns":8},{"damage":1,"enemies":"3 Cultists","floor":31,"turns":6},{"damage":29,"enemies":"Automaton","floor":33,"turns":9},{"damage":7,"enemies":"Orb Walker","floor":35,"turns":3},{"damage":17,"enemies":"3 Darklings","floor":36,"turns":6},{"damage":20,"enemies":"4 Shapes","floor":38,"turns":6},{"damage":10,"enemies":"Transient","floor":41,"turns":5},{"damage":9,"enemies":"Spire Growth","floor":42,"turns":5},{"damage":24,"enemies":"4 Shapes","floor":44,"turns":4},{"damage":0,"enemies":"Reptomancer","floor":46,"turns":7},{"damage":13,"enemies":"Transient","floor":47,"turns":5},{"damage":21,"enemies":"Sphere and 2 Shapes","floor":48,"turns":5},{"damage":19,"enemies":"Time Eater","floor":50,"turns":12}],"seed_played":"-6120430350377690076","potions_obtained":[{"floor":2,"key":"SkillPotion"},{"floor":14,"key":"Fire Potion"},{"floor":16,"key":"FearPotion"},{"floor":23,"key":"FocusPotion"},{"floor":30,"key":"Fire Potion"},{"floor":33,"key":"SpeedPotion"},{"floor":38,"key":"Energy Potion"},{"floor":47,"key":"Explosive Potion"}],"is_trial":false,"path_per_floor":["M","M","?","M","$","R","?","R","T","E","R","M","R","M","R","B",null,"M","M","?","$","?","E","R","$","T","R","T","R","E","M","R","B",null,"M","M","$","M","?","R","M","M","T","M","$","E","M","M","R","B"],"character_chosen":"DEFECT","items_purchased":["Go for the Eyes","Strength Potion","Dark Shackles","Ornamental Fan","Scrape+1"],"campfire_rested":4,"item_purchase_floors":[5,5,21,37,45],"current_hp_per_floor":[64,60,39,39,39,39,39,39,39,20,41,40,40,28,28,17,58,43,31,31,31,31,13,34,34,34,34,34,34,34,43,43,24,59,62,55,55,45,45,66,66,67,67,53,53,63,60,49,70,61],"gold":101,"neow_bonus":"HUNDRED_GOLD","is_prod":false,"is_daily":false,"chose_seed":false,"campfire_upgraded":7,"win_rate":0,"timestamp":1540097039,"path_taken":["M","M","?","M","$","R","?","R","T","E","R","M","R","M","R","BOSS","M","M","?","$","?","E","R","$","T","R","?","R","E","M","R","BOSS","M","M","$","M","?","R","M","M","T","M","$","E","M","M","R","BOSS"],"build_version":"2018-10-18","purchased_purges":2,"victory":true,"max_hp_per_floor":[71,71,71,71,71,71,71,71,71,71,71,71,71,71,71,71,71,71,71,71,71,71,71,71,71,71,71,71,71,71,71,71,71,71,71,71,71,71,71,71,71,71,71,71,71,71,71,71,71,71],"card_choices":[{"not_picked":["Redo","Sweeping Beam"],"picked":"Barrage","floor":1},{"not_picked":["Gash","Rebound"],"picked":"Steam","floor":2},{"not_picked":["Conserve Battery","Turbo"],"picked":"All For One","floor":4},{"not_picked":["Doom and Gloom","Barrage"],"picked":"Glacier","floor":10},{"not_picked":["Ball Lightning","Sweeping Beam"],"picked":"Beam Cell","floor":12},{"not_picked":["Darkness","Auto Shields"],"picked":"Leap","floor":14},{"not_picked":["Electrodynamics","Meteor Strike"],"picked":"Machine Learning","floor":16},{"not_picked":["Compile Driver","Beam Cell"],"picked":"Go for the Eyes","floor":18},{"not_picked":["Streamline","Genetic Algorithm"],"picked":"FTL","floor":19},{"not_picked":["Fusion","Storm"],"picked":"Hologram","floor":23},{"not_picked":["Go for the Eyes","Multi-Cast+1"],"picked":"Self Repair+1","floor":30},{"not_picked":["Auto Shields+1","Doom and Gloom+1"],"picked":"Gash","floor":31},{"not_picked":["Hyperbeam","Reboot+1"],"picked":"Core Surge","floor":33},{"not_picked":["Coolheaded+1","Go for the Eyes","Hello World+1"],"picked":"SKIP","floor":35},{"not_picked":["Sweeping Beam","Hello World+1","Go for the Eyes"],"picked":"SKIP","floor":36},{"not_picked":["Gash","Chaos+1","Auto Shields+1"],"picked":"SKIP","floor":38},{"not_picked":["Reinforced Body+1","Chaos+1","Streamline+1"],"picked":"SKIP","floor":41},{"not_picked":["Chaos+1","Steam+1","Ball Lightning+1"],"picked":"SKIP","floor":42},{"not_picked":["Conserve Battery+1","Genetic Algorithm+1","Compile Driver+1"],"picked":"SKIP","floor":44},{"not_picked":["Glacier+1","Leap+1"],"picked":"Cold Snap+1","floor":46},{"not_picked":["Undo+1","Self Repair+1"],"picked":"Gash+1","floor":47},{"not_picked":["Go for the Eyes+1","Ball Lightning+1","Sweeping Beam+1"],"picked":"SKIP","floor":48}],"player_experience":1406866,"relics_obtained":[{"floor":9,"key":"Shuriken"},{"floor":10,"key":"Whetstone"},{"floor":23,"key":"Art of War"},{"floor":26,"key":"Frozen Egg 2"},{"floor":28,"key":"Toxic Egg 2"},{"floor":30,"key":"Juzu Bracelet"},{"floor":43,"key":"Omamori"},{"floor":46,"key":"Symbiotic Virus"}],"event_choices":[{"damage_healed":0,"gold_gain":0,"player_choice":"Entered Light","damage_taken":21,"max_hp_gain":0,"max_hp_loss":0,"event_name":"Shining Light","floor":3,"gold_loss":0,"cards_upgraded":["Zap","Strike_B"]},{"damage_healed":0,"gold_gain":0,"player_choice":"Left Gold","damage_taken":0,"max_hp_gain":0,"max_hp_loss":0,"event_name":"World of Goop","floor":7,"gold_loss":53},{"damage_healed":0,"gold_gain":0,"player_choice":"Smashed Altar","damage_taken":0,"max_hp_gain":0,"max_hp_loss":0,"event_name":"Forgotten Altar","floor":20,"gold_loss":0,"cards_obtained":["Decay"]},{"cards_removed":["Leap"],"damage_healed":0,"gold_gain":0,"player_choice":"Gave Card","damage_taken":0,"relics_obtained":["Molten Egg 2"],"max_hp_gain":0,"max_hp_loss":0,"event_name":"WeMeetAgain","floor":39,"gold_loss":0}],"is_beta":false,"boss_relics":[{"not_picked":["Calling Bell","Coffee Dripper"],"picked":"Runic Pyramid"},{"not_picked":["Orrery","Cursed Key"],"picked":"Nuclear Battery"}],"items_purged_floors":[5,21],"is_endless":false,"potions_floor_spawned":[2,14,16,23,30,33,36,38,42,44,47],"ascension_level":15}