{"gold_per_floor":[17,37,53,67,140,140,159,159,212,141,156,231,291,302,302,402,402,422,422,422,441,459,459,459,474,474,474,249,249,260,277,277,277],"floor_reached":33,"playtime":2182,"items_purged":[],"score":253,"play_id":"6965668e-cc8c-42c8-9529-85af898ae35c","local_time":"20181014212641","is_ascension_mode":true,"campfire_choices":[{"floor":6,"key":"REST"},{"floor":8,"key":"REST"},{"floor":15,"key":"REST"},{"floor":23,"key":"REST"},{"floor":27,"key":"REST"},{"data":"Static Discharge","floor":29,"key":"SMITH"},{"floor":32,"key":"REST"}],"neow_cost":"NO_GOLD","seed_source_timestamp":73832062419591,"circlet_count":0,"master_deck":["Strike_B+1","Strike_B+1","Strike_B+1","Strike_B+1","Defend_B+1","Defend_B+1","Defend_B+1","Defend_B+1","Zap","Dualcast","Electrodynamics","Cold Snap","Streamline","Conserve Battery","Gash","Steam","Biased Cognition","Cold Snap","Static Discharge+1","Go for the Eyes","Creative AI","Gash","Tempest","Gash+1","Capacitor","Transmutation","BootSequence"],"relics":["Cracked Core","Omamori","Bottled Flame","Sozu","Necronomicon","Mummified Hand"],"potions_floor_usage":[16,33,33],"damage_taken":[{"damage":1,"enemies":"Cultist","floor":1,"turns":3},{"damage":7,"enemies":"2 Louse","floor":2,"turns":3},{"damage":6,"enemies":"Jaw Worm","floor":3,"turns":3},{"damage":3,"enemies":"Large Slime","floor":4,"turns":4},{"damage":18,"enemies":"Exordium Thugs","floor":7,"turns":4},{"damage":7,"enemies":"2 Fungi Beasts","floor":11,"turns":2},{"damage":12,"enemies":"Gremlin Nob","floor":13,"turns":5},{"damage":1,"enemies":"Blue Slaver","floor":14,"turns":4},{"damage":18,"enemies":"Slime Boss","floor":16,"turns":10},{"damage":7,"enemies":"Shell Parasite","floor":18,"turns":6},{"damage":17,"enemies":"2 Thieves","floor":21,"turns":3},{"damage":18,"enemies":"3 Cultists","floor":22,"turns":6},{"damage":9,"enemies":"Centurion and Healer","floor":25,"turns":7},{"damage":13,"enemies":"Sentry and Sphere","floor":30,"turns":3},{"damage":15,"enemies":"Chosen and Byrds","floor":31,"turns":6},{"damage":76,"enemies":"Automaton","floor":33,"turns":6}],"seed_played":"4334958041024312210","potions_obtained":[{"floor":2,"key":"GamblersBrew"},{"floor":3,"key":"EssenceOfSteel"},{"floor":4,"key":"EntropicBrew"},{"floor":13,"key":"EssenceOfSteel"}],"is_trial":false,"path_per_floor":["M","M","M","M","?","R","M","R","T","$","M","?","?","M","R","B",null,"M","?","?","M","M","R","?","M","T","R","$","R","M","M","R"],"character_chosen":"DEFECT","items_purchased":["Biased Cognition","Capacitor","Transmutation"],"campfire_rested":6,"item_purchase_floors":[10,28,28],"current_hp_per_floor":[74,67,61,58,58,75,57,75,75,75,68,57,45,44,66,48,75,68,52,75,58,40,62,62,53,53,75,75,75,62,47,69,0],"gold":277,"neow_bonus":"THREE_RARE_CARDS","is_prod":false,"is_daily":false,"chose_seed":false,"campfire_upgraded":1,"win_rate":0,"timestamp":1539548801,"path_taken":["M","?","M","M","?","R","M","R","T","$","M","?","?","M","R","BOSS","M","?","?","M","M","R","?","M","T","R","?","R","M","?","R","BOSS"],"build_version":"2018-10-11","purchased_purges":0,"victory":false,"max_hp_per_floor":[75,75,75,75,75,75,75,75,75,75,75,75,75,75,75,75,75,75,75,75,75,75,75,75,75,75,75,75,75,75,75,75,75],"card_choices":[{"not_picked":["Meteor Strike","All For One"],"picked":"Electrodynamics","floor":0},{"not_picked":["Rebound","Redo"],"picked":"Cold Snap","floor":1},{"not_picked":["Redo","Chaos"],"picked":"Streamline","floor":2},{"not_picked":["Blizzard","Rip and Tear"],"picked":"Conserve Battery","floor":3},{"not_picked":["Skim","Heatsinks"],"picked":"Gash","floor":4},{"not_picked":["Stack","Chaos"],"picked":"Steam","floor":7},{"not_picked":["Rebound","Force Field"],"picked":"Cold Snap","floor":11},{"not_picked":["Biased Cognition","Coolheaded"],"picked":"Static Discharge","floor":13},{"not_picked":["Force Field","Leap"],"picked":"Go for the Eyes","floor":14},{"not_picked":["Biased Cognition","Reboot"],"picked":"Creative AI","floor":16},{"not_picked":["Lockon","Rip and Tear"],"picked":"Gash","floor":18},{"not_picked":["Compile Driver","Hologram"],"picked":"Tempest","floor":21},{"not_picked":["Reprogram","Hologram"],"picked":"Gash+1","floor":22},{"not_picked":["Cold Snap","Hello World","Aggregate"],"picked":"SKIP","floor":25},{"not_picked":["Steam+1","Rip and Tear","Rebound"],"picked":"SKIP","floor":30},{"not_picked":["Leap","Fusion"],"picked":"BootSequence","floor":31}],"player_experience":71842,"relics_obtained":[{"floor":9,"key":"Omamori"},{"floor":13,"key":"Bottled Flame"},{"floor":19,"key":"Necronomicon"},{"floor":26,"key":"Mummified Hand"}],"event_choices":[{"event_name":"Golden Wing","player_choice":"Gained Gold","floor":5,"damage_taken":0},{"event_name":"World of Goop","player_choice":"Gather Gold","floor":12,"damage_taken":0},{"event_name":"Dead Adventurer","player_choice":"Searched \u00271\u0027 times","floor":13,"damage_taken":0},{"event_name":"Cursed Tome","player_choice":"Obtained Book","floor":19,"damage_taken":0},{"event_name":"The Library","player_choice":"Heal","floor":20,"damage_taken":0},{"event_name":"Back to Basics","player_choice":"Simplicity","floor":24,"damage_taken":0}],"is_beta":false,"boss_relics":[{"not_picked":["Runic Pyramid","FrozenCore"],"picked":"Sozu"}],"items_purged_floors":[],"is_endless":false,"potions_floor_spawned":[2,3,4,13,25],"killed_by":"Automaton","ascension_level":1}