{"gold_per_floor":[114,114,129,144,159,159,174,174,174,204,219,23,23,38,38,138,138,153,168,183,183,198,198,213,213,238,337,337],"floor_reached":28,"playtime":3319,"items_purged":[],"score":224,"play_id":"579a5c3d-c917-4063-a40f-ec2799da6602","local_time":"20181015214150","daily_mods":["Chimera","Colorless Cards","Careless"],"is_ascension_mode":false,"campfire_choices":[{"data":"Body Slam","floor":6,"key":"SMITH"},{"data":"Bash","floor":8,"key":"SMITH"},{"data":"Shrug It Off","floor":15,"key":"SMITH"},{"floor":23,"key":"REST"},{"data":"Metamorphosis","floor":25,"key":"SMITH"}],"neow_cost":"","seed_source_timestamp":0,"circlet_count":0,"master_deck":["Bash+1","Survivor","Zap","Body Slam+1","Iron Wave","Flex","Master of Strategy","Headbutt","Shrug It Off+1","Metamorphosis+1","Armaments","Pommel Strike","Sword Boomerang","Perfected Strike","Sword Boomerang","Iron Wave","Rampage+1","Entrench+1","Rage+1"],"special_seed":17820,"relics":["Burning Blood","Frozen Egg 2","Pear","Self Forming Clay","Lantern","Pandora\u0027s Box","Potion Belt"],"potions_floor_usage":[10,10,16,20,22,24],"damage_taken":[{"damage":0,"enemies":"2 Louse","floor":1,"turns":3},{"damage":0,"enemies":"Cultist","floor":3,"turns":3},{"damage":0,"enemies":"Jaw Worm","floor":4,"turns":4},{"damage":2,"enemies":"Large Slime","floor":5,"turns":6},{"damage":2,"enemies":"Blue Slaver","floor":7,"turns":4},{"damage":10,"enemies":"Lagavulin","floor":10,"turns":6},{"damage":9,"enemies":"3 Louse","floor":11,"turns":5},{"damage":3,"enemies":"Red Slaver","floor":14,"turns":3},{"damage":62,"enemies":"Slime Boss","floor":16,"turns":15},{"damage":5,"enemies":"Spheric Guardian","floor":18,"turns":3},{"damage":24,"enemies":"2 Thieves","floor":19,"turns":4},{"damage":25,"enemies":"3 Cultists","floor":20,"turns":6},{"damage":30,"enemies":"Snecko","floor":22,"turns":5},{"damage":28,"enemies":"Snake Plant","floor":24,"turns":5},{"damage":35,"enemies":"Gremlin Leader","floor":28,"turns":7}],"seed_played":"-5027048999782107507","potions_obtained":[{"floor":4,"key":"Explosive Potion"},{"floor":5,"key":"EssenceOfSteel"},{"floor":11,"key":"Ancient Potion"},{"floor":16,"key":"Swift Potion"},{"floor":18,"key":"SkillPotion"},{"floor":20,"key":"Ancient Potion"}],"is_trial":false,"path_per_floor":["M","?","M","M","M","R","M","R","T","E","M","$","?","M","R","B",null,"M","M","M","?","M","R","M","R","T","?"],"character_chosen":"IRONCLAD","items_purchased":["Lantern","Shrug It Off"],"campfire_rested":1,"item_purchase_floors":[12,12],"current_hp_per_floor":[80,77,80,80,80,80,80,80,90,86,83,83,83,86,86,30,90,90,72,53,53,29,56,34,34,34,34,0],"gold":337,"neow_bonus":"","is_prod":false,"is_daily":true,"chose_seed":false,"campfire_upgraded":4,"win_rate":0,"timestamp":1539654110,"path_taken":["M","?","M","M","M","R","M","R","T","E","M","$","?","M","R","BOSS","M","M","M","?","?","R","M","R","T","?","E"],"build_version":"2018-10-11","purchased_purges":0,"victory":false,"max_hp_per_floor":[80,80,80,80,80,80,80,80,90,90,90,90,90,90,90,90,90,90,90,90,90,90,90,90,90,90,90,90],"card_choices":[{"not_picked":["Evolve","Shockwave"],"picked":"Body Slam","floor":1},{"not_picked":["Carnage","Rage"],"picked":"Iron Wave","floor":3},{"not_picked":["Forethought","Wild Strike"],"picked":"Flex","floor":4},{"not_picked":["Body Slam","Twin Strike"],"picked":"Master of Strategy","floor":5},{"not_picked":["Feel No Pain+1","Wild Strike"],"picked":"Corruption+1","floor":7},{"not_picked":["Cleave","Carnage","Flex"],"picked":"SKIP","floor":10},{"not_picked":["Body Slam","Anger"],"picked":"Headbutt","floor":11},{"not_picked":["Anger","Wild Strike","Thunderclap"],"picked":"SKIP","floor":14},{"not_picked":["The Bomb","Secret Weapon"],"picked":"Metamorphosis","floor":16},{"not_picked":["Armaments","Iron Wave"],"picked":"Rampage+1","floor":18},{"not_picked":["Cleave","Sword Boomerang","Havoc"],"picked":"SKIP","floor":19},{"not_picked":["Heavy Blade","Flash of Steel+1"],"picked":"Entrench+1","floor":20},{"not_picked":["Havoc","Headbutt","Iron Wave"],"picked":"SKIP","floor":22},{"not_picked":["Thinking Ahead","Cleave"],"picked":"Rage+1","floor":24}],"player_experience":63585,"relics_obtained":[{"floor":9,"key":"Pear"},{"floor":10,"key":"Self Forming Clay"},{"floor":26,"key":"Potion Belt"}],"event_choices":[{"event_name":"Scrap Ooze","player_choice":"success","floor":2,"damage_taken":3},{"event_name":"The Cleric","player_choice":"Leave","floor":13,"damage_taken":0},{"event_name":"Back to Basics","player_choice":"Elegance","floor":21,"damage_taken":0},{"event_name":"Nest","player_choice":"Stole From Cult","floor":27,"damage_taken":0}],"is_beta":false,"boss_relics":[{"not_picked":["Orrery","Fusion Hammer"],"picked":"Pandora\u0027s Box"}],"items_purged_floors":[],"is_endless":false,"potions_floor_spawned":[4,5,11,16,18,20],"killed_by":"Gremlin Leader","ascension_level":0}