{"gold_per_floor":[114,84,9,19,34,34,66,79,79,95,95,95,113,13,13,143,143,156,156,174,189,213,213,244,244,290,313,327,327,327,342,342,466,466,489,514,181,199,219,219,219,344,344,357,373,21,52,71,71,71],"floor_reached":50,"playtime":2248,"items_purged":["Strike_R","Injury","Regret"],"score":527,"play_id":"c41271b9-59fa-4a97-a539-1a4667268800","local_time":"25611124175105","is_ascension_mode":false,"campfire_choices":[{"data":"Armaments","floor":6.0,"key":"SMITH"},{"data":"Bash","floor":12.0,"key":"SMITH"},{"data":"Inflame","floor":15.0,"key":"SMITH"},{"data":"Spot Weakness","floor":23.0,"key":"SMITH"},{"floor":32.0,"key":"REST"},{"floor":40.0,"key":"RECALL"},{"floor":49.0,"key":"REST"}],"neow_cost":"NONE","seed_source_timestamp":24742695460677,"circlet_count":0,"master_deck":["Strike_R+1","Strike_R+1","Strike_R+1","Strike_R+1","Defend_R+1","Defend_R+1","Defend_R+1","Bash+1","Flame Barrier","Shrug It Off","Armaments+1","Inflame+1","Reaper","Spot Weakness+1","Impervious","Carnage+1","Flex+1","Double Tap","Injury","Shame","Shockwave+1","Feel No Pain+1","Uppercut+1","Iron Wave+1","Parasite","Thunderclap+1","Carnage+1","Immolate","Havoc","Offering"],"special_seed":0,"relics":["Burning Blood","Whetstone","Strawberry","Golden Idol","Sozu","Self Forming Clay","Nloth\u0027s Gift","Calling Bell","Anchor","Letter Opener","Dead Branch","Lee\u0027s Waffle","Mango","Mummified Hand","Ancient Tea Set","Oddly Smooth Stone"],"potions_floor_usage":[],"damage_taken":[{"damage":1.0,"enemies":"Cultist","floor":1.0,"turns":4.0},{"damage":0.0,"enemies":"Small Slimes","floor":4.0,"turns":2.0},{"damage":2.0,"enemies":"Jaw Worm","floor":5.0,"turns":6.0},{"damage":28.0,"enemies":"Lagavulin","floor":7.0,"turns":5.0},{"damage":0.0,"enemies":"Red Slaver","floor":8.0,"turns":7.0},{"damage":2.0,"enemies":"Blue Slaver","floor":10.0,"turns":5.0},{"damage":9.0,"enemies":"Gremlin Gang","floor":13.0,"turns":5.0},{"damage":49.0,"enemies":"The Guardian","floor":16.0,"turns":11.0},{"damage":15.0,"enemies":"3 Byrds","floor":18.0,"turns":3.0},{"damage":13.0,"enemies":"Shell Parasite","floor":20.0,"turns":6.0},{"damage":36.0,"enemies":"Snake Plant","floor":21.0,"turns":6.0},{"damage":8.0,"enemies":"Centurion and Healer","floor":22.0,"turns":9.0},{"damage":54.0,"enemies":"Gremlin Leader","floor":24.0,"turns":7.0},{"damage":19.0,"enemies":"Shelled Parasite and Fungi","floor":27.0,"turns":6.0},{"damage":14.0,"enemies":"Snake Plant","floor":28.0,"turns":4.0},{"damage":18.0,"enemies":"3 Cultists","floor":31.0,"turns":5.0},{"damage":78.0,"enemies":"Automaton","floor":33.0,"turns":14.0},{"damage":12.0,"enemies":"3 Shapes","floor":35.0,"turns":6.0},{"damage":0.0,"enemies":"Orb Walker","floor":36.0,"turns":2.0},{"damage":23.0,"enemies":"Sphere and 2 Shapes","floor":38.0,"turns":6.0},{"damage":0.0,"enemies":"3 Darklings","floor":39.0,"turns":6.0},{"damage":2.0,"enemies":"Jaw Worm Horde","floor":41.0,"turns":3.0},{"damage":0.0,"enemies":"Mind Bloom Boss Battle","floor":42.0,"turns":6.0},{"damage":29.0,"enemies":"Writhing Mass","floor":44.0,"turns":6.0},{"damage":14.0,"enemies":"4 Shapes","floor":45.0,"turns":5.0},{"damage":53.0,"enemies":"Nemesis","floor":47.0,"turns":9.0},{"damage":0.0,"enemies":"Jaw Worm Horde","floor":48.0,"turns":2.0},{"damage":95,"enemies":"Awakened One","floor":50,"turns":10}],"seed_played":"6650696928709835085","potions_obtained":[{"floor":2.0,"key":"Strength Potion"},{"floor":2.0,"key":"SmokeBomb"},{"floor":5.0,"key":"Strength Potion"},{"floor":8.0,"key":"SteroidPotion"},{"floor":10.0,"key":"FearPotion"},{"floor":13.0,"key":"SkillPotion"}],"is_trial":false,"path_per_floor":["M","?","$","M","M","R","E","M","T","M","?","R","M","$","R","B",null,"M","?","M","M","M","R","E","?","T","M","M","?","?","M","R","B",null,"M","M","$","M","M","R","M","?","T","M","M","$","E","M","R","B"],"character_chosen":"IRONCLAD","items_purchased":["Lee\u0027s Waffle","Ancient Tea Set","Immolate","Havoc"],"campfire_rested":2,"item_purchase_floors":[37,46,46,46],"current_hp_per_floor":[80,80,80,80,80,80,65,71,71,75,75,75,72,72,72,29,87,78,78,83,62,77,77,62,62,62,49,51,51,51,61,87,30,87,81,87,94,77,94,94,94,108,108,97,100,100,53,59,91,0],"gold":71,"neow_bonus":"RANDOM_COMMON_RELIC","is_prod":false,"is_daily":false,"chose_seed":false,"campfire_upgraded":4,"win_rate":0,"timestamp":1543056665,"path_taken":["M","?","?","M","M","R","E","M","T","M","?","R","?","$","R","BOSS","M","?","M","M","M","R","E","?","T","M","?","?","?","M","R","BOSS","M","M","$","M","M","R","?","?","T","M","M","$","E","M","R","BOSS"],"build_version":"2018-11-15","purchased_purges":3,"victory":false,"max_hp_per_floor":[80,80,80,80,80,80,87,87,87,87,87,87,87,87,87,87,87,87,87,87,87,87,87,87,87,87,87,87,87,87,87,87,87,87,87,87,94,94,94,94,94,108,108,108,108,108,108,108,108,108],"card_choices":[{"not_picked":["Wild Strike","Perfected Strike"],"picked":"Flame Barrier","floor":1.0},{"not_picked":["Headbutt","Feel No Pain"],"picked":"Shrug It Off","floor":4.0},{"not_picked":["Sword Boomerang","Shrug It Off"],"picked":"Armaments","floor":5.0},{"not_picked":["Armaments","Clash","Wild Strike"],"picked":"SKIP","floor":7.0},{"not_picked":["Perfected Strike","Iron Wave","Blood for Blood"],"picked":"SKIP","floor":8.0},{"not_picked":["Armaments","Pummel","Anger"],"picked":"SKIP","floor":10.0},{"not_picked":["Uppercut","Cleave"],"picked":"Inflame","floor":13.0},{"not_picked":["Berserk","Impervious"],"picked":"Reaper","floor":16.0},{"not_picked":["Warcry","Wild Strike","Thunderclap"],"picked":"SKIP","floor":18.0},{"not_picked":["Sentinel+1","Dual Wield","Pommel Strike"],"picked":"SKIP","floor":20.0},{"not_picked":["Wild Strike","Clash+1","Dropkick"],"picked":"SKIP","floor":21.0},{"not_picked":["Intimidate","Pommel Strike"],"picked":"Spot Weakness","floor":22.0},{"not_picked":["Shrug It Off","Flame Barrier","Wild Strike"],"picked":"SKIP","floor":24.0},{"not_picked":["Sever Soul","Havoc","Clash+1"],"picked":"SKIP","floor":27.0},{"not_picked":["Entrench","Rupture+1"],"picked":"Carnage+1","floor":28.0},{"not_picked":["Wild Strike","Blood for Blood"],"picked":"Flex+1","floor":31.0},{"not_picked":["Barricade","Immolate"],"picked":"Double Tap","floor":33.0},{"not_picked":["True Grit","Heavy Blade+1"],"picked":"Shockwave+1","floor":35.0},{"not_picked":["Flex","Perfected Strike"],"picked":"Feel No Pain+1","floor":36.0},{"not_picked":["Clash","Flex+1"],"picked":"Uppercut+1","floor":38.0},{"not_picked":["Flex+1","Headbutt+1","True Grit"],"picked":"SKIP","floor":39.0},{"not_picked":["Dark Embrace","Armaments"],"picked":"Iron Wave+1","floor":42.0},{"not_picked":["Havoc","Clothesline"],"picked":"Thunderclap+1","floor":44.0},{"not_picked":["Anger","Thunderclap+1"],"picked":"Carnage+1","floor":45.0},{"not_picked":["Fire Breathing","Power Through"],"picked":"Offering","floor":47.0},{"not_picked":["Clash+1","Headbutt","Reckless Charge+1"],"picked":"SKIP","floor":48.0}],"player_experience":181816,"relics_obtained":[{"floor":7.0,"key":"Strawberry"},{"floor":9.0,"key":"PreservedInsect"},{"floor":24.0,"key":"Self Forming Clay"},{"floor":34.0,"key":"Anchor"},{"floor":34.0,"key":"Letter Opener"},{"floor":34.0,"key":"Dead Branch"},{"floor":42.0,"key":"Mango"},{"floor":43.0,"key":"Mummified Hand"},{"floor":47.0,"key":"Oddly Smooth Stone"}],"event_choices":[{"damage_healed":0.0,"max_hp_gain":0.0,"max_hp_loss":0.0,"gold_gain":0.0,"event_name":"The Woman in Blue","player_choice":"Bought 2 Potions","floor":2.0,"gold_loss":0.0,"damage_taken":0.0},{"damage_healed":0.0,"max_hp_gain":0.0,"max_hp_loss":0.0,"gold_gain":0.0,"event_name":"Golden Idol","player_choice":"Take Wound","floor":11.0,"gold_loss":0.0,"damage_taken":0.0,"relics_obtained":["Golden Idol"],"cards_obtained":["Injury"]},{"damage_healed":0.0,"max_hp_gain":0.0,"max_hp_loss":0.0,"gold_gain":0.0,"event_name":"Back to Basics","player_choice":"Simplicity","floor":19.0,"gold_loss":0.0,"damage_taken":0.0,"cards_upgraded":["Strike_R","Strike_R","Defend_R","Defend_R","Defend_R","Defend_R"]},{"damage_healed":0.0,"max_hp_gain":0.0,"max_hp_loss":0.0,"gold_gain":0.0,"cards_transformed":["Defend_R"],"event_name":"Transmorgrifier","player_choice":"Transformed","floor":25.0,"gold_loss":0.0,"damage_taken":0.0,"cards_obtained":["Impervious"]},{"damage_healed":0.0,"max_hp_gain":0.0,"max_hp_loss":0.0,"gold_gain":0.0,"event_name":"Vampires","player_choice":"Ignored","floor":29.0,"gold_loss":0.0,"damage_taken":0.0},{"damage_healed":0.0,"max_hp_gain":0.0,"max_hp_loss":0.0,"gold_gain":0.0,"event_name":"N\u0027loth","player_choice":"Traded Relic","floor":30.0,"relics_lost":["PreservedInsect"],"gold_loss":0.0,"damage_taken":0.0,"relics_obtained":["Nloth\u0027s Gift"]},{"damage_healed":0.0,"max_hp_gain":0.0,"max_hp_loss":0.0,"gold_gain":0.0,"event_name":"MindBloom","player_choice":"Fight","floor":42.0,"gold_loss":0.0,"damage_taken":0.0}],"is_beta":false,"boss_relics":[{"not_picked":["Cursed Key","Lizard Tail"],"picked":"Sozu"},{"not_picked":["White Beast Statue","Fusion Hammer"],"picked":"Calling Bell"}],"items_purged_floors":[3,14,37],"is_endless":false,"potions_floor_spawned":[5,8,10,13,20,22,27,33,36,38,44,47],"killed_by":"Awakened One","ascension_level":0}