{"gold_per_floor":[118,138,63,74,85,85,150,161,207,218,218,143,20,37,37,37],"floor_reached":16,"playtime":594,"items_purged":["Strike_R"],"score":182,"play_id":"85e54e78-08d7-4d0d-992c-a3ad64c26198","local_time":"20190309191802","is_ascension_mode":true,"campfire_choices":[{"data":"Bash","floor":6.0,"key":"SMITH"},{"data":"Whirlwind","floor":11.0,"key":"SMITH"},{"data":"Limit Break","floor":15.0,"key":"SMITH"}],"neow_cost":"TEN_PERCENT_HP_LOSS","seed_source_timestamp":43352890716210,"circlet_count":0,"master_deck":["AscendersBane","Strike_R","Strike_R","Strike_R","Defend_R","Defend_R+1","Defend_R+1","Defend_R","Bash+1","Feed","Thunderclap","Spot Weakness","True Grit","Flame Barrier","Whirlwind+1","Iron Wave","Limit Break+1","Shrug It Off"],"special_seed":0,"relics":["Burning Blood","Tiny Chest","War Paint"],"potions_floor_usage":[16,16],"damage_taken":[{"damage":3.0,"enemies":"Small Slimes","floor":1.0,"turns":4.0},{"damage":7.0,"enemies":"Jaw Worm","floor":2.0,"turns":3.0},{"damage":3.0,"enemies":"2 Louse","floor":4.0,"turns":3.0},{"damage":32.0,"enemies":"Exordium Thugs","floor":5.0,"turns":9.0},{"damage":22.0,"enemies":"Gremlin Nob","floor":7.0,"turns":4.0},{"damage":13.0,"enemies":"Blue Slaver","floor":8.0,"turns":6.0},{"damage":8.0,"enemies":"Red Slaver","floor":10.0,"turns":5.0},{"damage":9.0,"enemies":"2 Fungi Beasts","floor":14.0,"turns":4.0},{"damage":35,"enemies":"Slime Boss","floor":16,"turns":12}],"seed_played":"5738223304390957003","potions_obtained":[{"floor":1.0,"key":"Ancient Potion"},{"floor":2.0,"key":"Weak Potion"},{"floor":10.0,"key":"Explosive Potion"}],"is_trial":false,"path_per_floor":["M","M","$","M","M","R","E","M","T","M","R","?","$","M","R","B"],"character_chosen":"IRONCLAD","items_purchased":["Strength Potion","True Grit","Block Potion"],"campfire_rested":0,"item_purchase_floors":[3,3,13],"current_hp_per_floor":[71,73,73,77,54,54,38,34,34,32,32,32,32,29,29,0],"gold":37,"neow_bonus":"THREE_RARE_CARDS","is_prod":false,"is_daily":false,"chose_seed":false,"campfire_upgraded":3,"win_rate":0,"timestamp":1552187882,"path_taken":["M","M","$","M","M","R","E","M","T","M","R","?","$","M","R","BOSS"],"build_version":"2019-01-23","purchased_purges":1,"victory":false,"max_hp_per_floor":[71,74,74,77,80,80,80,83,83,83,83,83,83,83,83,83],"card_choices":[{"not_picked":["Fiend Fire","Offering"],"picked":"Feed","floor":0.0},{"not_picked":["Shockwave","Warcry"],"picked":"Thunderclap","floor":1.0},{"not_picked":["Fire Breathing","Feel No Pain"],"picked":"Spot Weakness","floor":2.0},{"not_picked":["Reckless Charge","Flex"],"picked":"Flame Barrier","floor":4.0},{"not_picked":["Flex","Headbutt"],"picked":"Whirlwind","floor":5.0},{"not_picked":["Sentinel","Clash","Rupture"],"picked":"SKIP","floor":7.0},{"not_picked":["Havoc","Flex"],"picked":"Iron Wave","floor":8.0},{"not_picked":["Rage","Whirlwind"],"picked":"Limit Break","floor":10.0},{"not_picked":["Sword Boomerang","Carnage"],"picked":"Shrug It Off","floor":14.0}],"player_experience":2335621,"relics_obtained":[{"floor":7.0,"key":"Tiny Chest"},{"floor":9.0,"key":"War Paint"}],"event_choices":[{"cards_removed":["Strike_R"],"damage_healed":0.0,"max_hp_gain":0.0,"max_hp_loss":0.0,"gold_gain":0.0,"event_name":"The Cleric","player_choice":"Card Removal","floor":12.0,"gold_loss":75.0,"damage_taken":0.0}],"is_beta":false,"boss_relics":[],"items_purged_floors":[13],"is_endless":false,"potions_floor_spawned":[1,2,10],"killed_by":"Slime Boss","ascension_level":15}