{"gold_per_floor":[109,122,122,122,138,138,167,167,167,181,214,179,179,79,79,179,179,196,216,216,216,234,234,35,35,58,68,68,87,103,115,115,211,211,227,244,257,257,83,97,97,97,97,97,122,122,122,122,122,122,122,122,23,56,56],"floor_reached":55,"playtime":4478,"items_purged":["Strike_R","Anger"],"score":737,"play_id":"4fc959be-5c79-45d2-9f20-22c1511943cc","local_time":"20181101034908","is_ascension_mode":false,"campfire_choices":[{"data":"Searing Blow","floor":6.0,"key":"SMITH"},{"floor":8.0,"key":"REST"},{"data":"Searing Blow+1","floor":13.0,"key":"SMITH"},{"data":"Searing Blow+2","floor":15.0,"key":"SMITH"},{"floor":23.0,"key":"RECALL"},{"data":"Searing Blow+3","floor":25.0,"key":"SMITH"},{"data":"Searing Blow+4","floor":32.0,"key":"SMITH"},{"data":"Limit Break","floor":41.0,"key":"SMITH"},{"data":"Searing Blow+5","floor":44.0,"key":"SMITH"},{"data":"Searing Blow+6","floor":47.0,"key":"SMITH"},{"data":"Searing Blow+7","floor":49.0,"key":"SMITH"},{"data":"Searing Blow+8","floor":52.0,"key":"SMITH"}],"neow_cost":"PERCENT_DAMAGE","seed_source_timestamp":920125353034109,"circlet_count":0,"master_deck":["Strike_R","Defend_R","Defend_R","Defend_R","Bash","Cleave","Searing Blow+9","Flex","Seeing Red","Double Tap","Armaments+1","Limit Break+1","Bludgeon+1","Brutality+1","Dark Embrace+1","Impervious","Seeing Red","Impervious","True Grit","True Grit+1","Limit Break","Armaments","Inflame","Sword Boomerang"],"special_seed":0,"relics":["Burning Blood","Self Forming Clay","Bag of Marbles","Astrolabe","DollysMirror","Boot","Mark of Pain","Mummified Hand","Calipers","Du-Vu Doll"],"potions_floor_usage":[55],"damage_taken":[{"damage":3.0,"enemies":"Small Slimes","floor":1.0,"turns":4.0},{"damage":8.0,"enemies":"Jaw Worm","floor":2.0,"turns":3.0},{"damage":0.0,"enemies":"2 Louse","floor":5.0,"turns":2.0},{"damage":53.0,"enemies":"Lagavulin","floor":7.0,"turns":7.0},{"damage":8.0,"enemies":"Gremlin Gang","floor":10.0,"turns":4.0},{"damage":25.0,"enemies":"Gremlin Nob","floor":11.0,"turns":4.0},{"damage":44.0,"enemies":"The Guardian","floor":16.0,"turns":10.0},{"damage":5.0,"enemies":"Spheric Guardian","floor":18.0,"turns":3.0},{"damage":20.0,"enemies":"3 Byrds","floor":19.0,"turns":4.0},{"damage":0.0,"enemies":"Centurion and Healer","floor":21.0,"turns":1.0},{"damage":8.0,"enemies":"Sentry and Sphere","floor":22.0,"turns":4.0},{"damage":5.0,"enemies":"Snecko","floor":27.0,"turns":4.0},{"damage":9.0,"enemies":"3 Cultists","floor":29.0,"turns":5.0},{"damage":30.0,"enemies":"Centurion and Healer","floor":30.0,"turns":4.0},{"damage":9.0,"enemies":"Snake Plant","floor":31.0,"turns":3.0},{"damage":48.0,"enemies":"Champ","floor":33.0,"turns":11.0},{"damage":1.0,"enemies":"Orb Walker","floor":35.0,"turns":2.0},{"damage":4.0,"enemies":"3 Shapes","floor":36.0,"turns":5.0},{"damage":19.0,"enemies":"Sphere and 2 Shapes","floor":37.0,"turns":6.0},{"damage":6.0,"enemies":"Maw","floor":40.0,"turns":6.0},{"damage":39.0,"enemies":"Nemesis","floor":45.0,"turns":10.0},{"damage":41.0,"enemies":"Donu and Deca","floor":50.0,"turns":9.0},{"damage":71.0,"enemies":"Shield and Spear","floor":54.0,"turns":8.0},{"damage":42,"enemies":"The Heart","floor":55,"turns":3}],"seed_played":"-1293336603177746875","potions_obtained":[{"floor":2.0,"key":"Swift Potion"},{"floor":7.0,"key":"Fruit Juice"},{"floor":10.0,"key":"GamblersBrew"},{"floor":16.0,"key":"Fruit Juice"},{"floor":18.0,"key":"Strength Potion"},{"floor":20.0,"key":"Energy Potion"},{"floor":20.0,"key":"SmokeBomb"},{"floor":27.0,"key":"Energy Potion"},{"floor":31.0,"key":"Energy Potion"},{"floor":36.0,"key":"Regen Potion"},{"floor":45.0,"key":"Energy Potion"}],"is_trial":false,"path_per_floor":["M","M","?","?","M","R","E","R","T","M","E","?","R","$","R","B",null,"M","M","?","M","M","R","$","R","T","M","$","M","M","M","R","B",null,"M","M","M","?","$","M","R","?","T","R","E","$","R","$","R","B",null,"R","$","E","B"],"character_chosen":"IRONCLAD","items_purchased":["Armaments","DollysMirror","Inflame","SteroidPotion","Strength Potion"],"campfire_rested":1,"item_purchase_floors":[14,24,39,53,53],"current_hp_per_floor":[75,73,66,66,72,72,30,60,60,58,39,64,64,64,64,31,106,106,92,92,98,96,96,96,96,96,97,97,94,70,67,67,25,106,106,106,98,98,98,98,98,98,98,98,65,65,65,65,65,30,106,106,106,41,0],"gold":56,"neow_bonus":"TWENTY_PERCENT_HP_BONUS","is_prod":false,"is_daily":false,"chose_seed":false,"campfire_upgraded":10,"win_rate":0,"timestamp":1541040548,"path_taken":["M","M","?","?","M","R","E","R","T","M","E","?","R","$","R","BOSS","M","M","?","?","?","R","?","R","T","M","$","M","M","M","R","BOSS","M","M","M","?","?","M","R","?","T","R","E","$","R","?","R","BOSS","R","$","E","BOSS"],"build_version":"2018-10-30","purchased_purges":2,"victory":false,"max_hp_per_floor":[96,96,96,96,96,96,101,101,101,101,101,101,101,101,101,106,106,106,106,106,106,106,106,106,106,106,106,106,106,106,106,106,106,106,106,106,106,106,106,106,106,106,106,106,106,106,106,106,106,106,106,106,106,106,106],"card_choices":[{"not_picked":["Hemokinesis","Havoc"],"picked":"Cleave","floor":1.0},{"not_picked":["Intimidate","Iron Wave"],"picked":"Searing Blow","floor":2.0},{"not_picked":["Bloodletting","Cleave"],"picked":"Flex","floor":5.0},{"not_picked":["Thunderclap","Feel No Pain"],"picked":"Anger","floor":7.0},{"not_picked":["Wild Strike","Dropkick"],"picked":"Seeing Red","floor":10.0},{"not_picked":["Evolve","Cleave"],"picked":"Double Tap","floor":11.0},{"not_picked":["Dark Embrace","Juggernaut"],"picked":"Limit Break","floor":16.0},{"not_picked":["Clash","Combust","Power Through"],"picked":"SKIP","floor":18.0},{"not_picked":["Havoc","Clash"],"picked":"Impervious","floor":19.0},{"not_picked":["Rampage","Clash"],"picked":"Seeing Red","floor":22.0},{"not_picked":["Anger","Perfected Strike","Havoc"],"picked":"SKIP","floor":27.0},{"not_picked":["Rampage","Shrug It Off","Cleave+1"],"picked":"SKIP","floor":29.0},{"not_picked":["Thunderclap","Clash"],"picked":"True Grit","floor":30.0},{"not_picked":["Thunderclap","Sword Boomerang"],"picked":"True Grit+1","floor":31.0},{"not_picked":["Immolate","Bludgeon"],"picked":"Limit Break","floor":33.0},{"not_picked":["Heavy Blade+1","Fire Breathing","Hemokinesis"],"picked":"SKIP","floor":35.0},{"not_picked":["Clothesline","Thunderclap","Metallicize"],"picked":"SKIP","floor":36.0},{"not_picked":["Sword Boomerang","Rage+1"],"picked":"Armaments","floor":37.0},{"not_picked":["Uppercut","Entrench","Feed"],"picked":"SKIP","floor":40.0},{"not_picked":["Pummel","Clash","Wild Strike"],"picked":"SKIP","floor":45.0},{"not_picked":["Perfected Strike","Uppercut","Sword Boomerang"],"picked":"SKIP","floor":54.0},{"not_picked":["Perfected Strike","Uppercut"],"picked":"Sword Boomerang","floor":54.0}],"player_experience":235888,"relics_obtained":[{"floor":7.0,"key":"Self Forming Clay"},{"floor":11.0,"key":"Bag of Marbles"},{"floor":26.0,"key":"Boot"},{"floor":43.0,"key":"Mummified Hand"},{"floor":45.0,"key":"Calipers"},{"floor":54.0,"key":"Du-Vu Doll"}],"event_choices":[{"cards_removed":["Strike_R"],"damage_healed":0.0,"max_hp_gain":0.0,"max_hp_loss":0.0,"gold_gain":0.0,"event_name":"Golden Wing","player_choice":"Card Removal","floor":3.0,"gold_loss":0.0,"damage_taken":7.0},{"damage_healed":0.0,"max_hp_gain":0.0,"max_hp_loss":0.0,"gold_gain":0.0,"event_name":"Golden Idol","player_choice":"Ignored","floor":4.0,"gold_loss":0.0,"damage_taken":0.0},{"damage_healed":25.0,"max_hp_gain":0.0,"max_hp_loss":0.0,"gold_gain":0.0,"event_name":"The Cleric","player_choice":"Healed","floor":12.0,"gold_loss":35.0,"damage_taken":0.0},{"damage_healed":0.0,"max_hp_gain":0.0,"max_hp_loss":0.0,"gold_gain":0.0,"event_name":"Lab","player_choice":"Got Potions","floor":20.0,"gold_loss":0.0,"damage_taken":0.0},{"damage_healed":0.0,"max_hp_gain":0.0,"max_hp_loss":0.0,"gold_gain":0.0,"event_name":"Upgrade Shrine","player_choice":"Upgraded","floor":38.0,"gold_loss":0.0,"damage_taken":0.0,"cards_upgraded":["Armaments"]},{"damage_healed":0.0,"max_hp_gain":0.0,"max_hp_loss":0.0,"gold_gain":0.0,"event_name":"Tomb of Lord Red Mask","player_choice":"Ignored","floor":42.0,"gold_loss":0.0,"damage_taken":0.0}],"is_beta":true,"boss_relics":[{"not_picked":["Fusion Hammer","Coffee Dripper"],"picked":"Astrolabe"},{"not_picked":["Black Star","Busted Crown"],"picked":"Mark of Pain"}],"items_purged_floors":[14,39],"is_endless":false,"potions_floor_spawned":[2,7,10,16,18,21,27,31,36,45],"killed_by":"The Heart","ascension_level":0}