{"gold_per_floor":[113,129,142,217,217,217,242,242,242,271,271,291,318,331,331,405,405,422,450,450,81,81,81],"floor_reached":23,"playtime":922,"items_purged":[],"score":614,"play_id":"9ad51888-e855-4d88-9b71-7c32e34a3ff8","local_time":"20181204222742","daily_mods":["SealedDeck","DeadlyEvents"],"is_ascension_mode":true,"campfire_choices":[{"data":"Bouncing Flask","floor":6,"key":"SMITH"},{"data":"Footwork","floor":8,"key":"SMITH"},{"data":"Deadly Poison","floor":15,"key":"SMITH"}],"neow_cost":"","seed_source_timestamp":0,"circlet_count":0,"master_deck":["AscendersBane","Dodge and Roll","Poisoned Stab","Dodge and Roll","Catalyst+1","Deadly Poison","Footwork+1","Dodge and Roll","Escape Plan","Bouncing Flask+1","Deadly Poison+1","PiercingWail","Malaise","Well Laid Plans+1","Prepared","Leg Sweep"],"relics":["Ring of the Snake","Pear","Frozen Egg 2","Ancient Tea Set","Happy Flower","Orrery","Red Mask","FossilizedHelix","MutagenicStrength"],"potions_floor_usage":[19,19,23],"damage_taken":[{"damage":0,"enemies":"Cultist","floor":1,"turns":2},{"damage":2,"enemies":"Small Slimes","floor":2,"turns":4},{"damage":0,"enemies":"Jaw Worm","floor":3,"turns":3},{"damage":0,"enemies":"Gremlin Nob","floor":7,"turns":2},{"damage":7,"enemies":"Lagavulin","floor":10,"turns":4},{"damage":8,"enemies":"3 Louse","floor":12,"turns":4},{"damage":11,"enemies":"Gremlin Nob","floor":13,"turns":3},{"damage":0,"enemies":"2 Fungi Beasts","floor":14,"turns":3},{"damage":0,"enemies":"The Guardian","floor":16,"turns":5},{"damage":2,"enemies":"2 Thieves","floor":18,"turns":5},{"damage":18,"enemies":"Masked Bandits","floor":19,"turns":5},{"damage":53,"enemies":"Slavers","floor":23,"turns":4}],"seed_played":"-1563700524562603259","potions_obtained":[{"floor":1,"key":"FearPotion"},{"floor":10,"key":"FearPotion"},{"floor":13,"key":"Explosive Potion"},{"floor":14,"key":"Fire Potion"}],"is_trial":true,"path_per_floor":["M","M","M","?","?","R","E","R","T","E","$","M","E","M","R","B",null,"M","?","?","$","?","E"],"character_chosen":"THE_SILENT","items_purchased":["FossilizedHelix","Block Potion"],"campfire_rested":0,"item_purchase_floors":[21,21],"current_hp_per_floor":[59,57,57,46,46,46,56,56,56,49,49,41,30,30,30,30,65,63,45,45,45,45,0],"gold":81,"neow_bonus":"","is_prod":false,"is_daily":false,"chose_seed":false,"campfire_upgraded":3,"win_rate":0,"timestamp":1543991262,"path_taken":["M","M","M","?","?","R","E","R","T","E","$","M","E","M","R","BOSS","M","?","?","$","?","E"],"build_version":"2018-11-15","purchased_purges":0,"victory":false,"max_hp_per_floor":[66,66,66,66,66,66,76,76,76,76,76,76,76,76,76,76,76,76,76,76,76,76,76],"card_choices":[{"not_picked":["Heel Hook","Choke","Blade Dance"],"picked":"SKIP","floor":1},{"not_picked":["Cloak And Dagger","Blade Dance","Bane"],"picked":"SKIP","floor":2},{"not_picked":["Acrobatics","Slice","Quick Slash"],"picked":"SKIP","floor":3},{"not_picked":["Sucker Punch","Acrobatics","Caltrops"],"picked":"SKIP","floor":7},{"not_picked":["Infinite Blades+1","Finisher"],"picked":"PiercingWail","floor":10},{"not_picked":["Flechettes","Predator","Concentrate"],"picked":"SKIP","floor":12},{"not_picked":["Quick Slash","All Out Attack","Doppelganger"],"picked":"SKIP","floor":13},{"not_picked":["Acrobatics","Cloak And Dagger","Slice"],"picked":"SKIP","floor":14},{"not_picked":["A Thousand Cuts+1","Glass Knife"],"picked":"Malaise","floor":16},{"not_picked":["Blade Dance","Deflect"],"picked":"Well Laid Plans+1","floor":17},{"not_picked":["Tools of the Trade+1","Acrobatics"],"picked":"Prepared","floor":17},{"not_picked":["Backflip","Underhanded Strike"],"picked":"Leg Sweep","floor":17},{"not_picked":["Endless Agony","Flechettes","Deadly Poison"],"picked":"SKIP","floor":18}],"player_experience":1726567,"relics_obtained":[{"floor":7,"key":"Pear"},{"floor":9,"key":"Frozen Egg 2"},{"floor":10,"key":"Ancient Tea Set"},{"floor":13,"key":"Happy Flower"},{"floor":19,"key":"Red Mask"}],"event_choices":[{"damage_healed":0,"gold_gain":75,"player_choice":"Gather Gold","damage_taken":11,"max_hp_gain":0,"max_hp_loss":0,"event_name":"World of Goop","floor":4,"gold_loss":0},{"damage_healed":0,"gold_gain":0,"player_choice":"Grow","damage_taken":0,"max_hp_gain":0,"max_hp_loss":0,"event_name":"Living Wall","floor":5,"gold_loss":0,"cards_upgraded":["Catalyst"]},{"damage_healed":0,"gold_gain":0,"player_choice":"Fought Bandits","damage_taken":0,"max_hp_gain":0,"max_hp_loss":0,"event_name":"Masked Bandits","floor":19,"gold_loss":0},{"damage_healed":0,"gold_gain":0,"player_choice":"Ignored","damage_taken":0,"max_hp_gain":0,"max_hp_loss":0,"event_name":"Cursed Tome","floor":20,"gold_loss":0},{"damage_healed":0,"gold_gain":0,"player_choice":"Inject Mutagens","damage_taken":0,"relics_obtained":["MutagenicStrength"],"max_hp_gain":0,"max_hp_loss":0,"event_name":"Drug Dealer","floor":22,"gold_loss":0}],"is_beta":false,"boss_relics":[{"not_picked":["HoveringKite","WristBlade"],"picked":"Orrery"}],"items_purged_floors":[],"is_endless":false,"potions_floor_spawned":[1,10,12,13,14,18],"killed_by":"Slavers","ascension_level":20}