{"gold_per_floor":[119,294,294,313,19,48,48,59,59,75,94,34,34,44,44,142,142,162,212,224,224,108,108],"floor_reached":23,"playtime":1904,"items_purged":["Doubt"],"score":201,"play_id":"492b22a3-8781-428a-8e8d-85eb31de4beb","local_time":"20181029185218","is_ascension_mode":true,"campfire_choices":[{"data":"Bash","floor":7,"key":"SMITH"},{"data":"Inflame","floor":15,"key":"SMITH"}],"neow_cost":"NONE","seed_source_timestamp":1314021033210018,"circlet_count":0,"master_deck":["Strike_R","Strike_R","Strike_R","Strike_R","Strike_R","Defend_R","Defend_R","Defend_R","Defend_R","Bash+1","Headbutt","Body Slam","Shrug It Off","Whirlwind","Pommel Strike","Iron Wave","Inflame+1","Barricade","Shrug It Off"],"relics":["Burning Blood","Matryoshka","Pantograph","Question Card","The Courier","Busted Crown","Nilry\u0027s Codex","Oddly Smooth Stone"],"potions_floor_usage":[16,16,16,20],"damage_taken":[{"damage":5,"enemies":"Small Slimes","floor":1,"turns":4},{"damage":0,"enemies":"2 Louse","floor":4,"turns":3},{"damage":54,"enemies":"3 Sentries","floor":6,"turns":14},{"damage":2,"enemies":"Cultist","floor":8,"turns":4},{"damage":13,"enemies":"2 Fungi Beasts","floor":10,"turns":3},{"damage":5,"enemies":"Looter","floor":11,"turns":3},{"damage":7,"enemies":"3 Louse","floor":14,"turns":3},{"damage":38,"enemies":"Slime Boss","floor":16,"turns":10},{"damage":27,"enemies":"Spheric Guardian","floor":18,"turns":6},{"damage":13,"enemies":"3 Byrds","floor":20,"turns":3},{"damage":39,"enemies":"Slavers","floor":23,"turns":4}],"seed_played":"6874151458174691868","potions_obtained":[{"floor":6,"key":"Energy Potion"},{"floor":10,"key":"Energy Potion"},{"floor":14,"key":"Fire Potion"},{"floor":16,"key":"LiquidBronze"}],"is_trial":false,"path_per_floor":["M","?","?","M","$","E","R","M","T","M","M","$","?","M","R","B",null,"M","?","M","?","$"],"character_chosen":"IRONCLAD","items_purchased":["Matryoshka","Shrug It Off","Oddly Smooth Stone"],"campfire_rested":0,"item_purchase_floors":[5,5,22],"current_hp_per_floor":[88,88,93,93,93,45,45,49,49,42,43,43,43,42,42,35,93,72,72,65,49,49,10],"gold":108,"neow_bonus":"TEN_PERCENT_HP_BONUS","is_prod":false,"is_daily":false,"chose_seed":false,"campfire_upgraded":2,"win_rate":0,"timestamp":1540853538,"path_taken":["M","?","?","M","$","E","R","M","T","M","M","$","?","M","R","BOSS","M","?","M","?","$","E"],"build_version":"2018-10-25v2","purchased_purges":1,"victory":false,"max_hp_per_floor":[88,88,93,93,93,93,93,93,93,93,93,93,93,93,93,93,93,93,93,93,93,93,93],"card_choices":[{"not_picked":["Warcry","Thunderclap"],"picked":"Headbutt","floor":1},{"not_picked":["Perfected Strike","Pommel Strike"],"picked":"Body Slam","floor":4},{"not_picked":["Headbutt","Uppercut"],"picked":"Whirlwind","floor":6},{"not_picked":["Headbutt","Twin Strike"],"picked":"Pommel Strike","floor":8},{"not_picked":["Reckless Charge","Headbutt","Body Slam"],"picked":"Iron Wave","floor":10},{"not_picked":["Whirlwind","Headbutt","Flex","Shockwave"],"picked":"SKIP","floor":11},{"not_picked":["Warcry","Clothesline","Ghostly Armor","Perfected Strike"],"picked":"SKIP","floor":14},{"not_picked":["Juggernaut","Brutality","Offering"],"picked":"Barricade","floor":16},{"not_picked":["Power Through+1"],"picked":"Shrug It Off","floor":18},{"not_picked":["True Grit","Anger"],"picked":"SKIP","floor":20}],"player_experience":85377,"relics_obtained":[{"floor":6,"key":"Pantograph"},{"floor":9,"key":"Question Card"},{"floor":9,"key":"The Courier"},{"floor":21,"key":"Nilry\u0027s Codex"}],"event_choices":[{"damage_healed":0,"gold_gain":175,"player_choice":"AGREE","damage_taken":0,"max_hp_gain":0,"max_hp_loss":0,"event_name":"Liars Game","floor":2,"gold_loss":0,"cards_obtained":["Doubt"]},{"damage_healed":0,"gold_gain":0,"player_choice":"Donut","damage_taken":0,"max_hp_gain":5,"max_hp_loss":0,"event_name":"Big Fish","floor":3,"gold_loss":0},{"damage_healed":0,"gold_gain":0,"player_choice":"1 cards matched","damage_taken":0,"max_hp_gain":0,"max_hp_loss":0,"event_name":"Match and Keep!","floor":13,"gold_loss":0,"cards_obtained":["Inflame"]},{"damage_healed":0,"gold_gain":100,"player_choice":"Bet on Murderer","damage_taken":0,"max_hp_gain":0,"max_hp_loss":0,"event_name":"The Joust","floor":19,"gold_loss":50},{"damage_healed":0,"gold_gain":0,"player_choice":"Obtained Book","damage_taken":16,"max_hp_gain":0,"max_hp_loss":0,"event_name":"Cursed Tome","floor":21,"gold_loss":0}],"is_beta":false,"boss_relics":[{"not_picked":["Eternal Feather","Runic Dome"],"picked":"Busted Crown"}],"items_purged_floors":[12],"is_endless":false,"potions_floor_spawned":[6,10,14,16],"killed_by":"Slavers","ascension_level":1}