{"gold_per_floor":[110,124,143,143,156,188,188,221,221,233,247,266,266,6,6,104,104,104,44,44,44,44,44,44,44,44,44,44,44,44,44,44,44,44,44,0,0,0,0,0,0,0,0,0,0,0,0,0,0,0],"floor_reached":51,"playtime":7598,"items_purged":[],"score":797,"play_id":"773b9dce-644e-4a3e-8b2a-608781108f9b","local_time":"20190503170238","is_ascension_mode":false,"campfire_choices":[{"data":"Scrape","floor":7,"key":"SMITH"},{"floor":15,"key":"REST"},{"floor":23,"key":"REST"},{"data":"Dualcast","floor":32,"key":"SMITH"},{"data":"Zap","floor":42,"key":"SMITH"},{"floor":49,"key":"REST"}],"neow_cost":"NONE","seed_source_timestamp":1196511124250949,"circlet_count":0,"master_deck":["Defend_B","Defend_B","Defend_B","Zap+1","Dualcast+1","Glacier","BootSequence","Scrape+1","Rainbow","Doom and Gloom","Ball Lightning","Steam","Rainbow","Scrape","Blizzard","FTL","Scrape","Jack Of All Trades","All For One","Rainbow","Chill+1","Consume","Creative AI","Redo+1","Beam Cell","Biased Cognition","Compile Driver+1","Gash","Bite","Bite","Bite","Bite","Bite","Electrodynamics","Chaos","Biased Cognition","Beam Cell","Coolheaded+1","Amplify","Madness","Madness","Rainbow","Go for the Eyes","Reboot","Panache","Chrysalis","Panache","Loop+1","White Noise+1"],"relics":["Cracked Core","Regal Pillow","Boot","Ectoplasm","Nloth\u0027s Gift","FossilizedHelix","Gremlin Horn","Lizard Tail","Red Mask","Ginger","Juzu Bracelet","Gambling Chip","Peace Pipe","Bag of Marbles"],"potions_floor_usage":[33,33,40,40,45,50],"damage_taken":[{"damage":7,"enemies":"2 Louse","floor":1,"turns":2},{"damage":1,"enemies":"Cultist","floor":2,"turns":3},{"damage":0,"enemies":"Small Slimes","floor":3,"turns":3},{"damage":4,"enemies":"Exordium Thugs","floor":5,"turns":3},{"damage":28,"enemies":"Gremlin Nob","floor":6,"turns":5},{"damage":23,"enemies":"3 Sentries","floor":8,"turns":7},{"damage":8,"enemies":"Exordium Wildlife","floor":10,"turns":3},{"damage":0,"enemies":"Lots of Slimes","floor":11,"turns":2},{"damage":0,"enemies":"Large Slime","floor":12,"turns":4},{"damage":45,"enemies":"The Guardian","floor":16,"turns":12},{"damage":0,"enemies":"Spheric Guardian","floor":18,"turns":3},{"damage":4,"enemies":"2 Thieves","floor":19,"turns":4},{"damage":0,"enemies":"Centurion and Healer","floor":21,"turns":8},{"damage":32,"enemies":"3 Cultists","floor":22,"turns":7},{"damage":31,"enemies":"Book of Stabbing","floor":24,"turns":6},{"damage":1,"enemies":"Shelled Parasite and Fungi","floor":25,"turns":5},{"damage":7,"enemies":"Centurion and Healer","floor":27,"turns":6},{"damage":0,"enemies":"Snecko","floor":28,"turns":4},{"damage":0,"enemies":"Cultist and Chosen","floor":30,"turns":4},{"damage":15,"enemies":"Shelled Parasite and Fungi","floor":31,"turns":5},{"damage":16,"enemies":"Collector","floor":33,"turns":8},{"damage":0,"enemies":"3 Darklings","floor":35,"turns":4},{"damage":0,"enemies":"3 Shapes","floor":37,"turns":3},{"damage":21,"enemies":"2 Orb Walkers","floor":38,"turns":5},{"damage":0,"enemies":"Nemesis","floor":40,"turns":6},{"damage":0,"enemies":"Jaw Worm Horde","floor":41,"turns":4},{"damage":31,"enemies":"Giant Head","floor":44,"turns":8},{"damage":0,"enemies":"4 Shapes","floor":47,"turns":3},{"damage":0,"enemies":"Writhing Mass","floor":48,"turns":4},{"damage":105,"enemies":"Time Eater","floor":50,"turns":10}],"seed_played":"8958238080649761120","potions_obtained":[{"floor":1,"key":"Dexterity Potion"},{"floor":5,"key":"AttackPotion"},{"floor":10,"key":"GamblersBrew"},{"floor":12,"key":"PowerPotion"},{"floor":18,"key":"Regen Potion"},{"floor":21,"key":"EssenceOfSteel"},{"floor":37,"key":"EssenceOfSteel"},{"floor":40,"key":"Regen Potion"},{"floor":41,"key":"Fruit Juice"},{"floor":44,"key":"Explosive Potion"}],"is_trial":false,"path_per_floor":["M","M","M","?","M","E","R","E","T","M","M","M","?","$","R","B",null,"M","M","?","M","M","R","E","M","T","M","M","?","M","M","R","B",null,"M","?","M","?","?","E","M","R","T","E","T","?","M","M","R","B",null],"character_chosen":"DEFECT","items_purchased":["Scrape","Jack Of All Trades","All For One"],"campfire_rested":3,"item_purchase_floors":[14,14,14],"current_hp_per_floor":[75,74,74,74,70,42,42,19,19,11,11,11,11,11,50,5,82,82,78,78,78,46,82,51,50,50,43,43,43,49,46,46,40,57,57,57,57,42,35,55,57,57,57,30,35,25,25,33,62,35],"gold":0,"neow_bonus":"TEN_PERCENT_HP_BONUS","is_prod":false,"is_daily":false,"chose_seed":false,"campfire_upgraded":3,"win_rate":0.0,"timestamp":1556895758,"path_taken":["M","M","M","?","M","E","R","E","T","M","M","?","?","?","R","BOSS","M","M","?","?","M","R","E","M","T","M","M","?","M","M","R","BOSS","M","?","M","?","?","E","M","R","T","E","?","?","M","M","R","BOSS"],"build_version":"2019-01-23","purchased_purges":0,"victory":true,"max_hp_per_floor":[82,82,82,82,82,82,82,82,82,82,82,82,82,82,82,82,82,82,82,82,82,82,82,82,82,82,82,82,57,57,57,57,57,57,57,57,57,57,57,57,57,57,57,57,62,62,62,62,62,62],"card_choices":[{"not_picked":["Reprogram","Barrage"],"picked":"Glacier","floor":1},{"not_picked":["Beam Cell","Stack"],"picked":"BootSequence","floor":2},{"not_picked":["Reinforced Body","Coolheaded"],"picked":"Scrape","floor":3},{"not_picked":["Gash","Go for the Eyes"],"picked":"Doom and Gloom","floor":5},{"not_picked":["Barrage","Streamline"],"picked":"Ball Lightning","floor":6},{"not_picked":["Ball Lightning","Beam Cell"],"picked":"Steam","floor":8},{"not_picked":["Coolheaded","Go for the Eyes"],"picked":"Rainbow","floor":10},{"not_picked":["Barrage","Conserve Battery"],"picked":"Scrape","floor":11},{"not_picked":["Glacier","Redo"],"picked":"Blizzard","floor":12},{"not_picked":["Buffer","Seek"],"picked":"Rainbow","floor":16},{"not_picked":["Ball Lightning","Beam Cell"],"picked":"Chill+1","floor":18},{"not_picked":["Doom and Gloom","Barrage"],"picked":"Consume","floor":19},{"not_picked":["Capacitor","Leap"],"picked":"Creative AI","floor":21},{"not_picked":["Blizzard","Chill"],"picked":"Redo+1","floor":22},{"not_picked":["Conserve Battery","Streamline"],"picked":"Beam Cell","floor":24},{"not_picked":["Auto Shields","Coolheaded"],"picked":"Biased Cognition","floor":25},{"not_picked":["Streamline","Conserve Battery"],"picked":"Compile Driver+1","floor":27},{"not_picked":["Ball Lightning","Conserve Battery"],"picked":"Gash","floor":28},{"not_picked":["Ball Lightning","Conserve Battery+1"],"picked":"Electrodynamics","floor":30},{"not_picked":["Darkness","Hologram"],"picked":"Chaos","floor":31},{"not_picked":["Electrodynamics","Multi-Cast"],"picked":"Biased Cognition","floor":33},{"not_picked":["Steam","Conserve Battery+1"],"picked":"Beam Cell","floor":35},{"not_picked":["Leap","Barrage"],"picked":"Coolheaded+1","floor":37},{"not_picked":["Cold Snap+1","Stack"],"picked":"Amplify","floor":38},{"not_picked":["Streamline+1","Skim"],"picked":"Rainbow","floor":40},{"not_picked":["Cold Snap+1","Lockon"],"picked":"Go for the Eyes","floor":41},{"not_picked":["Amplify","Conserve Battery+1"],"picked":"Reboot","floor":44},{"not_picked":["Secret Weapon","Discovery"],"picked":"Panache","floor":46},{"not_picked":["HandOfGreed","Good Instincts"],"picked":"Chrysalis","floor":46},{"not_picked":["The Bomb","Jack Of All Trades"],"picked":"Panache","floor":46},{"not_picked":["Steam","Redo"],"picked":"Loop+1","floor":47},{"not_picked":["Double Energy","Capacitor"],"picked":"White Noise+1","floor":48}],"player_experience":16997,"relics_obtained":[{"floor":6,"key":"Regal Pillow"},{"floor":8,"key":"Boot"},{"floor":9,"key":"Ornamental Fan"},{"floor":24,"key":"FossilizedHelix"},{"floor":26,"key":"Gremlin Horn"},{"floor":38,"key":"Ginger"},{"floor":40,"key":"Juzu Bracelet"},{"floor":43,"key":"Gambling Chip"},{"floor":44,"key":"Peace Pipe"},{"floor":45,"key":"Bag of Marbles"}],"event_choices":[{"damage_healed":0,"gold_gain":0,"cards_transformed":["Defend_B"],"player_choice":"Transformed","damage_taken":0,"max_hp_gain":0,"max_hp_loss":0,"event_name":"Transmorgrifier","floor":4,"gold_loss":0,"cards_obtained":["Rainbow"]},{"damage_healed":0,"gold_gain":0,"cards_transformed":["Strike_B"],"player_choice":"Change","damage_taken":0,"max_hp_gain":0,"max_hp_loss":0,"event_name":"Living Wall","floor":13,"gold_loss":0,"cards_obtained":["FTL"]},{"damage_healed":0,"gold_gain":0,"player_choice":"Traded Relic","damage_taken":0,"relics_obtained":["Nloth\u0027s Gift"],"max_hp_gain":0,"max_hp_loss":0,"event_name":"N\u0027loth","floor":20,"relics_lost":["Ornamental Fan"],"gold_loss":0},{"damage_healed":0,"gold_gain":0,"player_choice":"Became a vampire","damage_taken":0,"max_hp_gain":0,"max_hp_loss":25,"event_name":"Vampires","floor":29,"gold_loss":0,"cards_obtained":["Bite","Bite","Bite","Bite","Bite"]},{"damage_healed":0,"gold_gain":0,"player_choice":"Paid","damage_taken":0,"relics_obtained":["Red Mask"],"max_hp_gain":0,"max_hp_loss":0,"event_name":"Tomb of Lord Red Mask","floor":36,"gold_loss":44},{"damage_healed":0,"gold_gain":0,"player_choice":"Fight","damage_taken":0,"max_hp_gain":0,"max_hp_loss":0,"event_name":"Mysterious Sphere","floor":38,"gold_loss":0},{"damage_healed":0,"gold_gain":0,"player_choice":"Embrace Madness","damage_taken":7,"max_hp_gain":0,"max_hp_loss":0,"event_name":"Winding Halls","floor":39,"gold_loss":0,"cards_obtained":["Madness","Madness"]},{"damage_healed":0,"gold_gain":0,"player_choice":"Memory 3","damage_taken":10,"max_hp_gain":0,"max_hp_loss":0,"event_name":"SensoryStone","floor":46,"gold_loss":0}],"is_beta":false,"boss_relics":[{"not_picked":["Nuclear Battery","FrozenCore"],"picked":"Ectoplasm"},{"not_picked":["Black Star","Empty Cage"],"picked":"Lizard Tail"}],"items_purged_floors":[],"is_endless":false,"potions_floor_spawned":[1,5,10,12,18,19,21,25,28,31,37,40,41,44],"ascension_level":0}