{"gold_per_floor":[364,29,29,29,42,42,19,19,19,51,66,101,101,116,116,214,214,226,24,44,44,59,59,90,90,140,171,190,190,190,219,219,314,314,334,334,244,93,113,113,13,45,69,94,94,6,25,37,37,37,37,37,37,72,72],"floor_reached":55,"playtime":2547,"items_purged":["Normality","Strike_R"],"score":1134,"play_id":"53a731b4-c4f2-4d32-9c88-94b4ddee76d9","local_time":"20190414035950","is_ascension_mode":true,"campfire_choices":[{"data":"Uppercut","floor":6,"key":"SMITH"},{"data":"Bash","floor":8,"key":"SMITH"},{"floor":13,"key":"REST"},{"floor":15,"key":"REST"},{"floor":23,"key":"REST"},{"floor":25,"key":"REST"},{"data":"Armaments","floor":29,"key":"SMITH"},{"floor":32,"key":"RECALL"},{"floor":40,"key":"REST"},{"floor":45,"key":"REST"},{"floor":49,"key":"REST"},{"data":"Shrug It Off","floor":52,"key":"SMITH"}],"neow_cost":"CURSE","seed_source_timestamp":152321110030300,"circlet_count":0,"master_deck":["AscendersBane","Strike_R","Strike_R","Strike_R","Defend_R","Defend_R","Defend_R","Defend_R","Bash+1","Uppercut+1","Headbutt","Shrug It Off+1","Body Slam","Armaments+1","Pummel+1","Fiend Fire+1","Barricade+1","Whirlwind+1","Iron Wave+1","Cleave+1","Offering","Battle Trance","Bludgeon+1","Demon Form+1","The Bomb+1","Seeing Red+1","Blood for Blood+1","Body Slam+1"],"relics":["Burning Blood","Frozen Egg 2","CultistMask","Singing Bowl","Sundial","Molten Egg 2","Snecko Eye","Brimstone","MutagenicStrength","Centennial Puzzle","Regal Pillow","Letter Opener","Shuriken","Busted Crown","Bronze Scales","Toxic Egg 2","Oddly Smooth Stone","Self Forming Clay"],"potions_floor_usage":[12,16,22,28,35,42,44,50,50,50],"damage_taken":[{"damage":18,"enemies":"Jaw Worm","floor":1,"turns":6},{"damage":1,"enemies":"Cultist","floor":5,"turns":3},{"damage":38,"enemies":"3 Sentries","floor":10,"turns":10},{"damage":14,"enemies":"Small Slimes","floor":11,"turns":3},{"damage":36,"enemies":"Lagavulin","floor":12,"turns":8},{"damage":6,"enemies":"Blue Slaver","floor":14,"turns":5},{"damage":63,"enemies":"The Guardian","floor":16,"turns":15},{"damage":25,"enemies":"2 Thieves","floor":18,"turns":4},{"damage":13,"enemies":"Shell Parasite","floor":20,"turns":2},{"damage":3,"enemies":"Sentry and Sphere","floor":22,"turns":3},{"damage":21,"enemies":"Gremlin Leader","floor":24,"turns":5},{"damage":19,"enemies":"Book of Stabbing","floor":27,"turns":3},{"damage":0,"enemies":"Snake Plant","floor":28,"turns":1},{"damage":9,"enemies":"Slavers","floor":31,"turns":2},{"damage":65,"enemies":"Collector","floor":33,"turns":5},{"damage":0,"enemies":"3 Darklings","floor":35,"turns":1},{"damage":32,"enemies":"3 Shapes","floor":39,"turns":3},{"damage":36,"enemies":"Reptomancer","floor":42,"turns":3},{"damage":40,"enemies":"Nemesis","floor":44,"turns":5},{"damage":6,"enemies":"Transient","floor":47,"turns":5},{"damage":22,"enemies":"3 Darklings","floor":48,"turns":3},{"damage":43,"enemies":"Awakened One","floor":50,"turns":5},{"damage":11,"enemies":"Shield and Spear","floor":54,"turns":4},{"damage":98,"enemies":"The Heart","floor":55,"turns":3}],"seed_played":"-2259066943063589440","potions_obtained":[{"floor":11,"key":"Regen Potion"},{"floor":14,"key":"Regen Potion"},{"floor":18,"key":"SpeedPotion"},{"floor":27,"key":"Fire Potion"},{"floor":31,"key":"Ancient Potion"},{"floor":33,"key":"Explosive Potion"},{"floor":35,"key":"SpeedPotion"},{"floor":39,"key":"FearPotion"},{"floor":47,"key":"GamblersBrew"},{"floor":48,"key":"Block Potion"}],"is_trial":false,"path_per_floor":["M","$","?","$","M","R","$","R","T","E","M","E","R","M","R","B",null,"M","$","M","?","M","R","E","R","T","E","M","R","?","E","R","B",null,"M","?","?","$","M","R","$","E","T","E","R","$","M","M","R","B",null,"R","$","E","B"],"character_chosen":"IRONCLAD","items_purchased":["Frozen Egg 2","Shrug It Off","Brimstone","Bronze Scales","Blood for Blood+1","SkillPotion"],"campfire_rested":7,"item_purchase_floors":[2,7,19,38,46,46],"current_hp_per_floor":[60,60,60,60,65,65,65,65,65,33,25,10,34,34,58,16,64,45,45,38,38,41,65,52,76,76,63,69,69,82,79,79,20,67,75,75,75,75,51,86,86,58,58,24,65,65,65,51,90,53,81,81,81,78,0],"gold":72,"neow_bonus":"TWO_FIFTY_GOLD","is_prod":false,"is_daily":false,"chose_seed":false,"campfire_upgraded":4,"win_rate":0,"timestamp":1555203590,"path_taken":["M","$","?","?","M","R","$","R","T","E","M","E","R","M","R","BOSS","M","$","M","?","M","R","E","R","T","E","M","R","?","E","R","BOSS","M","?","?","$","M","R","$","E","T","E","R","$","?","M","R","BOSS","R","$","E","BOSS"],"build_version":"2019-01-23","purchased_purges":2,"victory":false,"max_hp_per_floor":[80,80,80,80,80,80,80,80,80,80,80,80,80,80,80,80,80,80,80,80,80,80,80,82,82,82,82,82,82,82,82,82,82,82,84,84,84,84,86,86,86,88,88,88,88,88,88,90,90,90,90,90,90,92,92],"card_choices":[{"not_picked":["Warcry","Sword Boomerang"],"picked":"Uppercut","floor":1},{"not_picked":["Dropkick","Wild Strike"],"picked":"Headbutt","floor":5},{"not_picked":["Dual Wield","Thunderclap"],"picked":"Body Slam","floor":10},{"not_picked":["Havoc","Headbutt"],"picked":"Armaments","floor":11},{"not_picked":["Havoc","Pommel Strike"],"picked":"Pummel","floor":12},{"not_picked":["Second Wind","Shockwave"],"picked":"Fiend Fire+1","floor":14},{"not_picked":["Offering","Exhume"],"picked":"Barricade+1","floor":16},{"not_picked":["Iron Wave+1","Havoc+1"],"picked":"Whirlwind+1","floor":18},{"not_picked":["Rage","Feel No Pain+1"],"picked":"Iron Wave+1","floor":20},{"not_picked":["Sword Boomerang+1","Havoc"],"picked":"Cleave+1","floor":22},{"not_picked":["Power Through","Fire Breathing+1","Dropkick+1"],"picked":"Singing Bowl","floor":24},{"not_picked":["Hemokinesis+1","Bloodletting+1"],"picked":"Offering","floor":27},{"not_picked":["Thunderclap+1","Wild Strike+1"],"picked":"Battle Trance","floor":28},{"not_picked":["Thunderclap+1","Ghostly Armor"],"picked":"Bludgeon+1","floor":31},{"not_picked":["Exhume","Bludgeon+1"],"picked":"Demon Form+1","floor":33},{"not_picked":["Cleave+1"],"picked":"Singing Bowl","floor":35},{"not_picked":[],"picked":"The Bomb","floor":36},{"not_picked":["Iron Wave+1"],"picked":"Singing Bowl","floor":39},{"not_picked":["Infernal Blade+1"],"picked":"Singing Bowl","floor":42},{"not_picked":[],"picked":"Seeing Red+1","floor":44},{"not_picked":[],"picked":"Body Slam+1","floor":47},{"not_picked":["Iron Wave+1"],"picked":"Singing Bowl","floor":48},{"not_picked":["Pommel Strike+1"],"picked":"Singing Bowl","floor":54}],"player_experience":251901,"relics_obtained":[{"floor":9,"key":"Singing Bowl"},{"floor":10,"key":"Sundial"},{"floor":12,"key":"Molten Egg 2"},{"floor":24,"key":"Centennial Puzzle"},{"floor":26,"key":"Regal Pillow"},{"floor":27,"key":"Letter Opener"},{"floor":31,"key":"Shuriken"},{"floor":42,"key":"Toxic Egg 2"},{"floor":44,"key":"Oddly Smooth Stone"},{"floor":54,"key":"Self Forming Clay"}],"event_choices":[{"damage_healed":0,"gold_gain":0,"player_choice":"Trade","damage_taken":0,"relics_obtained":["CultistMask"],"max_hp_gain":0,"max_hp_loss":0,"event_name":"FaceTrader","floor":3,"gold_loss":0},{"damage_healed":0,"gold_gain":0,"player_choice":"Inject Mutagens","damage_taken":0,"relics_obtained":["MutagenicStrength"],"max_hp_gain":0,"max_hp_loss":0,"event_name":"Drug Dealer","floor":21,"gold_loss":0},{"damage_healed":27,"gold_gain":0,"player_choice":"Heal","damage_taken":0,"max_hp_gain":0,"max_hp_loss":0,"event_name":"The Library","floor":30,"gold_loss":0},{"damage_healed":0,"gold_gain":0,"player_choice":"Memory 1","damage_taken":0,"max_hp_gain":0,"max_hp_loss":0,"event_name":"SensoryStone","floor":36,"gold_loss":0},{"cards_removed":["Strike_R"],"damage_healed":0,"gold_gain":0,"player_choice":"Upgrade and Remove","damage_taken":0,"max_hp_gain":0,"max_hp_loss":0,"event_name":"Designer","floor":37,"gold_loss":90,"cards_upgraded":["The Bomb"]}],"is_beta":false,"boss_relics":[{"not_picked":["Velvet Choker","White Beast Statue"],"picked":"Snecko Eye"},{"not_picked":["Lizard Tail","Black Star"],"picked":"Busted Crown"}],"items_purged_floors":[2,41],"is_endless":false,"potions_floor_spawned":[11,14,18,27,31,33,35,39,47,48],"killed_by":"The Heart","ascension_level":10}