{"gold_per_floor":[110,110,133,154,329,329,344,385,385,5,5,20,20,20,20,151,151,165,97,12,12,12,55,55,76,101,101,101,116,139,177,177,297,297,311,330,393,411,222,222,222,347,347,347,347,362,362,381,381,381],"floor_reached":50,"playtime":24725,"items_purged":["Doubt","True Grit"],"score":705,"play_id":"b297ab1b-49ea-4070-ab91-6e71541f46c2","local_time":"20190425234555","daily_mods":["Insanity"],"is_ascension_mode":false,"campfire_choices":[{"data":"Carnage","floor":6.0,"key":"SMITH"},{"data":"Armaments","floor":13.0,"key":"SMITH"},{"data":"Impervious","floor":15.0,"key":"SMITH"},{"floor":24.0,"key":"REST"},{"data":"Double Tap","floor":32.0,"key":"SMITH"},{"data":"J.A.X.","floor":40.0,"key":"SMITH"},{"floor":49.0,"key":"DIG"}],"neow_cost":"","seed_source_timestamp":0,"circlet_count":0,"master_deck":["Sword Boomerang","Shrug It Off","Havoc","Twin Strike","Clothesline","Body Slam","Headbutt","Evolve","Intimidate","Flex","Shrug It Off","Perfected Strike","Clash","Reckless Charge","Cleave","Dropkick","Armaments+1","Blood for Blood","Reckless Charge","Dropkick","Clash","Power Through","Pummel","True Grit","Shrug It Off","Shrug It Off","Thunderclap","Clash","Clash","Body Slam","Headbutt","Clash","Hemokinesis","Searing Blow","Flex","Cleave","Thunderclap","Body Slam","Burning Pact","Wild Strike","Twin Strike","Intimidate","Evolve","Intimidate","Headbutt","Pommel Strike","Cleave","Cleave","Flex","Flex","Carnage+1","Dual Wield","Impervious+1","Armaments","Feed","Uppercut+1","Double Tap+1","Flame Barrier","J.A.X.+1","Necronomicurse","Armaments+1","Flex","Feel No Pain","Reaper","Battle Trance","Fire Breathing+1","Discovery","Entrench","Jack Of All Trades","Impatience","Master of Strategy","Uppercut+1"],"special_seed":0,"relics":["Burning Blood","Golden Idol","Meat on the Bone","Sundial","Gambling Chip","Art of War","Black Star","Lantern","Bottled Flame","Boot","Champion Belt","Orichalcum","Necronomicon","Ornamental Fan","Bottled Lightning","Philosopher\u0027s Stone","Turnip","Shovel","Vajra","Dodecahedron","Bottled Tornado"],"potions_floor_usage":[50,50],"damage_taken":[{"damage":0.0,"enemies":"Jaw Worm","floor":1.0,"turns":2.0},{"damage":0.0,"enemies":"2 Louse","floor":3.0,"turns":1.0},{"damage":0.0,"enemies":"Small Slimes","floor":4.0,"turns":1.0},{"damage":1.0,"enemies":"Blue Slaver","floor":7.0,"turns":2.0},{"damage":10.0,"enemies":"3 Sentries","floor":8.0,"turns":4.0},{"damage":0.0,"enemies":"Large Slime","floor":12.0,"turns":3.0},{"damage":50.0,"enemies":"The Guardian","floor":16.0,"turns":10.0},{"damage":16.0,"enemies":"2 Thieves","floor":18.0,"turns":3.0},{"damage":17.0,"enemies":"Slavers","floor":23.0,"turns":7.0},{"damage":13.0,"enemies":"Shell Parasite","floor":25.0,"turns":3.0},{"damage":0.0,"enemies":"Shelled Parasite and Fungi","floor":29.0,"turns":2.0},{"damage":0.0,"enemies":"Snecko","floor":30.0,"turns":3.0},{"damage":0.0,"enemies":"Gremlin Leader","floor":31.0,"turns":3.0},{"damage":83.0,"enemies":"Champ","floor":33.0,"turns":13.0},{"damage":0.0,"enemies":"Orb Walker","floor":35.0,"turns":1.0},{"damage":3.0,"enemies":"3 Shapes","floor":36.0,"turns":2.0},{"damage":6.0,"enemies":"2 Orb Walkers","floor":37.0,"turns":3.0},{"damage":18.0,"enemies":"3 Darklings","floor":38.0,"turns":7.0},{"damage":0.0,"enemies":"Transient","floor":41.0,"turns":3.0},{"damage":3.0,"enemies":"Mind Bloom Boss Battle","floor":42.0,"turns":2.0},{"damage":0.0,"enemies":"Spire Growth","floor":46.0,"turns":2.0},{"damage":0.0,"enemies":"Sphere and 2 Shapes","floor":48.0,"turns":1.0},{"damage":96,"enemies":"Time Eater","floor":50,"turns":6}],"seed_played":"-1239568065825372749","potions_obtained":[{"floor":7.0,"key":"Regen Potion"},{"floor":8.0,"key":"Explosive Potion"},{"floor":16.0,"key":"SpeedPotion"},{"floor":23.0,"key":"SmokeBomb"},{"floor":29.0,"key":"BloodPotion"},{"floor":35.0,"key":"PowerPotion"},{"floor":48.0,"key":"Strength Potion"}],"is_trial":true,"path_per_floor":["M","?","M","M","?","R","M","E","T","$","?","M","R","?","R","B",null,"M","$","?","?","T","E","R","M","T","?","?","M","M","E","R","B",null,"M","M","?","M","$","R","M","?","T","T","?","M","?","M","R","B"],"character_chosen":"IRONCLAD","items_purchased":["Gambling Chip","Double Tap","Discovery"],"campfire_rested":1,"item_purchase_floors":[10,19,39],"current_hp_per_floor":[80,60,66,72,72,72,77,73,73,73,78,84,84,77,77,45,85,78,78,78,78,78,67,88,81,81,81,65,71,77,83,83,27,88,88,88,88,88,88,88,88,88,88,88,88,88,78,84,84,0],"gold":381,"neow_bonus":"","is_prod":false,"is_daily":false,"chose_seed":false,"campfire_upgraded":5,"win_rate":0,"timestamp":1556232355,"path_taken":["M","?","M","M","?","R","M","E","T","$","?","M","R","?","R","BOSS","M","$","?","?","?","E","R","M","T","?","?","M","M","E","R","BOSS","M","M","?","M","$","R","M","?","T","?","?","?","?","M","R","BOSS"],"build_version":"2019-01-23","purchased_purges":2,"victory":false,"max_hp_per_floor":[80,80,80,80,80,80,80,80,80,80,85,85,85,85,85,85,85,88,88,88,88,88,88,88,88,88,88,88,88,88,88,88,88,88,88,88,88,88,88,88,88,88,88,88,88,88,88,88,88,88],"card_choices":[{"not_picked":["Shockwave","Sword Boomerang"],"picked":"Flex","floor":1.0},{"not_picked":["Seeing Red","Clothesline"],"picked":"Flex","floor":3.0},{"not_picked":["Shrug It Off","True Grit"],"picked":"Carnage","floor":4.0},{"not_picked":["Heavy Blade","Iron Wave"],"picked":"Dual Wield","floor":7.0},{"not_picked":["Body Slam","Uppercut"],"picked":"Impervious","floor":8.0},{"not_picked":["Anger","Clothesline"],"picked":"Armaments","floor":12.0},{"not_picked":["Dark Embrace","Double Tap"],"picked":"Feed","floor":16.0},{"not_picked":["Perfected Strike","Second Wind+1"],"picked":"Uppercut+1","floor":18.0},{"not_picked":["Feel No Pain","Thunderclap"],"picked":"Flame Barrier","floor":23.0},{"not_picked":["Burning Pact+1","Iron Wave","True Grit"],"picked":"SKIP","floor":25.0},{"not_picked":["Heavy Blade","Perfected Strike"],"picked":"Armaments+1","floor":29.0},{"not_picked":["Shrug It Off+1","Corruption"],"picked":"Flex","floor":30.0},{"not_picked":["Searing Blow","Dual Wield"],"picked":"Feel No Pain","floor":31.0},{"not_picked":["Exhume","Juggernaut"],"picked":"Reaper","floor":33.0},{"not_picked":["Second Wind","Body Slam","Clash"],"picked":"SKIP","floor":35.0},{"not_picked":["Flex","Headbutt+1"],"picked":"Battle Trance","floor":36.0},{"not_picked":["Havoc+1","Uppercut"],"picked":"Fire Breathing+1","floor":37.0},{"not_picked":["Havoc+1","Cleave+1","True Grit+1"],"picked":"SKIP","floor":38.0},{"not_picked":["Clothesline","Pommel Strike+1"],"picked":"Entrench","floor":46.0},{"not_picked":["Master of Strategy","Impatience"],"picked":"Jack Of All Trades","floor":47.0},{"not_picked":["Swift Strike","Flash of Steel"],"picked":"Impatience","floor":47.0},{"not_picked":["Deep Breath","PanicButton"],"picked":"Master of Strategy","floor":47.0},{"not_picked":["Flex","Headbutt"],"picked":"Uppercut+1","floor":48.0}],"player_experience":684223,"relics_obtained":[{"floor":8.0,"key":"Meat on the Bone"},{"floor":9.0,"key":"Sundial"},{"floor":22.0,"key":"Bottled Flame"},{"floor":23.0,"key":"Boot"},{"floor":23.0,"key":"Champion Belt"},{"floor":26.0,"key":"Orichalcum"},{"floor":28.0,"key":"Necronomicon"},{"floor":31.0,"key":"Ornamental Fan"},{"floor":31.0,"key":"Bottled Lightning"},{"floor":37.0,"key":"Turnip"},{"floor":42.0,"key":"Shovel"},{"floor":43.0,"key":"Vajra"},{"floor":44.0,"key":"Dodecahedron"},{"floor":49.0,"key":"Bottled Tornado"}],"event_choices":[{"damage_healed":0.0,"max_hp_gain":0.0,"max_hp_loss":0.0,"gold_gain":0.0,"event_name":"Golden Idol","player_choice":"Take Damage","floor":2.0,"gold_loss":0.0,"damage_taken":20.0,"relics_obtained":["Golden Idol"]},{"damage_healed":0.0,"max_hp_gain":0.0,"max_hp_loss":0.0,"gold_gain":175.0,"event_name":"Liars Game","player_choice":"AGREE","floor":5.0,"gold_loss":0.0,"damage_taken":0.0,"cards_obtained":["Doubt"]},{"damage_healed":0.0,"max_hp_gain":5.0,"max_hp_loss":0.0,"gold_gain":0.0,"event_name":"Big Fish","player_choice":"Donut","floor":11.0,"gold_loss":0.0,"damage_taken":0.0},{"damage_healed":0.0,"max_hp_gain":0.0,"max_hp_loss":0.0,"gold_gain":0.0,"event_name":"Scrap Ooze","player_choice":"Success","floor":14.0,"gold_loss":0.0,"damage_taken":7.0,"relics_obtained":["Art of War"]},{"damage_healed":0.0,"max_hp_gain":0.0,"max_hp_loss":0.0,"gold_gain":0.0,"event_name":"Addict","player_choice":"Obtained Relic","floor":20.0,"gold_loss":85.0,"damage_taken":0.0,"relics_obtained":["Lantern"]},{"cards_removed":["Headbutt"],"damage_healed":0.0,"max_hp_gain":0.0,"max_hp_loss":0.0,"gold_gain":0.0,"event_name":"Back to Basics","player_choice":"Elegance","floor":21.0,"gold_loss":0.0,"damage_taken":0.0},{"damage_healed":0.0,"max_hp_gain":0.0,"max_hp_loss":0.0,"gold_gain":0.0,"event_name":"Drug Dealer","player_choice":"Obtain J.A.X.","floor":27.0,"gold_loss":0.0,"damage_taken":0.0,"cards_obtained":["J.A.X."]},{"damage_healed":0.0,"max_hp_gain":0.0,"max_hp_loss":0.0,"gold_gain":0.0,"event_name":"Cursed Tome","player_choice":"Obtained Book","floor":28.0,"gold_loss":0.0,"damage_taken":16.0},{"damage_healed":0.0,"max_hp_gain":0.0,"max_hp_loss":0.0,"gold_gain":0.0,"event_name":"Mysterious Sphere","player_choice":"Fight","floor":37.0,"gold_loss":0.0,"damage_taken":0.0},{"damage_healed":0.0,"max_hp_gain":0.0,"max_hp_loss":0.0,"gold_gain":0.0,"event_name":"MindBloom","player_choice":"Fight","floor":42.0,"gold_loss":0.0,"damage_taken":0.0},{"damage_healed":0.0,"max_hp_gain":0.0,"max_hp_loss":0.0,"gold_gain":0.0,"event_name":"Tomb of Lord Red Mask","player_choice":"Ignored","floor":45.0,"gold_loss":0.0,"damage_taken":0.0},{"damage_healed":0.0,"max_hp_gain":0.0,"max_hp_loss":0.0,"gold_gain":0.0,"event_name":"SensoryStone","player_choice":"Memory 3","floor":47.0,"gold_loss":0.0,"damage_taken":10.0}],"is_beta":false,"boss_relics":[{"not_picked":["Coffee Dripper","Empty Cage"],"picked":"Black Star"},{"not_picked":["Busted Crown","Eternal Feather"],"picked":"Philosopher\u0027s Stone"}],"items_purged_floors":[10,39],"is_endless":false,"potions_floor_spawned":[7,8,16,23,29,30,35,41,48],"killed_by":"Time Eater","ascension_level":0}