{"gold_per_floor":[117,117,127,302,177,177,191,217,241,255,255,286,286,300,300,402,402,412,412,464,364,397,397,430,430,454,317,336,336,362,362,362,458,458,473,573,648,445,463,473,473,489,516,536,536,561,22,244,244,244],"floor_reached":51,"playtime":1676,"items_purged":["Doubt","Strike_B","Strike_B","Strike_B"],"score":769,"play_id":"22b3bbc9-c9e9-4476-b9e9-d659a82c6d0c","local_time":"20181027121950","is_ascension_mode":false,"campfire_choices":[{"data":"Zap","floor":6.0,"key":"SMITH"},{"data":"Dualcast","floor":11.0,"key":"SMITH"},{"data":"Ball Lightning","floor":13.0,"key":"SMITH"},{"data":"White Noise","floor":15.0,"key":"SMITH"},{"data":"Barrage","floor":23.0,"key":"SMITH"},{"floor":29.0,"key":"REST"},{"floor":32.0,"key":"REST"},{"data":"Defragment","floor":41.0,"key":"SMITH"},{"data":"Buffer","floor":45.0,"key":"SMITH"},{"data":"Coolheaded","floor":49.0,"key":"SMITH"}],"neow_cost":"NONE","seed_source_timestamp":15614136254111,"circlet_count":0,"master_deck":["Strike_B","Defend_B","Defend_B","Defend_B","Defend_B","Zap+1","Dualcast+1","Ball Lightning+1","Streamline+1","Conserve Battery","Barrage+1","Sweeping Beam","Cold Snap","White Noise+1","Core Surge","Ball Lightning+1","Glacier+1","Compile Driver","Buffer+1","Coolheaded+1","Leap+1","Defragment+1","Compile Driver+1","Sweeping Beam+1","Defragment+1","Conserve Battery","Panache","Gash","Flash of Steel"],"special_seed":0,"relics":["Cracked Core","Boot","Dream Catcher","Turnip","Busted Crown","Juzu Bracelet","Red Mask","Vajra","PreservedInsect","Bag of Preparation","Calipers","Nuclear Battery","Mango","Bottled Lightning","Art of War","Sundial"],"potions_floor_usage":[50,50],"damage_taken":[{"damage":0.0,"enemies":"Small Slimes","floor":1.0,"turns":2.0},{"damage":2.0,"enemies":"2 Louse","floor":3.0,"turns":2.0},{"damage":2.0,"enemies":"Jaw Worm","floor":7.0,"turns":3.0},{"damage":14.0,"enemies":"Gremlin Nob","floor":8.0,"turns":3.0},{"damage":5.0,"enemies":"Looter","floor":10.0,"turns":3.0},{"damage":14.0,"enemies":"Lagavulin","floor":12.0,"turns":4.0},{"damage":0.0,"enemies":"Large Slime","floor":14.0,"turns":3.0},{"damage":25.0,"enemies":"Hexaghost","floor":16.0,"turns":8.0},{"damage":2.0,"enemies":"3 Byrds","floor":18.0,"turns":3.0},{"damage":20.0,"enemies":"Masked Bandits","floor":22.0,"turns":4.0},{"damage":24.0,"enemies":"Book of Stabbing","floor":24.0,"turns":5.0},{"damage":0.0,"enemies":"Spheric Guardian","floor":28.0,"turns":3.0},{"damage":10.0,"enemies":"Slavers","floor":30.0,"turns":4.0},{"damage":44.0,"enemies":"Automaton","floor":33.0,"turns":10.0},{"damage":0.0,"enemies":"3 Darklings","floor":35.0,"turns":5.0},{"damage":9.0,"enemies":"Mind Bloom Boss Battle","floor":36.0,"turns":7.0},{"damage":2.0,"enemies":"Orb Walker","floor":39.0,"turns":2.0},{"damage":0.0,"enemies":"Sphere and 2 Shapes","floor":40.0,"turns":5.0},{"damage":3.0,"enemies":"3 Darklings","floor":42.0,"turns":4.0},{"damage":0.0,"enemies":"Maw","floor":44.0,"turns":8.0},{"damage":0.0,"enemies":"Reptomancer","floor":46.0,"turns":4.0},{"damage":13,"enemies":"Awakened One","floor":50,"turns":15}],"seed_played":"-1045054264018498346","potions_obtained":[{"floor":3.0,"key":"FearPotion"},{"floor":10.0,"key":"GamblersBrew"},{"floor":12.0,"key":"Block Potion"},{"floor":14.0,"key":"Ancient Potion"},{"floor":16.0,"key":"Strength Potion"},{"floor":28.0,"key":"GamblersBrew"},{"floor":40.0,"key":"EssenceOfSteel"},{"floor":42.0,"key":"SpeedPotion"}],"is_trial":false,"path_per_floor":["M","?","M","?","$","R","M","E","T","M","R","E","R","M","R","B",null,"M","?","T","$","?","R","E","?","T","?","M","R","E","?","R","B",null,"M","?","T","$","M","M","R","M","T","M","R","E","$","?","R","B"],"character_chosen":"DEFECT","items_purchased":["Barrage","Defragment","Conserve Battery","Panache","Gash","Flash of Steel"],"campfire_rested":2,"item_purchase_floors":[5,38,47,47,47,47],"current_hp_per_floor":[75,75,73,73,73,73,71,57,57,52,52,38,38,38,38,13,75,73,73,73,73,53,53,29,29,29,29,29,51,41,41,63,19,75,75,80,80,80,78,78,78,75,75,75,75,75,75,75,75,62],"gold":244,"neow_bonus":"THREE_CARDS","is_prod":false,"is_daily":false,"chose_seed":false,"campfire_upgraded":8,"win_rate":0,"timestamp":1540667990,"path_taken":["M","?","M","?","$","R","?","E","T","M","R","E","R","M","R","BOSS","M","?","?","$","?","R","E","?","T","?","M","R","E","?","R","BOSS","M","?","?","$","M","M","R","M","T","M","R","E","$","?","R","BOSS"],"build_version":"2018-10-25v2","purchased_purges":4,"victory":true,"max_hp_per_floor":[75,75,75,75,75,75,75,75,75,75,75,75,75,75,75,75,75,75,75,75,75,75,75,75,75,75,75,75,75,75,75,75,75,75,75,89,89,89,89,89,89,89,89,89,89,89,89,89,89,89],"card_choices":[{"not_picked":["Cold Snap","Conserve Battery"],"picked":"Ball Lightning","floor":0.0},{"not_picked":["Go for the Eyes","Reinforced Body"],"picked":"Streamline","floor":1.0},{"not_picked":["Gash","Stack"],"picked":"Conserve Battery","floor":3.0},{"not_picked":["Chaos","Coolheaded","Rip and Tear"],"picked":"SKIP","floor":7.0},{"not_picked":["Barrage","Streamline","Melter"],"picked":"SKIP","floor":8.0},{"not_picked":["Auto Shields","Leap"],"picked":"Sweeping Beam","floor":10.0},{"not_picked":["Turbo","BootSequence"],"picked":"Cold Snap","floor":12.0},{"not_picked":["Rip and Tear","Hyperbeam"],"picked":"White Noise","floor":14.0},{"not_picked":["Fission","Rainbow"],"picked":"Core Surge","floor":16.0},{"not_picked":["Stack+1"],"picked":"SKIP","floor":18.0},{"not_picked":["Static Discharge"],"picked":"SKIP","floor":24.0},{"not_picked":[],"picked":"Glacier+1","floor":28.0},{"not_picked":["Beam Cell+1"],"picked":"SKIP","floor":30.0},{"not_picked":[],"picked":"Compile Driver","floor":32.0},{"not_picked":[],"picked":"Buffer","floor":33.0},{"not_picked":["Coolheaded"],"picked":"SKIP","floor":35.0},{"not_picked":[],"picked":"Coolheaded","floor":35.0},{"not_picked":[],"picked":"Leap+1","floor":36.0},{"not_picked":[],"picked":"Compile Driver+1","floor":39.0},{"not_picked":["Redo+1"],"picked":"SKIP","floor":40.0},{"not_picked":[],"picked":"Sweeping Beam+1","floor":42.0},{"not_picked":["Gash"],"picked":"SKIP","floor":44.0},{"not_picked":[],"picked":"Defragment+1","floor":46.0}],"player_experience":1491490,"relics_obtained":[{"floor":8.0,"key":"Boot"},{"floor":9.0,"key":"Dream Catcher"},{"floor":12.0,"key":"Turnip"},{"floor":20.0,"key":"Juzu Bracelet"},{"floor":22.0,"key":"Red Mask"},{"floor":24.0,"key":"Vajra"},{"floor":26.0,"key":"PreservedInsect"},{"floor":30.0,"key":"Calipers"},{"floor":36.0,"key":"Mango"},{"floor":37.0,"key":"Bottled Lightning"},{"floor":43.0,"key":"Art of War"},{"floor":46.0,"key":"Sundial"}],"event_choices":[{"damage_healed":0.0,"max_hp_gain":0.0,"max_hp_loss":0.0,"gold_gain":0.0,"event_name":"Living Wall","player_choice":"Grow","floor":2.0,"gold_loss":0.0,"damage_taken":0.0,"cards_upgraded":["Streamline"]},{"damage_healed":0.0,"max_hp_gain":0.0,"max_hp_loss":0.0,"gold_gain":175.0,"event_name":"Liars Game","player_choice":"AGREE","floor":4.0,"gold_loss":0.0,"damage_taken":0.0,"cards_obtained":["Doubt"]},{"damage_healed":0.0,"max_hp_gain":0.0,"max_hp_loss":0.0,"gold_gain":0.0,"event_name":"Vampires","player_choice":"Ignored","floor":19.0,"gold_loss":0.0,"damage_taken":0.0},{"damage_healed":0.0,"max_hp_gain":0.0,"max_hp_loss":0.0,"gold_gain":0.0,"event_name":"Masked Bandits","player_choice":"Fought Bandits","floor":22.0,"gold_loss":0.0,"damage_taken":0.0},{"damage_healed":0.0,"max_hp_gain":0.0,"max_hp_loss":0.0,"gold_gain":0.0,"event_name":"Duplicator","player_choice":"Copied","floor":25.0,"gold_loss":0.0,"damage_taken":0.0,"cards_obtained":["Ball Lightning"]},{"damage_healed":0.0,"max_hp_gain":0.0,"max_hp_loss":0.0,"gold_gain":0.0,"event_name":"WeMeetAgain","player_choice":"Paid Gold","floor":27.0,"gold_loss":137.0,"damage_taken":0.0,"relics_obtained":["Bag of Preparation"]},{"damage_healed":0.0,"max_hp_gain":0.0,"max_hp_loss":0.0,"gold_gain":0.0,"event_name":"Cursed Tome","player_choice":"Ignored","floor":31.0,"gold_loss":0.0,"damage_taken":0.0},{"damage_healed":0.0,"max_hp_gain":0.0,"max_hp_loss":0.0,"gold_gain":0.0,"event_name":"MindBloom","player_choice":"Fight","floor":36.0,"gold_loss":0.0,"damage_taken":0.0},{"damage_healed":0.0,"max_hp_gain":0.0,"max_hp_loss":0.0,"gold_gain":222.0,"event_name":"Tomb of Lord Red Mask","player_choice":"Wore Mask","floor":48.0,"gold_loss":0.0,"damage_taken":0.0}],"is_beta":false,"boss_relics":[{"not_picked":["Lizard Tail","Ectoplasm"],"picked":"Busted Crown"},{"not_picked":["White Beast Statue","Snecko Eye"],"picked":"Nuclear Battery"}],"items_purged_floors":[5,21,38,47],"is_endless":false,"potions_floor_spawned":[3,10,12,14,16,28,40,42,44,46],"ascension_level":0}