{"gold_per_floor":[114,133,133,133,147,147,175,175,202,202,237,237,237,248,248,346,346,361,271,282,312,332,332,364,387,399,411,452,464,496,164,164,267,267,283,283,37,91,101,101,136,136,136,149,200,215,244,244,244,244,244,244,17,43,43],"floor_reached":55,"playtime":4568,"items_purged":["Shame","Strike_G+1","Strike_G+1"],"score":757,"play_id":"af29db53-c015-40f4-9633-8079fd0747eb","local_time":"20190508151706","is_ascension_mode":true,"campfire_choices":[{"data":"Cloak And Dagger","floor":6.0,"key":"SMITH"},{"floor":8.0,"key":"REST"},{"data":"All Out Attack","floor":10.0,"key":"SMITH"},{"floor":13.0,"key":"REST"},{"data":"Footwork","floor":15.0,"key":"SMITH"},{"data":"Malaise","floor":23.0,"key":"SMITH"},{"data":"Night Terror","floor":27.0,"key":"SMITH"},{"floor":29.0,"key":"REST"},{"data":"Dodge and Roll","floor":32.0,"key":"SMITH"},{"floor":40,"key":"RECALL"},{"data":"Terror","floor":42,"key":"SMITH"},{"floor":49,"key":"REST"},{"floor":52,"key":"REST"}],"neow_cost":"NONE","seed_source_timestamp":0,"circlet_count":0,"master_deck":["Defend_G+1","Defend_G+1","Defend_G+1","Defend_G+1","Strike_G+1","Strike_G+1","Strike_G+1","Survivor+1","Neutralize+1","Expertise+1","Dash+1","Cloak And Dagger+1","All Out Attack+1","Footwork+1","Trip+1","Flying Knee+1","Outmaneuver+1","Malaise+1","Dodge and Roll+1","Night Terror+1","PiercingWail+1","Noxious Fumes+1","Adrenaline+1","PiercingWail+1","Terror+1"],"special_seed":0,"relics":["Ring of the Snake","Orichalcum","Centennial Puzzle","Regal Pillow","Cursed Key","Red Mask","MawBank","Paper Crane","Omamori","ClockworkSouvenir","Busted Crown","Mark of the Bloom","Bronze Scales","Thread and Needle","Juzu Bracelet","Snake Skull","Bag of Marbles","Blood Vial"],"potions_floor_usage":[38,41,41,50,50,50,54,54,55],"damage_taken":[{"damage":0.0,"enemies":"Cultist","floor":1.0,"turns":6.0},{"damage":5.0,"enemies":"Small Slimes","floor":2.0,"turns":5.0},{"damage":4.0,"enemies":"2 Louse","floor":5.0,"turns":3.0},{"damage":26.0,"enemies":"Gremlin Nob","floor":7.0,"turns":6.0},{"damage":13.0,"enemies":"Lagavulin","floor":11.0,"turns":7.0},{"damage":7.0,"enemies":"Exordium Thugs","floor":14.0,"turns":4.0},{"damage":33.0,"enemies":"The Guardian","floor":16.0,"turns":14.0},{"damage":9.0,"enemies":"2 Thieves","floor":18.0,"turns":4.0},{"damage":0.0,"enemies":"Chosen","floor":20.0,"turns":8.0},{"damage":15.0,"enemies":"Masked Bandits","floor":21.0,"turns":5.0},{"damage":0.0,"enemies":"Snake Plant","floor":22.0,"turns":5.0},{"damage":6.0,"enemies":"Book of Stabbing","floor":24.0,"turns":8.0},{"damage":5.0,"enemies":"Chosen and Byrds","floor":25.0,"turns":10.0},{"damage":6.0,"enemies":"Slavers","floor":28.0,"turns":7.0},{"damage":11.0,"enemies":"Cultist and Chosen","floor":30.0,"turns":11.0},{"damage":30.0,"enemies":"Automaton","floor":33.0,"turns":18.0},{"damage":25,"enemies":"3 Shapes","floor":35,"turns":3},{"damage":7,"enemies":"2 Orb Walkers","floor":38,"turns":5},{"damage":1,"enemies":"3 Darklings","floor":39,"turns":4},{"damage":2,"enemies":"Reptomancer","floor":41,"turns":8},{"damage":0,"enemies":"Writhing Mass","floor":44,"turns":7},{"damage":0,"enemies":"Spire Growth","floor":46,"turns":5},{"damage":8,"enemies":"Nemesis","floor":47,"turns":12},{"damage":7,"enemies":"Time Eater","floor":50,"turns":16},{"damage":14,"enemies":"Shield and Spear","floor":54,"turns":7},{"damage":17,"enemies":"The Heart","floor":55,"turns":2}],"seed_played":"-3920073484083679235","potions_obtained":[{"floor":1.0,"key":"Weak Potion"},{"floor":5.0,"key":"SpeedPotion"},{"floor":11.0,"key":"Energy Potion"},{"floor":18.0,"key":"GhostInAJar"},{"floor":25.0,"key":"Strength Potion"},{"floor":28.0,"key":"SpeedPotion"},{"floor":33.0,"key":"Dexterity Potion"},{"floor":35,"key":"Block Potion"},{"floor":39,"key":"Regen Potion"},{"floor":44,"key":"Ancient Potion"},{"floor":46,"key":"Fire Potion"},{"floor":47,"key":"GamblersBrew"},{"floor":54,"key":"SkillPotion"}],"is_trial":false,"path_per_floor":["M","M","?","?","M","R","E","R","T","R","E","?","R","M","R","B",null,"M","?","M","?","M","R","E","M","T","R","E","R","M","$","R","B",null,"M","?","$","?","M","R","E","R","T","M","T","M","E","?","R","B",null,"R","$","E","B"],"character_chosen":"THE_SILENT","items_purchased":["ClockworkSouvenir","Noxious Fumes","Bronze Scales","Dexterity Potion","Explosive Potion"],"campfire_rested":5,"item_purchase_floors":[31,31,37,53,53],"current_hp_per_floor":[77,72,57,57,53,53,27,50,50,50,37,37,75,68,68,35,77,68,68,68,53,53,53,47,42,42,42,36,74,63,63,63,33,77,52,52,52,45,44,44,42,42,42,42,42,42,34,34,34,27,27,27,27,13,0],"gold":43,"neow_bonus":"TEN_PERCENT_HP_BONUS","is_prod":false,"is_daily":false,"chose_seed":false,"campfire_upgraded":7,"win_rate":0,"timestamp":1557317826,"path_taken":["M","M","?","?","M","R","E","R","T","R","E","?","R","M","R","BOSS","M","?","?","?","M","R","E","M","T","R","E","R","M","$","R","BOSS","M","?","$","?","M","R","E","R","T","M","?","M","E","?","R","BOSS","R","$","E","BOSS"],"build_version":"2019-01-23","purchased_purges":3,"victory":false,"max_hp_per_floor":[77,77,77,77,77,77,77,77,77,77,77,77,77,77,77,77,77,77,77,77,77,77,77,77,77,77,77,77,77,77,77,77,77,77,77,77,77,77,77,77,77,77,77,77,77,77,77,77,77,77,77,77,77,77,77],"card_choices":[{"not_picked":["Bouncing Flask","Riddle With Holes"],"picked":"Expertise","floor":1.0},{"not_picked":["Blade Dance","Caltrops"],"picked":"Dash","floor":2.0},{"not_picked":["Outmaneuver","Quick Slash"],"picked":"Cloak And Dagger","floor":5.0},{"not_picked":["Dodge and Roll","Catalyst"],"picked":"All Out Attack","floor":7.0},{"not_picked":["Bane","Well Laid Plans"],"picked":"Footwork","floor":11.0},{"not_picked":["Dagger Spray","Caltrops"],"picked":"Outmaneuver","floor":14.0},{"not_picked":["Die Die Die","Tools of the Trade"],"picked":"Malaise","floor":16.0},{"not_picked":["Blade Dance","Outmaneuver","Deflect"],"picked":"SKIP","floor":18.0},{"not_picked":["Dagger Spray","Deadly Poison","Caltrops"],"picked":"SKIP","floor":20.0},{"not_picked":["Slice","Outmaneuver","Dagger Spray"],"picked":"SKIP","floor":22.0},{"not_picked":["Tactician","Eviscerate"],"picked":"Dodge and Roll","floor":24.0},{"not_picked":["Underhanded Strike","Deadly Poison"],"picked":"Night Terror","floor":25.0},{"not_picked":["Well Laid Plans","Dagger Spray"],"picked":"PiercingWail","floor":28.0},{"not_picked":["PiercingWail","Deflect","A Thousand Cuts"],"picked":"SKIP","floor":30.0},{"not_picked":["Unload","Wraith Form v2"],"picked":"Adrenaline","floor":33.0},{"not_picked":[],"picked":"PiercingWail+1","floor":35},{"not_picked":["Flying Knee"],"picked":"SKIP","floor":39},{"not_picked":[],"picked":"Terror","floor":41},{"not_picked":["Blur"],"picked":"SKIP","floor":44},{"not_picked":["Deadly Poison"],"picked":"SKIP","floor":46},{"not_picked":["Blade Dance+1"],"picked":"SKIP","floor":47},{"not_picked":["PiercingWail"],"picked":"SKIP","floor":54}],"player_experience":388762,"relics_obtained":[{"floor":7.0,"key":"Orichalcum"},{"floor":9.0,"key":"Centennial Puzzle"},{"floor":11.0,"key":"Regal Pillow"},{"floor":21.0,"key":"Red Mask"},{"floor":24.0,"key":"MawBank"},{"floor":26.0,"key":"Paper Crane"},{"floor":28.0,"key":"Omamori"},{"floor":38,"key":"Thread and Needle"},{"floor":41,"key":"Juzu Bracelet"},{"floor":45,"key":"Snake Skull"},{"floor":47,"key":"Bag of Marbles"},{"floor":54,"key":"Blood Vial"}],"event_choices":[{"damage_healed":0.0,"max_hp_gain":0.0,"max_hp_loss":0.0,"gold_gain":0.0,"event_name":"Shining Light","player_choice":"Entered Light","floor":3.0,"gold_loss":0.0,"damage_taken":15.0,"cards_upgraded":["Neutralize","Defend_G"]},{"damage_healed":0.0,"max_hp_gain":0.0,"max_hp_loss":0.0,"gold_gain":0.0,"event_name":"Living Wall","player_choice":"Grow","floor":4.0,"gold_loss":0.0,"damage_taken":0.0,"cards_upgraded":["Dash"]},{"damage_healed":0.0,"max_hp_gain":0.0,"max_hp_loss":0.0,"gold_gain":0.0,"event_name":"Match and Keep!","player_choice":"2 cards matched","floor":12.0,"gold_loss":0.0,"damage_taken":0.0,"cards_obtained":["Trip","Flying Knee"]},{"cards_removed":["Defend_G"],"damage_healed":0.0,"max_hp_gain":0.0,"max_hp_loss":0.0,"gold_gain":0.0,"event_name":"Designer","player_choice":"Upgrade and Remove","floor":19.0,"gold_loss":90.0,"damage_taken":0.0,"cards_upgraded":["Defend_G"]},{"damage_healed":0.0,"max_hp_gain":0.0,"max_hp_loss":0.0,"gold_gain":0.0,"event_name":"Masked Bandits","player_choice":"Fought Bandits","floor":21.0,"gold_loss":0.0,"damage_taken":0.0},{"damage_healed":0,"gold_gain":0,"player_choice":"Upgrade","damage_taken":0,"relics_obtained":["Mark of the Bloom"],"max_hp_gain":0,"max_hp_loss":0,"event_name":"MindBloom","floor":36,"gold_loss":0,"cards_upgraded":["Defend_G","Defend_G","Strike_G","Strike_G","Strike_G","Strike_G","Strike_G","Survivor","Expertise","Trip","Flying Knee","Outmaneuver","PiercingWail","Noxious Fumes","Adrenaline"]},{"damage_healed":0,"gold_gain":0,"player_choice":"Fight","damage_taken":0,"max_hp_gain":0,"max_hp_loss":0,"event_name":"Mysterious Sphere","floor":38,"gold_loss":0},{"damage_healed":0,"gold_gain":0,"player_choice":"Ignored","damage_taken":0,"max_hp_gain":0,"max_hp_loss":0,"event_name":"The Moai Head","floor":48,"gold_loss":0}],"is_beta":false,"boss_relics":[{"not_picked":["Astrolabe","Velvet Choker"],"picked":"Cursed Key"},{"not_picked":["Black Star","Coffee Dripper"],"picked":"Busted Crown"}],"items_purged_floors":[31,37,53],"is_endless":false,"potions_floor_spawned":[1,5,11,18,25,28,33,35,39,44,46,47,54],"killed_by":"The Heart","ascension_level":1}