{"gold_per_floor":[111,111,61,75,75,88,88,102,125,125,152,171,7,39,39,137,137,153,172,184,199,47,82,82,114,164,164,182,207,226,252,252,352,352,369,369,422,522,117,150,150,185,208,35,50,0,13,23,23,23,23,23,23,51,51],"floor_reached":56,"playtime":4306,"items_purged":["Strike_B","Pain","Strike_B"],"score":1736,"play_id":"be15b0a7-8831-4814-b2c0-68ec5306d6be","local_time":"20190228123215","is_ascension_mode":true,"campfire_choices":[{"data":"Darkness","floor":7.0,"key":"SMITH"},{"data":"Dualcast","floor":10.0,"key":"SMITH"},{"data":"Apotheosis","floor":15.0,"key":"SMITH"},{"data":"Coolheaded","floor":24.0,"key":"SMITH"},{"data":"Hologram","floor":27.0,"key":"SMITH"},{"data":"Defragment","floor":32.0,"key":"SMITH"},{"data":"Capacitor","floor":41,"key":"SMITH"},{"floor":49,"key":"RECALL"},{"data":"Recycle","floor":52,"key":"SMITH"}],"neow_cost":"NONE","seed_source_timestamp":4667576989800,"circlet_count":0,"master_deck":["Defend_B","Defend_B","Defend_B","Defend_B","Zap","Dualcast+1","Darkness+1","Cold Snap","Hologram+1","Go for the Eyes","Apotheosis+1","Capacitor+1","Echo Form","Coolheaded+1","Turbo+1","Compile Driver","Glacier","Defragment+1","Consume+1","Recycle+1","Creative AI","Discovery+1","Seek+1","Redo+1"],"special_seed":0,"relics":["Nuclear Battery","CultistMask","Potion Belt","Oddly Smooth Stone","Bag of Preparation","Philosopher\u0027s Stone","Ancient Tea Set","Bag of Marbles","Pantograph","Omamori","Calling Bell","Happy Flower","Toxic Egg 2","Mango","Pocketwatch","Bird Faced Urn","FossilizedHelix","Frozen Eye","Bottled Flame","Orichalcum","Boot","Red Mask","Incense Burner"],"potions_floor_usage":[38,55,55,55],"damage_taken":[{"damage":1.0,"enemies":"2 Louse","floor":1.0,"turns":3.0},{"damage":0.0,"enemies":"Small Slimes","floor":4.0,"turns":4.0},{"damage":0.0,"enemies":"Cultist","floor":6.0,"turns":3.0},{"damage":6.0,"enemies":"Lots of Slimes","floor":8.0,"turns":4.0},{"damage":0.0,"enemies":"3 Sentries","floor":11.0,"turns":4.0},{"damage":1.0,"enemies":"Red Slaver","floor":12.0,"turns":2.0},{"damage":0.0,"enemies":"Lagavulin","floor":14.0,"turns":7.0},{"damage":0.0,"enemies":"The Guardian","floor":16.0,"turns":7.0},{"damage":0.0,"enemies":"Spheric Guardian","floor":18.0,"turns":3.0},{"damage":21.0,"enemies":"3 Byrds","floor":19.0,"turns":5.0},{"damage":0.0,"enemies":"Snecko","floor":20.0,"turns":4.0},{"damage":0.0,"enemies":"Shelled Parasite and Fungi","floor":21.0,"turns":5.0},{"damage":0.0,"enemies":"Book of Stabbing","floor":23.0,"turns":7.0},{"damage":6.0,"enemies":"Slavers","floor":25.0,"turns":5.0},{"damage":0.0,"enemies":"3 Cultists","floor":28.0,"turns":5.0},{"damage":2.0,"enemies":"Gremlin Leader","floor":29.0,"turns":6.0},{"damage":4.0,"enemies":"Cultist and Chosen","floor":30.0,"turns":7.0},{"damage":21.0,"enemies":"Slavers","floor":31.0,"turns":8.0},{"damage":0.0,"enemies":"Automaton","floor":33.0,"turns":9.0},{"damage":1,"enemies":"Orb Walker","floor":35,"turns":6},{"damage":33,"enemies":"2 Orb Walkers","floor":37,"turns":6},{"damage":5,"enemies":"Mind Bloom Boss Battle","floor":38,"turns":5},{"damage":0,"enemies":"Giant Head","floor":40,"turns":7},{"damage":0,"enemies":"Nemesis","floor":42,"turns":5},{"damage":0,"enemies":"3 Shapes","floor":45,"turns":4},{"damage":0,"enemies":"Maw","floor":47,"turns":7},{"damage":0,"enemies":"Spire Growth","floor":48,"turns":4},{"damage":0,"enemies":"Time Eater","floor":50,"turns":10},{"damage":28,"enemies":"Shield and Spear","floor":54,"turns":8},{"damage":4,"enemies":"The Heart","floor":55,"turns":11}],"seed_played":"8754151886404264339","potions_obtained":[{"floor":1.0,"key":"PowerPotion"},{"floor":6.0,"key":"SkillPotion"},{"floor":8.0,"key":"Explosive Potion"},{"floor":12.0,"key":"FocusPotion"},{"floor":16.0,"key":"FocusPotion"},{"floor":19.0,"key":"Weak Potion"},{"floor":21.0,"key":"Energy Potion"},{"floor":25.0,"key":"FearPotion"},{"floor":31.0,"key":"SteroidPotion"},{"floor":35,"key":"AttackPotion"},{"floor":42,"key":"SneckoOil"}],"is_trial":false,"path_per_floor":["M","?","?","M","?","M","R","M","T","R","E","M","$","E","R","B",null,"M","M","M","M","$","E","R","E","T","R","M","E","M","E","R","B",null,"M","T","?","?","$","E","R","E","T","$","M","?","M","M","R","B",null,"R","$","E","B",null],"character_chosen":"DEFECT","items_purchased":["Apotheosis","Glacier","Frozen Eye","Discovery+1","Redo+1"],"campfire_rested":0,"item_purchase_floors":[13,22,39,39,44],"current_hp_per_floor":[74,67,67,67,67,67,67,61,61,61,61,60,60,60,60,60,75,75,54,54,54,54,54,54,48,48,48,48,46,42,21,21,46,89,88,88,55,89,89,89,89,89,89,89,89,89,89,89,89,89,89,89,89,65,89],"gold":51,"neow_bonus":"BOSS_RELIC","is_prod":false,"is_daily":false,"chose_seed":false,"campfire_upgraded":8,"win_rate":0,"timestamp":1551328335,"path_taken":["M","?","?","M","?","M","R","M","T","R","E","M","$","E","R","BOSS","M","?","?","M","?","E","R","E","T","R","M","E","?","E","R","BOSS","M","?","?","?","$","E","R","E","T","$","M","?","M","?","R","BOSS","R","$","E","BOSS"],"build_version":"2019-01-23","purchased_purges":3,"victory":true,"max_hp_per_floor":[75,75,75,75,75,75,75,75,75,75,75,75,75,75,75,75,75,75,75,75,75,75,75,75,75,75,75,75,75,75,75,75,75,89,89,89,89,89,89,89,89,89,89,89,89,89,89,89,89,89,89,89,89,89,89],"card_choices":[{"not_picked":["Blizzard","Chill"],"picked":"Darkness","floor":1.0},{"not_picked":["Beam Cell","Sweeping Beam"],"picked":"Cold Snap","floor":4.0},{"not_picked":["Streamline","Recycle","Ball Lightning"],"picked":"SKIP","floor":6.0},{"not_picked":["Skim","Conserve Battery"],"picked":"Hologram","floor":8.0},{"not_picked":["Go for the Eyes","Amplify","Darkness"],"picked":"SKIP","floor":11.0},{"not_picked":["Amplify","Darkness"],"picked":"Go for the Eyes","floor":11.0},{"not_picked":["Go for the Eyes","Chaos","Stack"],"picked":"SKIP","floor":12.0},{"not_picked":["Ball Lightning","Compile Driver"],"picked":"Capacitor","floor":14.0},{"not_picked":["Creative AI","Thunder Strike"],"picked":"Echo Form","floor":16.0},{"not_picked":["Cold Snap","Melter+1","Leap"],"picked":"SKIP","floor":18.0},{"not_picked":["Rebound","Force Field"],"picked":"Coolheaded","floor":19.0},{"not_picked":["Stack","Lockon"],"picked":"Turbo+1","floor":20.0},{"not_picked":["Conserve Battery","Tempest"],"picked":"Compile Driver","floor":21.0},{"not_picked":["Sunder","Stack","Lockon+1"],"picked":"SKIP","floor":23.0},{"not_picked":["Sunder","Stack","Lockon+1"],"picked":"SKIP","floor":23.0},{"not_picked":["Fusion+1","Blizzard","Coolheaded"],"picked":"SKIP","floor":25.0},{"not_picked":["Stack+1","Cold Snap"],"picked":"Defragment","floor":28.0},{"not_picked":["Leap","Chill+1"],"picked":"Consume+1","floor":29.0},{"not_picked":["Sweeping Beam","Core Surge"],"picked":"Recycle","floor":30.0},{"not_picked":["Sweeping Beam","Gash","Chill"],"picked":"SKIP","floor":31.0},{"not_picked":["Sweeping Beam","Gash","Chill"],"picked":"SKIP","floor":31.0},{"not_picked":["Biased Cognition","Rainbow"],"picked":"Creative AI","floor":33.0},{"not_picked":["Go for the Eyes","Static Discharge+1","Rip and Tear+1"],"picked":"SKIP","floor":35},{"not_picked":["Rebound+1","Lockon"],"picked":"Seek+1","floor":40},{"not_picked":["Blizzard+1","Compile Driver","Streamline+1"],"picked":"SKIP","floor":42},{"not_picked":["Compile Driver","Redo+1","Stack+1"],"picked":"SKIP","floor":45},{"not_picked":["Compile Driver","Redo+1","Stack+1"],"picked":"SKIP","floor":45},{"not_picked":["Compile Driver","Redo+1","Stack+1"],"picked":"SKIP","floor":45},{"not_picked":["Sunder+1","Steam+1","Beam Cell+1"],"picked":"SKIP","floor":47},{"not_picked":["Go for the Eyes+1","Consume+1","Redo+1"],"picked":"SKIP","floor":48},{"not_picked":["Chill+1","Sweeping Beam+1","Rebound"],"picked":"SKIP","floor":54}],"player_experience":2668661,"relics_obtained":[{"floor":9.0,"key":"Potion Belt"},{"floor":11.0,"key":"Oddly Smooth Stone"},{"floor":14.0,"key":"Bag of Preparation"},{"floor":23.0,"key":"Ancient Tea Set"},{"floor":25.0,"key":"Bag of Marbles"},{"floor":29.0,"key":"Pantograph"},{"floor":31.0,"key":"Omamori"},{"floor":34,"key":"Happy Flower"},{"floor":34,"key":"Toxic Egg 2"},{"floor":34,"key":"Mango"},{"floor":36,"key":"Pocketwatch"},{"floor":37,"key":"Bird Faced Urn"},{"floor":38,"key":"FossilizedHelix"},{"floor":40,"key":"Bottled Flame"},{"floor":42,"key":"Orichalcum"},{"floor":43,"key":"Boot"},{"floor":54,"key":"Incense Burner"}],"event_choices":[{"cards_removed":["Strike_B"],"damage_healed":0.0,"max_hp_gain":0.0,"max_hp_loss":0.0,"gold_gain":0.0,"event_name":"Golden Wing","player_choice":"Card Removal","floor":2.0,"gold_loss":0.0,"damage_taken":7.0},{"cards_removed":["Strike_B"],"damage_healed":0.0,"max_hp_gain":0.0,"max_hp_loss":0.0,"gold_gain":0.0,"event_name":"The Cleric","player_choice":"Card Removal","floor":3.0,"gold_loss":50.0,"damage_taken":0.0},{"damage_healed":0.0,"max_hp_gain":0.0,"max_hp_loss":0.0,"gold_gain":0.0,"event_name":"FaceTrader","player_choice":"Trade","floor":5.0,"gold_loss":0.0,"damage_taken":0.0,"relics_obtained":["CultistMask"]},{"damage_healed":0,"gold_gain":0,"player_choice":"Fight","damage_taken":0,"max_hp_gain":0,"max_hp_loss":0,"event_name":"Mysterious Sphere","floor":37,"gold_loss":0},{"damage_healed":0,"gold_gain":0,"player_choice":"Fight","damage_taken":0,"max_hp_gain":0,"max_hp_loss":0,"event_name":"MindBloom","floor":38,"gold_loss":0},{"damage_healed":0,"gold_gain":0,"player_choice":"Paid","damage_taken":0,"relics_obtained":["Red Mask"],"max_hp_gain":0,"max_hp_loss":0,"event_name":"Tomb of Lord Red Mask","floor":46,"gold_loss":50}],"is_beta":false,"boss_relics":[{"not_picked":["Velvet Choker","Empty Cage"],"picked":"Philosopher\u0027s Stone"},{"not_picked":["Fusion Hammer","Pandora\u0027s Box"],"picked":"Calling Bell"}],"items_purged_floors":[22,39,44],"is_endless":false,"potions_floor_spawned":[1,6,8,12,16,19,21,25,31,35,37,42],"ascension_level":1}