{"gold_per_floor":[117,117,117,135,153,153,184,184,184,216,231,39,56,56,56,160,190,204,222,241,90,90],"floor_reached":22,"playtime":871,"items_purged":["Regret"],"score":243,"play_id":"f4ef35c6-079f-4920-9a4d-b440006776a1","local_time":"25610803232829","is_ascension_mode":true,"campfire_choices":[{"data":"Sucker Punch","floor":6.0,"key":"SMITH"},{"floor":8.0,"key":"REST"},{"data":"Blade Dance","floor":15,"key":"SMITH"}],"neow_cost":"","seed_source_timestamp":12541159238763,"circlet_count":0,"master_deck":["Defend_G","Defend_G","Defend_G","Defend_G","Defend_G","Strike_G","Strike_G","Strike_G","Strike_G","Survivor","Neutralize","Quick Slash","Sucker Punch+1","Outmaneuver","Poisoned Stab","Blade Dance+1","Acrobatics","A Thousand Cuts","Normality","Parasite","Blade Dance","Underhanded Strike","Unload"],"special_seed":0,"relics":["Ring of the Snake","Question Card","Ninja Scroll","Regal Pillow","Toolbox","Calling Bell","Tiny Chest","Mummified Hand","Dead Branch"],"potions_floor_usage":[10,16,16,16,19,22],"damage_taken":[{"damage":6.0,"enemies":"2 Louse","floor":1.0,"turns":4.0},{"damage":7.0,"enemies":"Cultist","floor":4.0,"turns":4.0},{"damage":4.0,"enemies":"Jaw Worm","floor":5.0,"turns":3.0},{"damage":27.0,"enemies":"3 Sentries","floor":7.0,"turns":6.0},{"damage":0,"enemies":"Gremlin Nob","floor":10,"turns":3},{"damage":9,"enemies":"3 Louse","floor":11,"turns":4},{"damage":4,"enemies":"Lots of Slimes","floor":13,"turns":4},{"damage":21,"enemies":"The Guardian","floor":16,"turns":13},{"damage":24,"enemies":"3 Byrds","floor":18,"turns":5},{"damage":21,"enemies":"2 Thieves","floor":19,"turns":4},{"damage":23,"enemies":"Cultist and Chosen","floor":20,"turns":5},{"damage":15,"enemies":"Sentry and Sphere","floor":22,"turns":3}],"seed_played":"8308545568417528225","potions_obtained":[{"floor":1.0,"key":"EssenceOfSteel"},{"floor":3.0,"key":"Fruit Juice"},{"floor":3.0,"key":"AttackPotion"},{"floor":5.0,"key":"SteroidPotion"},{"floor":11,"key":"SteroidPotion"},{"floor":13,"key":"EssenceOfSteel"},{"floor":16,"key":"GhostInAJar"},{"floor":18,"key":"Swift Potion"}],"is_trial":false,"path_per_floor":["M","?","?","M","M","R","E","R","T","E","M","$","M","?","R","B",null,"M","M","M","$"],"character_chosen":"THE_SILENT","items_purchased":["Toolbox","Unload"],"campfire_rested":1,"item_purchase_floors":[12,21],"current_hp_per_floor":[64,70,70,68,64,64,37,59,59,59,50,50,46,39,39,18,75,51,30,7,7,0],"gold":90,"neow_bonus":"","is_prod":false,"is_daily":false,"chose_seed":false,"campfire_upgraded":2,"win_rate":0,"timestamp":1533313709,"path_taken":["M","?","?","?","M","R","E","R","T","E","M","$","M","?","R","BOSS","M","M","M","$","M"],"build_version":"2018-08-02","purchased_purges":1,"victory":false,"max_hp_per_floor":[70,70,70,75,75,75,75,75,75,75,75,75,75,75,75,75,75,75,75,75,75,75],"card_choices":[{"not_picked":["Deflect","Slice"],"picked":"Quick Slash","floor":1.0},{"not_picked":["Cloak And Dagger","Outmaneuver"],"picked":"Sucker Punch","floor":4.0},{"not_picked":["Dash","Setup"],"picked":"Outmaneuver","floor":5.0},{"not_picked":["Bouncing Flask","Wraith Form v2"],"picked":"Poisoned Stab","floor":7.0},{"not_picked":["Venomology","Dagger Throw","Tactician"],"picked":"Blade Dance","floor":10},{"not_picked":["Outmaneuver","Slice","Eviscerate"],"picked":"Acrobatics","floor":11},{"not_picked":["Calculated Gamble","Deflect","Dodge and Roll","Sucker Punch"],"picked":"SKIP","floor":13},{"not_picked":["Adrenaline","Doppelganger","Grand Finale"],"picked":"A Thousand Cuts","floor":16},{"not_picked":["Dagger Throw","Slice+1","Endless Agony"],"picked":"Blade Dance","floor":18},{"not_picked":["Well Laid Plans","Dodge and Roll","Slice"],"picked":"Underhanded Strike","floor":19},{"not_picked":["Skewer","Deadly Poison","Choke+1","Quick Slash"],"picked":"SKIP","floor":20}],"player_experience":189737,"relics_obtained":[{"floor":7.0,"key":"Question Card"},{"floor":9.0,"key":"Ninja Scroll"},{"floor":10,"key":"Regal Pillow"},{"floor":17,"key":"Tiny Chest"},{"floor":17,"key":"Mummified Hand"},{"floor":17,"key":"Dead Branch"}],"event_choices":[{"event_name":"Wheel of Change","player_choice":"Full Heal","floor":2.0,"damage_taken":0.0},{"event_name":"The Lab","player_choice":"Got Potions","floor":3.0,"damage_taken":0.0},{"event_name":"Golden Wing","player_choice":"Card Removal","floor":14,"damage_taken":0}],"is_beta":false,"boss_relics":[{"not_picked":["Lizard Tail","Runic Dome"],"picked":"Calling Bell"}],"items_purged_floors":[21],"is_endless":false,"potions_floor_spawned":[1,5,11,13,16,18],"killed_by":"Sentry and Sphere","ascension_level":2}