{"gold_per_floor":[118,130,130,141,191,223,53,53,53,53,84,104,133,146,146,225,225,243,293,343,343],"floor_reached":21,"playtime":804,"items_purged":[],"score":444,"play_id":"9b7c5c73-0114-40b2-90f6-16817ee69355","local_time":"20181207221320","is_ascension_mode":true,"campfire_choices":[{"data":"Perfected Strike","floor":8.0,"key":"SMITH"},{"floor":10.0,"key":"REST"},{"data":"Wild Strike","floor":15.0,"key":"SMITH"}],"neow_cost":"NONE","seed_source_timestamp":348064553777,"circlet_count":0,"master_deck":["AscendersBane","Strike_R","Strike_R","Strike_R","Strike_R","Strike_R","Defend_R","Defend_R","Defend_R","Bash","Wild Strike+1","Flex","Perfected Strike+1","Thunderclap","Dual Wield","Demon Form+1","Offering","Pummel","Twin Strike"],"special_seed":0,"relics":["Black Blood","Juzu Bracelet","SsserpentHead","Frozen Egg 2","PreservedInsect","The Courier","Pear","Dodecahedron"],"potions_floor_usage":[20,20],"damage_taken":[{"damage":31.0,"enemies":"Jaw Worm","floor":1.0,"turns":6.0},{"damage":1.0,"enemies":"Cultist","floor":2.0,"turns":3.0},{"damage":0.0,"enemies":"2 Louse","floor":4.0,"turns":2.0},{"damage":35.0,"enemies":"3 Sentries","floor":6.0,"turns":8.0},{"damage":0.0,"enemies":"Gremlin Nob","floor":11.0,"turns":2.0},{"damage":3.0,"enemies":"2 Fungi Beasts","floor":12.0,"turns":3.0},{"damage":15.0,"enemies":"Lagavulin","floor":13.0,"turns":5.0},{"damage":8.0,"enemies":"Blue Slaver","floor":14.0,"turns":2.0},{"damage":38.0,"enemies":"Slime Boss","floor":16.0,"turns":7.0},{"damage":34.0,"enemies":"3 Byrds","floor":18.0,"turns":4.0},{"damage":36,"enemies":"Colosseum Slavers","floor":20,"turns":3},{"damage":30,"enemies":"Chosen","floor":21,"turns":3}],"seed_played":"-2383172091017340616","potions_obtained":[{"floor":6.0,"key":"FearPotion"},{"floor":11.0,"key":"Ancient Potion"},{"floor":13.0,"key":"Dexterity Potion"},{"floor":18.0,"key":"Swift Potion"}],"is_trial":false,"path_per_floor":["M","M","?","M","?","E","$","R","T","R","E","M","E","M","R","B",null,"M","?","?","M"],"character_chosen":"IRONCLAD","items_purchased":["PreservedInsect","Energy Potion"],"campfire_rested":1,"item_purchase_floors":[7,7],"current_hp_per_floor":[43,48,48,54,54,25,25,25,25,47,63,66,57,55,55,23,70,46,46,20,0],"gold":343,"neow_bonus":"RANDOM_COMMON_RELIC","is_prod":false,"is_daily":false,"chose_seed":false,"campfire_upgraded":2,"win_rate":0,"timestamp":1544192000,"path_taken":["M","M","?","M","?","E","?","R","T","R","E","M","E","M","R","BOSS","M","?","?","M"],"build_version":"2018-12-06","purchased_purges":0,"victory":false,"max_hp_per_floor":[75,75,75,75,75,75,75,75,75,75,85,85,85,85,85,85,85,85,85,85,85],"card_choices":[{"not_picked":["Flex","Iron Wave"],"picked":"Wild Strike","floor":1.0},{"not_picked":["Ghostly Armor","Armaments"],"picked":"Flex","floor":2.0},{"not_picked":["Cleave","Pommel Strike"],"picked":"Perfected Strike","floor":4.0},{"not_picked":["Anger","Havoc"],"picked":"Thunderclap","floor":6.0},{"not_picked":["Clash","Feel No Pain+1"],"picked":"Dual Wield","floor":11.0},{"not_picked":["Carnage","Shrug It Off","Dual Wield"],"picked":"SKIP","floor":12.0},{"not_picked":["Uppercut","Warcry"],"picked":"Demon Form+1","floor":13.0},{"not_picked":["Heavy Blade","Pummel","Intimidate"],"picked":"SKIP","floor":14.0},{"not_picked":["Double Tap","Immolate"],"picked":"Offering","floor":16.0},{"not_picked":["Pummel","Wild Strike","Cleave"],"picked":"SKIP","floor":18.0},{"not_picked":["Wild Strike","Cleave"],"picked":"Pummel","floor":18.0}],"player_experience":2299992,"relics_obtained":[{"floor":6.0,"key":"Frozen Egg 2"},{"floor":9.0,"key":"The Courier"},{"floor":11.0,"key":"Pear"},{"floor":13.0,"key":"Dodecahedron"}],"event_choices":[{"damage_healed":0.0,"max_hp_gain":0.0,"max_hp_loss":0.0,"gold_gain":0.0,"event_name":"FaceTrader","player_choice":"Trade","floor":3.0,"gold_loss":0.0,"damage_taken":0.0,"relics_obtained":["SsserpentHead"]},{"cards_removed":["Defend_R"],"damage_healed":0.0,"max_hp_gain":0.0,"max_hp_loss":0.0,"gold_gain":0.0,"event_name":"Bonfire Elementals","player_choice":"Offered Basic","floor":5.0,"gold_loss":0.0,"damage_taken":0.0},{"damage_healed":0.0,"max_hp_gain":0.0,"max_hp_loss":0.0,"gold_gain":0.0,"event_name":"The Library","player_choice":"Read","floor":19.0,"gold_loss":0.0,"damage_taken":0.0,"cards_obtained":["Twin Strike"]},{"damage_healed":0,"gold_gain":0,"player_choice":"Fight","damage_taken":0,"max_hp_gain":0,"max_hp_loss":0,"event_name":"Colosseum","floor":20,"gold_loss":0},{"damage_healed":0,"gold_gain":0,"player_choice":"Fled From Nobs","damage_taken":0,"max_hp_gain":0,"max_hp_loss":0,"event_name":"Colosseum","floor":20,"gold_loss":0}],"is_beta":false,"boss_relics":[{"not_picked":["Pandora\u0027s Box","Astrolabe"],"picked":"Black Blood"}],"items_purged_floors":[],"is_endless":false,"potions_floor_spawned":[6,11,13,18,20],"killed_by":"Chosen","ascension_level":20}