{"gold_per_floor":[119,135,149,166,166,166,10,10,10,34,34,34,34,75,75,171,171,195,20,39,60,74,89,89,4,4,4,29,29,60,260,260,353,353,367,381,401,421,77,117,242,242,242,242,92,126,141,180,180,180,180,180,180,5,45,45],"floor_reached":56,"playtime":3526,"items_purged":["Strike_G","Strike_G","Strike_G","Finisher+1","Defend_G"],"score":2549,"play_id":"0fd1c323-f1d9-4cb4-8d31-4f293c8dcce3","local_time":"20181231194236","is_ascension_mode":true,"campfire_choices":[{"data":"Neutralize","floor":6.0,"key":"SMITH"},{"data":"Noxious Fumes","floor":11.0,"key":"SMITH"},{"data":"Finisher","floor":13.0,"key":"SMITH"},{"data":"Well Laid Plans","floor":15.0,"key":"SMITH"},{"data":"Prepared","floor":24.0,"key":"SMITH"},{"data":"Footwork","floor":27.0,"key":"SMITH"},{"data":"Escape Plan","floor":29.0,"key":"SMITH"},{"data":"Backflip","floor":32.0,"key":"SMITH"},{"floor":44.0,"key":"RECALL"},{"data":"Doppelganger","floor":49.0,"key":"SMITH"},{"data":"Survivor","floor":53.0,"key":"SMITH"}],"neow_cost":"NONE","seed_source_timestamp":224694485333,"circlet_count":0,"master_deck":["AscendersBane","Defend_G","Defend_G","Defend_G","Survivor+1","Neutralize+1","Escape Plan+1","Noxious Fumes+1","Heel Hook","Well Laid Plans+1","Grand Finale+1","Footwork+1","Backflip+1","Prepared+1","Grand Finale+1","Doppelganger+1","Terror+1"],"special_seed":0,"relics":["Ring of the Snake","Orichalcum","Golden Idol","Blood Vial","Molten Egg 2","Empty Cage","Dead Branch","Thread and Needle","Centennial Puzzle","Coffee Dripper","Lee\u0027s Waffle","Torii","StoneCalendar","Blue Candle","Tingsha","Lantern","Art of War"],"potions_floor_usage":[56,56],"damage_taken":[{"damage":0.0,"enemies":"Cultist","floor":1.0,"turns":4.0},{"damage":1.0,"enemies":"Small Slimes","floor":2.0,"turns":3.0},{"damage":1.0,"enemies":"Jaw Worm","floor":3.0,"turns":4.0},{"damage":3.0,"enemies":"Blue Slaver","floor":4.0,"turns":5.0},{"damage":3.0,"enemies":"Exordium Thugs","floor":10.0,"turns":5.0},{"damage":7.0,"enemies":"Lagavulin","floor":14.0,"turns":7.0},{"damage":0.0,"enemies":"The Guardian","floor":16.0,"turns":10.0},{"damage":8.0,"enemies":"3 Byrds","floor":18.0,"turns":4.0},{"damage":4.0,"enemies":"Shell Parasite","floor":20.0,"turns":8.0},{"damage":9.0,"enemies":"3 Cultists","floor":21.0,"turns":4.0},{"damage":0.0,"enemies":"Chosen and Byrds","floor":22.0,"turns":3.0},{"damage":11.0,"enemies":"Snake Plant","floor":23.0,"turns":4.0},{"damage":0.0,"enemies":"Centurion and Healer","floor":28.0,"turns":3.0},{"damage":13.0,"enemies":"Slavers","floor":30.0,"turns":2.0},{"damage":0.0,"enemies":"Champ","floor":33.0,"turns":7.0},{"damage":0.0,"enemies":"Orb Walker","floor":35.0,"turns":3.0},{"damage":26.0,"enemies":"3 Darklings","floor":36.0,"turns":4.0},{"damage":3.0,"enemies":"Writhing Mass","floor":37.0,"turns":2.0},{"damage":4.0,"enemies":"Maw","floor":38.0,"turns":5.0},{"damage":0.0,"enemies":"Nemesis","floor":40.0,"turns":3.0},{"damage":0.0,"enemies":"Mind Bloom Boss Battle","floor":41.0,"turns":3.0},{"damage":1.0,"enemies":"Reptomancer","floor":46.0,"turns":4.0},{"damage":0.0,"enemies":"Spire Growth","floor":47.0,"turns":2.0},{"damage":1.0,"enemies":"Giant Head","floor":48.0,"turns":4.0},{"damage":0.0,"enemies":"Awakened One","floor":50.0,"turns":8.0},{"damage":31.0,"enemies":"Time Eater","floor":51.0,"turns":3.0},{"damage":12.0,"enemies":"Shield and Spear","floor":55.0,"turns":4.0},{"damage":37,"enemies":"The Heart","floor":56,"turns":6}],"seed_played":"8605009119369277375","potions_obtained":[{"floor":1.0,"key":"Weak Potion"},{"floor":3.0,"key":"FearPotion"},{"floor":14.0,"key":"Dexterity Potion"},{"floor":16.0,"key":"GamblersBrew"},{"floor":18.0,"key":"Fire Potion"},{"floor":23.0,"key":"Poison Potion"},{"floor":37.0,"key":"Ancient Potion"},{"floor":48.0,"key":"Weak Potion"}],"is_trial":false,"path_per_floor":["M","M","M","M","?","R","$","?","T","M","R","$","R","E","R",null,"M","$","M","M","M","R","?","T","R","M","R","E","?","R","B","M","M","M","$","?","T","T","R","$","E","E","R","B",null,"R","$","E"],"character_chosen":"THE_SILENT","items_purchased":["Well Laid Plans","Footwork","Lee\u0027s Waffle"],"campfire_rested":0,"item_purchase_floors":[7,19,39],"current_hp_per_floor":[59,58,57,54,54,54,54,54,54,53,53,53,53,48,48,50,58,52,52,50,43,45,36,36,36,36,36,38,38,27,27,27,29,52,54,30,29,27,67,67,67,67,67,67,67,66,67,66,66,67,36,59,59,59,49,14],"gold":45,"neow_bonus":"RANDOM_COMMON_RELIC","is_prod":false,"is_daily":false,"chose_seed":false,"campfire_upgraded":10,"win_rate":0,"timestamp":1546256556,"path_taken":["M","M","M","?","?","R","?","?","T","M","R","?","R","E","R","BOSS","M","$","M","M","M","M","R","?","T","R","M","R","E","?","R","BOSS","M","?","M","M","$","E","?","?","T","R","?","E","M","E","R","BOSS","BOSS","R","$","E","BOSS"],"build_version":"2018-12-25","purchased_purges":5,"victory":false,"max_hp_per_floor":[66,66,66,66,66,66,66,60,60,60,60,60,60,60,60,60,60,60,60,60,60,60,60,60,60,60,60,60,60,60,60,60,60,60,60,60,60,60,67,67,67,67,67,67,67,67,67,67,67,67,67,67,67,67,67,67],"card_choices":[{"not_picked":["Accuracy","Dagger Spray"],"picked":"Finisher","floor":1.0},{"not_picked":["Acrobatics","Dodge and Roll"],"picked":"Escape Plan","floor":2.0},{"not_picked":["PiercingWail","Heel Hook"],"picked":"Noxious Fumes","floor":3.0},{"not_picked":["Accuracy","Acrobatics"],"picked":"Heel Hook","floor":4.0},{"not_picked":["Outmaneuver","Dagger Spray","Riddle With Holes"],"picked":"SKIP","floor":10.0},{"not_picked":["Quick Slash","Prepared","Dodge and Roll"],"picked":"SKIP","floor":14.0},{"not_picked":["Venomology","Glass Knife+1"],"picked":"Grand Finale+1","floor":16.0},{"not_picked":["Poisoned Stab+1","Slice+1","Deadly Poison"],"picked":"SKIP","floor":18.0},{"not_picked":["Dagger Spray+1","All Out Attack+1","Poisoned Stab+1"],"picked":"SKIP","floor":20.0},{"not_picked":["PiercingWail+1","Noxious Fumes","Skewer+1"],"picked":"SKIP","floor":21.0},{"not_picked":["Skewer+1","Tactician"],"picked":"Backflip","floor":22.0},{"not_picked":["Escape Plan","Flying Knee+1"],"picked":"Prepared","floor":23.0},{"not_picked":["Sucker Punch+1","Dagger Spray+1","Concentrate"],"picked":"SKIP","floor":28.0},{"not_picked":["Sucker Punch+1","Dagger Spray+1","Concentrate"],"picked":"SKIP","floor":28.0},{"not_picked":["Sucker Punch+1","PiercingWail"],"picked":"Grand Finale+1","floor":30.0},{"not_picked":["Grand Finale+1","Glass Knife+1"],"picked":"Doppelganger","floor":33.0},{"not_picked":["Riddle With Holes+1","Poisoned Stab+1"],"picked":"Terror+1","floor":35.0},{"not_picked":["Concentrate","Quick Slash+1","Cloak And Dagger"],"picked":"SKIP","floor":36.0},{"not_picked":["Concentrate","Quick Slash+1","Cloak And Dagger"],"picked":"SKIP","floor":36.0},{"not_picked":["Concentrate","Quick Slash+1","Cloak And Dagger"],"picked":"SKIP","floor":36.0},{"not_picked":["Deflect","Catalyst","Choke+1"],"picked":"SKIP","floor":37.0},{"not_picked":["Deflect","Catalyst","Choke+1"],"picked":"SKIP","floor":37.0},{"not_picked":["Footwork","Bouncing Flask","Tactician"],"picked":"SKIP","floor":38.0},{"not_picked":["Footwork","Bouncing Flask","Tactician"],"picked":"SKIP","floor":38.0},{"not_picked":["Slice+1","Burst","Choke+1"],"picked":"SKIP","floor":40.0},{"not_picked":["Dagger Throw+1","Crippling Poison","Bane+1"],"picked":"SKIP","floor":46.0},{"not_picked":["Distraction","Dodge and Roll+1","Dash+1"],"picked":"SKIP","floor":47.0},{"not_picked":["Accuracy","Backstab+1","Prepared+1"],"picked":"SKIP","floor":48.0},{"not_picked":["Accuracy","Backstab+1","Prepared+1"],"picked":"SKIP","floor":48.0},{"not_picked":["Accuracy","Backstab+1","Prepared+1"],"picked":"SKIP","floor":48.0},{"not_picked":["Endless Agony+1","PiercingWail","Well Laid Plans"],"picked":"SKIP","floor":55.0}],"player_experience":1205394,"relics_obtained":[{"floor":9.0,"key":"Blood Vial"},{"floor":14.0,"key":"Molten Egg 2"},{"floor":26.0,"key":"Thread and Needle"},{"floor":30.0,"key":"Centennial Puzzle"},{"floor":40.0,"key":"Torii"},{"floor":41.0,"key":"StoneCalendar"},{"floor":43.0,"key":"Blue Candle"},{"floor":46.0,"key":"Tingsha"},{"floor":48.0,"key":"Lantern"},{"floor":55.0,"key":"Art of War"}],"event_choices":[{"cards_removed":["Strike_G"],"damage_healed":0.0,"max_hp_gain":0.0,"max_hp_loss":0.0,"gold_gain":0.0,"event_name":"Wheel of Change","player_choice":"Card Removal","floor":5.0,"gold_loss":0.0,"damage_taken":0.0},{"damage_healed":0.0,"max_hp_gain":0.0,"max_hp_loss":6.0,"gold_gain":0.0,"event_name":"Golden Idol","player_choice":"Lose Max HP","floor":8.0,"gold_loss":0.0,"damage_taken":0.0,"relics_obtained":["Golden Idol"]},{"damage_healed":0.0,"max_hp_gain":0.0,"max_hp_loss":0.0,"gold_gain":0.0,"event_name":"Addict","player_choice":"Obtained Relic","floor":25.0,"gold_loss":85.0,"damage_taken":0.0,"relics_obtained":["Dead Branch"]},{"damage_healed":0.0,"max_hp_gain":0.0,"max_hp_loss":0.0,"gold_gain":200.0,"event_name":"Wheel of Change","player_choice":"Gold","floor":31.0,"gold_loss":0.0,"damage_taken":0.0},{"damage_healed":0.0,"max_hp_gain":0.0,"max_hp_loss":0.0,"gold_gain":0.0,"event_name":"MindBloom","player_choice":"Fight","floor":41.0,"gold_loss":0.0,"damage_taken":0.0}],"is_beta":true,"boss_relics":[{"not_picked":["Busted Crown","Cursed Key"],"picked":"Empty Cage"},{"not_picked":["Orrery","Pandora\u0027s Box"],"picked":"Coffee Dripper"}],"items_purged_floors":[7,19,39,45,54],"is_endless":false,"potions_floor_spawned":[1,3,14,16,18,23,30,33,36,37,40,48],"killed_by":"The Heart","ascension_level":20}