{"gold_per_floor":[20,30,43,61,61,75,75,106,129,147,147,112,112,148,148,241,241,262,276,276,276,299,299,338,354,404,423,423,462,485,2,2,2],"floor_reached":33,"playtime":2130,"items_purged":["Strike_R"],"score":523,"play_id":"7f4d400b-c540-4825-a231-d83e6592e517","local_time":"20180727091718","is_ascension_mode":true,"campfire_choices":[{"data":"1","floor":7,"key":"LIFT"},{"data":"2","floor":11,"key":"LIFT"},{"data":"3","floor":13,"key":"LIFT"},{"data":"Bash","floor":15,"key":"SMITH"},{"floor":23,"key":"REST"},{"data":"Shockwave","floor":28,"key":"SMITH"},{"floor":32,"key":"REST"}],"neow_cost":"NO_GOLD","seed_source_timestamp":6062138365804,"circlet_count":0,"master_deck":["Strike_R","Strike_R","Strike_R","Strike_R","Defend_R","Defend_R","Defend_R","Defend_R","Bash+1","AscendersBane","Cleave","Pommel Strike","Armaments","Offering","Shrug It Off","Immolate","Battle Trance","Shockwave+1","True Grit","Sword Boomerang","Ghostly Armor","Shrug It Off","Power Through","Master of Strategy"],"relics":["Burning Blood","Girya","Golden Idol","Meat on the Bone","Regal Pillow","Lantern","Orrery","SsserpentHead","Omamori","Happy Flower","Centennial Puzzle","Potion Belt"],"potions_floor_usage":[6,8,24,33],"damage_taken":[{"damage":0,"enemies":"Small Slimes","floor":1,"turns":3},{"damage":2,"enemies":"Jaw Worm","floor":2,"turns":3},{"damage":6,"enemies":"Cultist","floor":3,"turns":3},{"damage":10,"enemies":"3 Louse","floor":4,"turns":4},{"damage":9,"enemies":"Exordium Wildlife","floor":6,"turns":4},{"damage":18,"enemies":"Gremlin Nob","floor":8,"turns":4},{"damage":6,"enemies":"Looter","floor":10,"turns":2},{"damage":9,"enemies":"3 Sentries","floor":14,"turns":6},{"damage":20,"enemies":"Slime Boss","floor":16,"turns":7},{"damage":32,"enemies":"Shell Parasite","floor":18,"turns":5},{"damage":19,"enemies":"Spheric Guardian","floor":19,"turns":4},{"damage":21,"enemies":"Cultist and Chosen","floor":22,"turns":5},{"damage":24,"enemies":"Slavers","floor":24,"turns":3},{"damage":12,"enemies":"Centurion and Healer","floor":25,"turns":8},{"damage":5,"enemies":"3 Cultists","floor":27,"turns":2},{"damage":43,"enemies":"Gremlin Leader","floor":29,"turns":7},{"damage":5,"enemies":"Chosen and Byrds","floor":30,"turns":4},{"damage":101,"enemies":"Collector","floor":33,"turns":11}],"seed_played":"7601108876108281475","potions_obtained":[{"floor":1,"key":"Energy Potion"},{"floor":2,"key":"Explosive Potion"},{"floor":10,"key":"Weak Potion"},{"floor":16,"key":"Ancient Potion"},{"floor":18,"key":"SkillPotion"},{"floor":25,"key":"Ancient Potion"}],"is_trial":false,"path_per_floor":["M","M","M","M","?","M","R","E","T","M","R","?","R","E","R","B",null,"M","M","?","?","M","R","E","M","T","M","R","E","M","$","R"],"character_chosen":"IRONCLAD","items_purchased":["Potion Belt","Swift Potion","Master of Strategy"],"campfire_rested":2,"item_purchase_floors":[31,31,31],"current_hp_per_floor":[74,75,75,71,45,42,42,30,30,42,42,60,60,57,57,55,70,44,43,43,43,40,75,57,51,51,52,52,27,40,40,75,0],"gold":2,"neow_bonus":"ONE_RARE_RELIC","is_prod":false,"is_daily":false,"chose_seed":false,"campfire_upgraded":2,"win_rate":0,"timestamp":1532708238,"path_taken":["M","M","M","M","?","M","R","E","T","M","R","?","R","E","R","BOSS","M","M","?","?","M","R","E","M","T","M","R","E","M","$","R","BOSS"],"build_version":"2018-07-26","purchased_purges":1,"victory":false,"max_hp_per_floor":[75,75,75,75,75,75,75,75,75,75,75,75,75,75,75,75,75,75,75,75,75,75,75,75,75,75,75,75,75,75,75,75,75],"card_choices":[{"not_picked":["Infernal Blade","Sever Soul"],"picked":"Cleave","floor":1},{"not_picked":["Havoc","Feel No Pain"],"picked":"Pommel Strike","floor":2},{"not_picked":["Pommel Strike","Flex"],"picked":"Armaments","floor":3},{"not_picked":["Infernal Blade","Uppercut","Armaments"],"picked":"SKIP","floor":4},{"not_picked":["Flex","Dropkick","Thunderclap"],"picked":"SKIP","floor":6},{"not_picked":["Clash","Wild Strike"],"picked":"Offering","floor":8},{"not_picked":["Body Slam","Flex"],"picked":"Shrug It Off","floor":10},{"not_picked":["Clash","Exhume","Warcry"],"picked":"SKIP","floor":14},{"not_picked":["Barricade","Offering"],"picked":"Immolate","floor":16},{"not_picked":["Infernal Blade","Spot Weakness"],"picked":"Battle Trance","floor":17},{"not_picked":["Searing Blow","Cleave"],"picked":"Shockwave","floor":17},{"not_picked":["Rage","Rupture"],"picked":"True Grit","floor":17},{"not_picked":["Headbutt","Thunderclap"],"picked":"Sword Boomerang","floor":17},{"not_picked":["Sentinel","Heavy Blade","Sever Soul"],"picked":"SKIP","floor":18},{"not_picked":["Pommel Strike","Infernal Blade"],"picked":"Ghostly Armor","floor":19},{"not_picked":["Clothesline+1","Whirlwind"],"picked":"Shrug It Off","floor":22},{"not_picked":["Cleave+1","Iron Wave","Anger"],"picked":"SKIP","floor":24},{"not_picked":["Whirlwind","Shockwave","Armaments"],"picked":"SKIP","floor":25},{"not_picked":["Rage","Perfected Strike","Anger"],"picked":"SKIP","floor":27},{"not_picked":["Uppercut","Sever Soul"],"picked":"Power Through","floor":29},{"not_picked":["Perfected Strike","Body Slam","Cleave"],"picked":"SKIP","floor":30}],"player_experience":906443,"relics_obtained":[{"floor":8,"key":"Meat on the Bone"},{"floor":9,"key":"Regal Pillow"},{"floor":14,"key":"Lantern"},{"floor":24,"key":"Omamori"},{"floor":26,"key":"Happy Flower"},{"floor":29,"key":"Centennial Puzzle"}],"event_choices":[{"event_name":"Golden Idol","player_choice":"Take Damage","floor":5,"damage_taken":0},{"event_name":"The Cleric","player_choice":"Healed","floor":12,"damage_taken":0},{"event_name":"The Mausoleum","player_choice":"No","floor":20,"damage_taken":0},{"event_name":"FaceTrader","player_choice":"Trade","floor":21,"damage_taken":0}],"is_beta":false,"boss_relics":[{"not_picked":["Calling Bell","Lizard Tail"],"picked":"Orrery"}],"items_purged_floors":[31],"is_endless":false,"potions_floor_spawned":[1,2,10,16,18,19,22,25],"killed_by":"Collector","ascension_level":15}