{"gold_per_floor":[216,216,55,74,149,1,33,49,122,122,139,155,155,173,173,251,251,271,271,291,306,316,316,349,349,349,374,374,406,406,178,178,249,249,260,135,145,145,2,12,31,63,119,171,171,204,204,204,204,204],"floor_reached":51,"playtime":2389,"items_purged":["Strike_B","Strike_B","Defend_B"],"score":1298,"play_id":"ea60ae37-7cb5-4680-b0d6-d50e5c34bb02","local_time":"20181004123218","is_ascension_mode":true,"campfire_choices":[{"data":"Zap","floor":10,"key":"SMITH"},{"data":"Go for the Eyes","floor":13,"key":"SMITH"},{"data":"Dualcast","floor":15,"key":"SMITH"},{"floor":23,"key":"REST"},{"data":"Consume","floor":25,"key":"SMITH"},{"floor":32,"key":"REST"},{"floor":47,"key":"REST"},{"floor":49,"key":"REST"}],"neow_cost":"NONE","seed_source_timestamp":12640868673192,"circlet_count":0,"master_deck":["Strike_B","Defend_B","Defend_B","Defend_B","Zap+1","Dualcast+1","AscendersBane","Compile Driver","Consume+1","BootSequence","Rip and Tear","Auto Shields","Cold Snap","Ball Lightning","Melter","Echo Form","Cold Snap","Streamline","White Noise+1","Go for the Eyes+1","Leap+1","Defragment","Coolheaded+1","Loop","Seek+1","Conserve Battery+1","Leap+1","Self Repair+1","Glacier+1","Stack+1","Discovery+1"],"special_seed":0,"relics":["Cracked Core","Pen Nib","Gremlin Horn","Sozu","DataDisk","Letter Opener","Toxic Egg 2","Symbiotic Virus","Orichalcum","Black Star","Happy Flower","Blue Candle","Question Card","Tiny Chest","Shovel","Molten Egg 2","Ancient Tea Set","Bag of Marbles"],"potions_floor_usage":[7,14,16,24],"damage_taken":[{"damage":1.0,"enemies":"Cultist","floor":1.0,"turns":3.0},{"damage":7.0,"enemies":"Small Slimes","floor":4.0,"turns":3.0},{"damage":22,"enemies":"Gremlin Nob","floor":7,"turns":4},{"damage":1,"enemies":"2 Louse","floor":8,"turns":3},{"damage":3,"enemies":"Blue Slaver","floor":11,"turns":4},{"damage":2,"enemies":"Exordium Wildlife","floor":12,"turns":3},{"damage":1,"enemies":"Looter","floor":14,"turns":3},{"damage":12,"enemies":"The Guardian","floor":16,"turns":9},{"damage":0,"enemies":"Chosen","floor":18,"turns":3},{"damage":0,"enemies":"Shell Parasite","floor":20,"turns":6},{"damage":0,"enemies":"Sentry and Sphere","floor":21,"turns":2},{"damage":0,"enemies":"Snake Plant","floor":22,"turns":4},{"damage":8,"enemies":"Book of Stabbing","floor":24,"turns":5},{"damage":7,"enemies":"Gremlin Leader","floor":27,"turns":7},{"damage":19,"enemies":"Book of Stabbing","floor":29,"turns":6},{"damage":41,"enemies":"Collector","floor":33,"turns":12},{"damage":0,"enemies":"Orb Walker","floor":35,"turns":2},{"damage":0,"enemies":"3 Shapes","floor":37,"turns":4},{"damage":2,"enemies":"Transient","floor":40,"turns":5},{"damage":3,"enemies":"Reptomancer","floor":41,"turns":6},{"damage":20,"enemies":"Nemesis","floor":42,"turns":9},{"damage":9,"enemies":"Mysterious Sphere","floor":44,"turns":5},{"damage":27,"enemies":"2 Orb Walkers","floor":46,"turns":8},{"damage":36,"enemies":"Time Eater","floor":50,"turns":22}],"seed_played":"-3363947003804144910","potions_obtained":[{"floor":7,"key":"GamblersBrew"},{"floor":12,"key":"FocusPotion"},{"floor":16,"key":"LiquidBronze"}],"is_trial":false,"path_per_floor":["M","?","$","M","?","$","E","M","T","R","M","M","R","M","R","B",null,"M","?","M","M","M","R","E","R","T","E","T","E","?","$","R","B",null,"M","$","M","?","$","M","M","E","T","?","T","E","R","?","R","B"],"character_chosen":"DEFECT","items_purchased":["Go for the Eyes","Consume","Rip and Tear","FocusPotion","Coolheaded+1","Loop","Happy Flower"],"campfire_rested":4,"item_purchase_floors":[3,3,6,6,31,31,39],"current_hp_per_floor":[63,63,63,56,45,45,23,22,22,22,19,17,17,16,16,4,54,54,54,54,54,54,71,63,63,63,56,56,44,58,58,71,30,61,61,61,61,61,61,59,56,36,36,37,37,27,48,48,69,43],"gold":204,"neow_bonus":"HUNDRED_GOLD","is_prod":false,"is_daily":false,"chose_seed":false,"campfire_upgraded":4,"win_rate":0,"timestamp":1538681538,"path_taken":["M","?","$","M","?","?","E","M","T","R","M","?","R","M","R","BOSS","M","?","?","M","M","R","E","R","T","E","?","E","?","$","R","BOSS","M","$","M","?","$","M","M","E","T","?","?","E","R","?","R","BOSS"],"build_version":"2018-09-27","purchased_purges":3,"victory":true,"max_hp_per_floor":[71,71,71,71,71,71,71,71,71,71,71,71,71,71,71,71,71,71,71,71,71,71,71,71,71,71,71,71,71,71,71,71,71,71,71,71,71,71,71,71,71,71,71,71,71,71,71,71,71,71],"card_choices":[{"not_picked":["Fusion","Hologram"],"picked":"Compile Driver","floor":1.0},{"not_picked":["Consume","Static Discharge"],"picked":"BootSequence","floor":4.0},{"not_picked":["Reinforced Body","Hello World"],"picked":"Auto Shields","floor":7},{"not_picked":["Turbo","BootSequence","Force Field"],"picked":"SKIP","floor":8},{"not_picked":["Streamline","Self Repair"],"picked":"Cold Snap","floor":11},{"not_picked":["Machine Learning","Consume"],"picked":"Ball Lightning","floor":12},{"not_picked":["Redo","Sweeping Beam"],"picked":"Melter","floor":14},{"not_picked":["Seek","Buffer"],"picked":"Echo Form","floor":16},{"not_picked":["Ball Lightning","Double Energy"],"picked":"Cold Snap","floor":18},{"not_picked":["Cold Snap","Hologram"],"picked":"Streamline","floor":20},{"not_picked":["Steam Power","Go for the Eyes"],"picked":"White Noise+1","floor":21},{"not_picked":["Creative AI","Hello World"],"picked":"Go for the Eyes+1","floor":22},{"not_picked":["Lockon","Conserve Battery","Go for the Eyes"],"picked":"SKIP","floor":24},{"not_picked":["Redo","Coolheaded"],"picked":"Leap+1","floor":27},{"not_picked":["All For One","Rip and Tear"],"picked":"Defragment","floor":29},{"not_picked":["Fission+1","Thunder Strike"],"picked":"Seek+1","floor":33},{"not_picked":["Auto Shields+1","Scrape"],"picked":"Conserve Battery+1","floor":35},{"not_picked":["Sweeping Beam","Leap+1","Conserve Battery+1"],"picked":"SKIP","floor":37},{"not_picked":["Melter","Double Energy+1","Aggregate+1"],"picked":"SKIP","floor":40},{"not_picked":["Conserve Battery+1","Ball Lightning"],"picked":"Leap+1","floor":41},{"not_picked":["Amplify+1","Reprogram+1"],"picked":"Self Repair+1","floor":42},{"not_picked":["Coolheaded+1","Barrage","Blizzard"],"picked":"Glacier+1","floor":44},{"not_picked":["Barrage+1","Compile Driver+1","Reinforced Body+1"],"picked":"Stack+1","floor":46},{"not_picked":["Bandage Up+1","Sadistic Nature","Metamorphosis+1"],"picked":"Discovery+1","floor":48}],"player_experience":1262913,"relics_obtained":[{"floor":7,"key":"Pen Nib"},{"floor":9,"key":"Gremlin Horn"},{"floor":24,"key":"DataDisk"},{"floor":26,"key":"Letter Opener"},{"floor":27,"key":"Toxic Egg 2"},{"floor":28,"key":"Symbiotic Virus"},{"floor":29,"key":"Orichalcum"},{"floor":42,"key":"Blue Candle"},{"floor":42,"key":"Question Card"},{"floor":43,"key":"Tiny Chest"},{"floor":44,"key":"Shovel"},{"floor":45,"key":"Molten Egg 2"},{"floor":46,"key":"Ancient Tea Set"},{"floor":46,"key":"Bag of Marbles"}],"event_choices":[{"event_name":"Purifier","player_choice":"One Purge","floor":2.0,"damage_taken":0.0},{"event_name":"World of Goop","player_choice":"Gather Gold","floor":5.0,"damage_taken":0.0},{"event_name":"The Mausoleum","player_choice":"No","floor":19,"damage_taken":0},{"event_name":"The Library","player_choice":"Heal","floor":30,"damage_taken":0},{"event_name":"Falling","player_choice":"Removed Attack","floor":38,"damage_taken":0},{"event_name":"Mysterious Sphere","player_choice":"Fight","floor":44,"damage_taken":0},{"event_name":"SensoryStone","player_choice":"Memory 1","floor":48,"damage_taken":0}],"is_beta":false,"boss_relics":[{"not_picked":["Coffee Dripper","Runic Dome"],"picked":"Sozu"},{"not_picked":["Fusion Hammer","Runic Pyramid"],"picked":"Black Star"}],"items_purged_floors":[3,31,36],"is_endless":false,"potions_floor_spawned":[7,12,16,21,24,27,35,40,41,44],"ascension_level":15}