{"gold_per_floor":[15,15,0,12,26,26,38,49,49,376,376,458,493,505,505,576,576,594,594,594,618,630,630],"floor_reached":23,"playtime":1301,"items_purged":[],"score":402,"play_id":"9c217683-a6aa-46b7-8496-4f311992efef","local_time":"20190428190352","is_ascension_mode":true,"campfire_choices":[{"data":"Streamline","floor":6.0,"key":"SMITH"},{"data":"Beam Cell","floor":11.0,"key":"SMITH"},{"floor":15,"key":"REST"}],"neow_cost":"NO_GOLD","seed_source_timestamp":1365848203600,"circlet_count":0,"master_deck":["AscendersBane","Strike_B+1","Strike_B+1","Strike_B+1","Strike_B+1","Defend_B+1","Defend_B+1","Defend_B+1","Defend_B+1","Zap","Dualcast","Meteor Strike","Beam Cell+1","Streamline+1","Coolheaded","Conserve Battery","Conserve Battery","Biased Cognition","Self Repair","Reboot","Decay","Stack"],"special_seed":0,"relics":["Cracked Core","Strawberry","Dodecahedron","Old Coin","Tiny Chest","Mummified Hand","Cursed Key","Oddly Smooth Stone"],"potions_floor_usage":[23],"damage_taken":[{"damage":9.0,"enemies":"Jaw Worm","floor":1.0,"turns":4.0},{"damage":12.0,"enemies":"2 Louse","floor":4.0,"turns":3.0},{"damage":0.0,"enemies":"Small Slimes","floor":5.0,"turns":2.0},{"damage":4.0,"enemies":"Looter","floor":7.0,"turns":4.0},{"damage":3.0,"enemies":"Large Slime","floor":8.0,"turns":7.0},{"damage":8.0,"enemies":"3 Sentries","floor":10.0,"turns":7.0},{"damage":39.0,"enemies":"Gremlin Nob","floor":13.0,"turns":4.0},{"damage":0,"enemies":"Exordium Thugs","floor":14,"turns":3},{"damage":15,"enemies":"The Guardian","floor":16,"turns":14},{"damage":25,"enemies":"Shell Parasite","floor":18,"turns":5},{"damage":8,"enemies":"3 Byrds","floor":22,"turns":5},{"damage":26,"enemies":"Slavers","floor":23,"turns":3}],"seed_played":"6060048527431421223","potions_obtained":[{"floor":1.0,"key":"Ancient Potion"},{"floor":4.0,"key":"Regen Potion"},{"floor":7.0,"key":"SkillPotion"},{"floor":16,"key":"Dexterity Potion"}],"is_trial":false,"path_per_floor":["M","?","?","M","M","R","M","M","T","E","R","T","E","M","R","B",null,"M","?","?","T","M","E"],"character_chosen":"DEFECT","items_purchased":[],"campfire_rested":1,"item_purchase_floors":[],"current_hp_per_floor":[55,57,57,45,45,45,41,53,53,45,45,45,6,6,29,21,64,46,46,46,46,45,19],"gold":630,"neow_bonus":"THREE_RARE_CARDS","is_prod":false,"is_daily":false,"chose_seed":false,"campfire_upgraded":2,"win_rate":0,"timestamp":1556449432,"path_taken":["M","?","?","M","M","R","M","M","T","E","R","?","E","M","R","BOSS","M","?","?","?","M","E"],"build_version":"2019-01-23","purchased_purges":0,"victory":false,"max_hp_per_floor":[71,78,78,78,78,78,78,78,78,78,78,78,78,78,78,78,78,78,78,78,78,78,78],"card_choices":[{"not_picked":["Multi-Cast","Thunder Strike"],"picked":"Meteor Strike","floor":0.0},{"not_picked":["Loop","Force Field"],"picked":"Beam Cell","floor":1.0},{"not_picked":["White Noise","Consume"],"picked":"Streamline","floor":4.0},{"not_picked":["Leap","Ball Lightning"],"picked":"Coolheaded","floor":5.0},{"not_picked":["Beam Cell","Rip and Tear"],"picked":"Conserve Battery","floor":7.0},{"not_picked":["Amplify","Cold Snap"],"picked":"Conserve Battery","floor":8.0},{"not_picked":["Gash","Blizzard","Streamline"],"picked":"SKIP","floor":10.0},{"not_picked":["Skim","Storm"],"picked":"Biased Cognition","floor":13.0},{"not_picked":["Hologram","Cold Snap"],"picked":"Self Repair","floor":14},{"not_picked":["Hyperbeam","Multi-Cast"],"picked":"Reboot","floor":16},{"not_picked":["Hologram","Barrage","Rebound+1"],"picked":"SKIP","floor":18},{"not_picked":["Cold Snap","Compile Driver"],"picked":"Stack","floor":22}],"player_experience":3053635,"relics_obtained":[{"floor":9.0,"key":"Dodecahedron"},{"floor":10.0,"key":"Old Coin"},{"floor":12.0,"key":"Tiny Chest"},{"floor":13.0,"key":"Mummified Hand"},{"floor":21,"key":"Oddly Smooth Stone"}],"event_choices":[{"damage_healed":0.0,"max_hp_gain":0.0,"max_hp_loss":0.0,"gold_gain":0.0,"event_name":"Scrap Ooze","player_choice":"Success","floor":2.0,"gold_loss":0.0,"damage_taken":5.0,"relics_obtained":["Strawberry"]},{"damage_healed":0.0,"max_hp_gain":0.0,"max_hp_loss":0.0,"gold_gain":0.0,"event_name":"World of Goop","player_choice":"Left Gold","floor":3.0,"gold_loss":15.0,"damage_taken":0.0},{"damage_healed":0,"gold_gain":0,"player_choice":"Simplicity","damage_taken":0,"max_hp_gain":0,"max_hp_loss":0,"event_name":"Back to Basics","floor":19,"gold_loss":0,"cards_upgraded":["Strike_B","Strike_B","Strike_B","Strike_B","Defend_B","Defend_B","Defend_B","Defend_B"]},{"damage_healed":0,"gold_gain":0,"player_choice":"Ignored","damage_taken":0,"max_hp_gain":0,"max_hp_loss":0,"event_name":"Ghosts","floor":20,"gold_loss":0}],"is_beta":false,"boss_relics":[{"not_picked":["Ectoplasm","Philosopher\u0027s Stone"],"picked":"Cursed Key"}],"items_purged_floors":[],"is_endless":false,"potions_floor_spawned":[1,4,7,16],"killed_by":"Slavers","ascension_level":20}