{"path_per_floor":["M","?","M","$","M","E","R","M","T","$","E","R","M","M","R","B",null,"M","$","M","?","M","R","?"],"character_chosen":"THE_SILENT","items_purchased":["Infinite Blades","Distraction","Masterful Stab","Infinite Blades","Eviscerate","Outmaneuver"],"gold_per_floor":[112,187,201,22,32,60,60,80,104,23,49,49,69,87,87,182,182,197,3,20,20,40,40,40],"floor_reached":25,"campfire_rested":2,"playtime":2588,"current_hp_per_floor":[70,59,59,59,59,47,47,24,24,24,3,24,24,12,33,9,70,59,59,58,58,37,37,37],"items_purged":["Strike_G"],"gold":40,"score":213,"play_id":"f2c1bc6a-1cd5-4ac4-bdaa-b180d8313d2c","is_prod":false,"is_daily":false,"is_ascension_mode":false,"campfire_upgraded":2,"path_taken":["M","?","?","$","M","E","R","M","T","?","E","R","M","M","R","BOSS","M","$","M","?","?","R","?","E"],"build_version":"2018-02-15-PROD1","purchased_purges":2,"victory":false,"master_deck":["Defend_G","Defend_G","Defend_G","Defend_G+1","Defend_G","Strike_G","Strike_G","Strike_G","Survivor","Neutralize","Expertise","Footwork","Infinite Blades+1","Distraction","Calculated Gamble+1","Distraction","Skewer","Masterful Stab","Skewer","Die Die Die","Flying Knee","Wraith Form","Flying Knee","Backflip","Deflect","Dodge and Roll","Deflect","Sucker Punch+1","Infinite Blades+1","Eviscerate","Outmaneuver","Outmaneuver"],"max_hp_per_floor":[70,70,70,70,70,70,70,70,70,70,70,70,70,70,70,70,70,70,70,70,70,70,70,70],"relics":["Ring of the Snake","Peace Pipe","Vajra","War Paint","Orrery"],"card_choices":[{"not_picked":["Deflect","Dodge and Roll"],"picked":"Expertise"},{"not_picked":["Poisoned Stab","PiercingWail"],"picked":"Footwork"},{"not_picked":["Deflect","Flechettes"],"picked":"Calculated Gamble"},{"not_picked":["All Out Attack","Finisher"],"picked":"Distraction"},{"not_picked":["Malaise","Acrobatics"],"picked":"Skewer"},{"not_picked":["Dodge and Roll","Crippling Poison"],"picked":"Skewer"},{"not_picked":["Poisoned Stab","Backflip"],"picked":"Die Die Die"},{"not_picked":["All Out Attack","Poisoned Stab"],"picked":"Flying Knee"},{"not_picked":["Doppelganger","Corpse Explosion"],"picked":"Wraith Form"},{"not_picked":["Dagger Spray","Dagger Throw"],"picked":"Flying Knee"},{"not_picked":["Bane","Die Die Die"],"picked":"Backflip"},{"not_picked":["Predator","Skewer"],"picked":"Deflect"},{"not_picked":["Flying Knee","Expertise"],"picked":"Dodge and Roll"},{"not_picked":["Dodge and Roll","Acrobatics"],"picked":"Deflect"},{"not_picked":["Deadly Poison","Outmaneuver"],"picked":"Sucker Punch"},{"not_picked":["PiercingWail","Dagger Throw"],"picked":"Outmaneuver"}],"player_experience":17654,"potions_floor_usage":[14,16,16,18],"damage_taken":[{"damage":0,"enemies":"Small Slimes","floor":1,"turns":5},{"damage":0,"enemies":"2 Louse","floor":3,"turns":5},{"damage":0,"enemies":"Cultist","floor":5,"turns":5},{"damage":12,"enemies":"Lagavulin","floor":6,"turns":12},{"damage":23,"enemies":"Lots of Slimes","floor":8,"turns":7},{"damage":21,"enemies":"Gremlin Nob","floor":11,"turns":4},{"damage":0,"enemies":"Red Slaver","floor":13,"turns":5},{"damage":12,"enemies":"Exordium Thugs","floor":14,"turns":2},{"damage":24,"enemies":"The Guardian","floor":16,"turns":10},{"damage":11,"enemies":"Shell Parasite","floor":18,"turns":9},{"damage":1,"enemies":"3 Byrds","floor":20,"turns":7},{"damage":21,"enemies":"Snake Plant","floor":22,"turns":6},{"damage":37,"enemies":"Gremlin Leader","floor":25,"turns":5}],"event_choices":[{"event_name":"World of Goop","player_choice":"Gather Gold","floor":2,"damage_taken":0},{"event_name":"Drug Dealer","player_choice":"Ignored","floor":21,"damage_taken":0},{"event_name":"Wheel of Change","player_choice":"Card Removal","floor":24,"damage_taken":0}],"boss_relics":[{"not_picked":["Snecko Eye","Lizard Tail"],"picked":"Orrery"}],"potions_floor_spawned":[1,6,8,14,20],"seed_played":"-1883966895754547074","killed_by":"Gremlin Leader","ascension_level":0,"is_trial":false}