{"gold_per_floor":[118,118,46,46,63,91,91,121,145,145,157,168,178,210,210,315,315,315,315,240,194,194,194,194,194,194,194,194],"floor_reached":28,"playtime":1678,"items_purged":[],"score":307,"play_id":"747c39f7-04f4-4ca4-86ba-3568e9603d65","local_time":"20181229231251","is_ascension_mode":true,"campfire_choices":[{"floor":7.0,"key":"REST"},{"floor":10.0,"key":"REST"},{"data":"Searing Blow","floor":15.0,"key":"SMITH"},{"data":"Searing Blow+1","floor":23.0,"key":"SMITH"},{"floor":25.0,"key":"REST"}],"neow_cost":"NONE","seed_source_timestamp":113569679428556,"circlet_count":0,"master_deck":["Strike_R","Strike_R","Strike_R","Strike_R","Strike_R","Defend_R+1","Defend_R","Defend_R","Defend_R+1","Bash","True Grit+1","Combust","Shrug It Off","Searing Blow+2","Limit Break","Inflame","Wild Strike","Warcry","Intimidate","Reaper","Seeing Red","Shame","Blood for Blood+1","Flex","Corruption+1"],"special_seed":0,"relics":["Burning Blood","Smiling Mask","Anchor","Turnip","Happy Flower","Orichalcum","Ectoplasm","Frozen Egg 2","Meat on the Bone","Sundial"],"potions_floor_usage":[28],"damage_taken":[{"damage":4.0,"enemies":"Small Slimes","floor":1.0,"turns":4.0},{"damage":5.0,"enemies":"Cultist","floor":5.0,"turns":5.0},{"damage":49.0,"enemies":"Gremlin Nob","floor":6.0,"turns":5.0},{"damage":40.0,"enemies":"Lagavulin","floor":8.0,"turns":7.0},{"damage":0.0,"enemies":"2 Louse","floor":11.0,"turns":3.0},{"damage":19.0,"enemies":"Exordium Wildlife","floor":12.0,"turns":4.0},{"damage":5.0,"enemies":"Large Slime","floor":13.0,"turns":5.0},{"damage":6.0,"enemies":"3 Sentries","floor":14.0,"turns":6.0},{"damage":37.0,"enemies":"The Guardian","floor":16.0,"turns":14.0},{"damage":19.0,"enemies":"Spheric Guardian","floor":18.0,"turns":4.0},{"damage":22.0,"enemies":"2 Thieves","floor":20.0,"turns":4.0},{"damage":55.0,"enemies":"Slavers","floor":24.0,"turns":6.0},{"damage":49.0,"enemies":"Shelled Parasite and Fungi","floor":27.0,"turns":6.0},{"damage":26,"enemies":"Snake Plant","floor":28,"turns":3}],"seed_played":"-6429938629069919889","potions_obtained":[{"floor":6.0,"key":"EntropicBrew"},{"floor":8.0,"key":"Strength Potion"},{"floor":12.0,"key":"SkillPotion"},{"floor":13.0,"key":"AttackPotion"},{"floor":14.0,"key":"FearPotion"},{"floor":20.0,"key":"EssenceOfSteel"},{"floor":27.0,"key":"AttackPotion"}],"is_trial":false,"path_per_floor":["M","?","$","?","M","R","E","T","R","M","M","M","E","R","B",null,"M","?","M","?","R","E","R","T","M"],"character_chosen":"IRONCLAD","items_purchased":["Combust","Flex"],"campfire_rested":3,"item_purchase_floors":[3,21],"current_hp_per_floor":[80,80,80,64,65,22,46,27,27,51,57,44,45,45,45,14,80,71,71,63,63,48,48,17,42,42,23,0],"gold":194,"neow_bonus":"RANDOM_COMMON_RELIC","is_prod":false,"is_daily":false,"chose_seed":false,"campfire_upgraded":2,"win_rate":0,"timestamp":1546121571,"path_taken":["M","?","?","?","M","E","R","E","T","R","M","M","M","E","R","BOSS","M","?","M","$","?","R","E","R","T","M","M"],"build_version":"2018-12-25","purchased_purges":0,"victory":false,"max_hp_per_floor":[80,80,80,80,80,80,80,80,80,80,80,80,80,80,80,80,80,80,80,80,80,85,85,85,85,85,85,85],"card_choices":[{"not_picked":["Heavy Blade","Intimidate"],"picked":"True Grit","floor":1.0},{"not_picked":["Perfected Strike","Anger"],"picked":"Shrug It Off","floor":5.0},{"not_picked":["Carnage","Heavy Blade"],"picked":"Searing Blow","floor":6.0},{"not_picked":["Second Wind","True Grit"],"picked":"Limit Break","floor":8.0},{"not_picked":["Shockwave","Shrug It Off"],"picked":"Inflame","floor":11.0},{"not_picked":["Sever Soul","Thunderclap"],"picked":"Wild Strike","floor":12.0},{"not_picked":["Searing Blow","True Grit"],"picked":"Warcry","floor":13.0},{"not_picked":["Wild Strike","Clothesline"],"picked":"Intimidate","floor":14.0},{"not_picked":["Double Tap","Dark Embrace"],"picked":"Reaper","floor":16.0},{"not_picked":["Anger","Wild Strike+1"],"picked":"Seeing Red","floor":18.0},{"not_picked":["Twin Strike","Rampage"],"picked":"Blood for Blood+1","floor":20.0},{"not_picked":["Reckless Charge","Hemokinesis","Havoc"],"picked":"SKIP","floor":24.0},{"not_picked":["Sentinel","Iron Wave"],"picked":"Corruption+1","floor":27.0}],"player_experience":333808,"relics_obtained":[{"floor":6.0,"key":"Anchor"},{"floor":8.0,"key":"Turnip"},{"floor":9.0,"key":"Happy Flower"},{"floor":14.0,"key":"Orichalcum"},{"floor":24.0,"key":"Meat on the Bone"},{"floor":26.0,"key":"Sundial"}],"event_choices":[{"damage_healed":0.0,"max_hp_gain":0.0,"max_hp_loss":0.0,"gold_gain":0.0,"event_name":"Upgrade Shrine","player_choice":"Upgraded","floor":2.0,"gold_loss":0.0,"damage_taken":0.0,"cards_upgraded":["True Grit"]},{"damage_healed":0.0,"max_hp_gain":0.0,"max_hp_loss":0.0,"gold_gain":0.0,"event_name":"Shining Light","player_choice":"Entered Light","floor":4.0,"gold_loss":0.0,"damage_taken":16.0,"cards_upgraded":["Defend_R","Defend_R"]},{"damage_healed":0.0,"max_hp_gain":0.0,"max_hp_loss":0.0,"gold_gain":0.0,"event_name":"Addict","player_choice":"Stole Relic","floor":19.0,"gold_loss":0.0,"damage_taken":0.0,"relics_obtained":["Frozen Egg 2"],"cards_obtained":["Shame"]},{"damage_healed":0.0,"max_hp_gain":5.0,"max_hp_loss":0.0,"gold_gain":0.0,"event_name":"Forgotten Altar","player_choice":"Shed Blood","floor":22.0,"gold_loss":0.0,"damage_taken":20.0}],"is_beta":true,"boss_relics":[{"not_picked":["Eternal Feather","Lizard Tail"],"picked":"Ectoplasm"}],"items_purged_floors":[],"is_endless":false,"potions_floor_spawned":[6,8,12,13,14,20,27],"killed_by":"Snake Plant","ascension_level":4}