{"gold_per_floor":[116,391,407,425,10,43,43,56,130,130,147,159,192,192,192,283,283,307,18,43,57,57],"floor_reached":22,"playtime":837,"items_purged":["Regret","Strike_R"],"score":366,"play_id":"b0db7cd3-eb81-4a36-9970-89d5d4d50e9d","local_time":"20190101170741","is_ascension_mode":true,"campfire_choices":[{"data":"Immolate","floor":7,"key":"SMITH"},{"floor":10,"key":"REST"},{"data":"Intimidate","floor":15,"key":"SMITH"}],"neow_cost":"NONE","seed_source_timestamp":1000442202548581,"circlet_count":0,"master_deck":["AscendersBane","Strike_R","Strike_R","Strike_R","Strike_R","Defend_R","Defend_R","Defend_R","Defend_R","Bash","Immolate+1","Whirlwind","Intimidate+1","Dual Wield","Clothesline","Thunderclap","Sword Boomerang","Shrug It Off","Feed","Double Tap","Armaments","Evolve","Transmutation","Dual Wield+1"],"relics":["Burning Blood","Bottled Flame","Calipers","Self Forming Clay","Smiling Mask","Golden Idol","Coffee Dripper"],"potions_floor_usage":[6,13,16,22],"damage_taken":[{"damage":11,"enemies":"Small Slimes","floor":1,"turns":3},{"damage":4,"enemies":"Cultist","floor":3,"turns":4},{"damage":6,"enemies":"2 Louse","floor":4,"turns":3},{"damage":42,"enemies":"Lagavulin","floor":6,"turns":6},{"damage":7,"enemies":"Exordium Thugs","floor":8,"turns":3},{"damage":19,"enemies":"Large Slime","floor":11,"turns":6},{"damage":0,"enemies":"Exordium Wildlife","floor":12,"turns":1},{"damage":16,"enemies":"Gremlin Nob","floor":13,"turns":4},{"damage":13,"enemies":"Slime Boss","floor":16,"turns":6},{"damage":18,"enemies":"Chosen","floor":18,"turns":4},{"damage":0,"enemies":"2 Thieves","floor":20,"turns":1},{"damage":8,"enemies":"Centurion and Healer","floor":21,"turns":5},{"damage":86,"enemies":"Cultist and Chosen","floor":22,"turns":7}],"seed_played":"-8936361465194141147","potions_obtained":[{"floor":3,"key":"AttackPotion"},{"floor":4,"key":"PowerPotion"},{"floor":8,"key":"Poison Potion"},{"floor":13,"key":"EssenceOfSteel"},{"floor":21,"key":"FearPotion"}],"is_trial":false,"path_per_floor":["M","?","M","M","$","E","R","M","T","R","M","M","E","?","R","B",null,"M","$","M","M","M"],"character_chosen":"IRONCLAD","items_purchased":["Bottled Flame","Clothesline","Evolve","Transmutation"],"campfire_rested":1,"item_purchase_floors":[5,5,19,19],"current_hp_per_floor":[63,63,65,65,65,29,29,28,28,50,37,43,33,33,33,29,61,49,49,55,56,0],"gold":57,"neow_bonus":"ONE_RANDOM_RARE_CARD","is_prod":false,"is_daily":false,"chose_seed":false,"campfire_upgraded":2,"win_rate":0,"timestamp":1546358861,"path_taken":["M","?","M","M","$","E","R","M","T","R","M","?","E","?","R","BOSS","M","$","M","M","M"],"build_version":"2018-12-20","purchased_purges":2,"victory":false,"max_hp_per_floor":[75,75,75,75,75,75,75,75,75,75,75,75,75,68,68,71,71,71,71,71,74,77],"card_choices":[{"not_picked":["Iron Wave","Clash"],"picked":"Whirlwind","floor":1},{"not_picked":["Cleave","Sword Boomerang"],"picked":"Intimidate","floor":3},{"not_picked":["Wild Strike","Burning Pact"],"picked":"Dual Wield","floor":4},{"not_picked":["Heavy Blade","Corruption"],"picked":"Thunderclap","floor":6},{"not_picked":["Cleave","Anger"],"picked":"Sword Boomerang","floor":8},{"not_picked":["Wild Strike","Sentinel","Whirlwind"],"picked":"SKIP","floor":11},{"not_picked":["Uppercut","Corruption"],"picked":"Shrug It Off","floor":12},{"not_picked":["Clothesline","Flex"],"picked":"Feed","floor":13},{"not_picked":["Barricade","Limit Break"],"picked":"Double Tap","floor":16},{"not_picked":["Clash","Body Slam"],"picked":"Armaments","floor":18},{"not_picked":["Searing Blow","Whirlwind"],"picked":"Dual Wield+1","floor":20},{"not_picked":["Armaments","Sword Boomerang","Fire Breathing"],"picked":"SKIP","floor":21}],"player_experience":391807,"relics_obtained":[{"floor":6,"key":"Calipers"},{"floor":9,"key":"Self Forming Clay"},{"floor":13,"key":"Smiling Mask"}],"event_choices":[{"damage_healed":0,"gold_gain":275,"player_choice":"Desecrate","damage_taken":0,"max_hp_gain":0,"max_hp_loss":0,"event_name":"Golden Shrine","floor":2,"gold_loss":0,"cards_obtained":["Regret"]},{"damage_healed":0,"gold_gain":0,"player_choice":"Lose Max HP","damage_taken":0,"relics_obtained":["Golden Idol"],"max_hp_gain":0,"max_hp_loss":7,"event_name":"Golden Idol","floor":14,"gold_loss":0}],"is_beta":false,"boss_relics":[{"not_picked":["Fusion Hammer","Black Blood"],"picked":"Coffee Dripper"}],"items_purged_floors":[5,19],"is_endless":false,"potions_floor_spawned":[3,4,8,13,21],"killed_by":"Cultist and Chosen","ascension_level":17}