{"gold_per_floor":[117,128,142,142,67,67,86,116,116,128,140,140,172,191,191,191],"floor_reached":16,"playtime":987,"items_purged":[],"score":228,"play_id":"700c8c77-1d31-4f86-a17b-bb60514b9ae2","local_time":"20190406145251","is_ascension_mode":true,"campfire_choices":[{"data":"Bash","floor":6,"key":"SMITH"},{"data":"Armaments","floor":12,"key":"SMITH"},{"data":"Carnage","floor":15,"key":"SMITH"}],"neow_cost":"NONE","seed_source_timestamp":1498562843286700,"circlet_count":0,"master_deck":["AscendersBane","Strike_R","Strike_R","Strike_R","Strike_R","Strike_R","Defend_R","Defend_R","Defend_R","Defend_R","Bash+1","Carnage+1","Reckless Charge","Armaments+1","Shrug It Off","Headbutt"],"relics":["Burning Blood","Kunai","Turnip","Thread and Needle","Juzu Bracelet"],"potions_floor_usage":[7,8,13,16,16],"damage_taken":[{"damage":14,"enemies":"Jaw Worm","floor":1,"turns":5},{"damage":4,"enemies":"2 Louse","floor":2,"turns":3},{"damage":4,"enemies":"Small Slimes","floor":3,"turns":3},{"damage":2,"enemies":"2 Fungi Beasts","floor":7,"turns":4},{"damage":19,"enemies":"Lagavulin","floor":8,"turns":6},{"damage":16,"enemies":"Exordium Thugs","floor":10,"turns":5},{"damage":0,"enemies":"Looter","floor":11,"turns":2},{"damage":9,"enemies":"3 Sentries","floor":13,"turns":11},{"damage":9,"enemies":"Large Slime","floor":14,"turns":4},{"damage":66,"enemies":"Slime Boss","floor":16,"turns":12}],"seed_played":"2232232006130756412","potions_obtained":[{"floor":1,"key":"Block Potion"},{"floor":7,"key":"Block Potion"},{"floor":10,"key":"LiquidBronze"},{"floor":11,"key":"Regen Potion"},{"floor":13,"key":"Ancient Potion"}],"is_trial":false,"path_per_floor":["M","M","M","?","?","R","M","E","T","M","M","R","E","M","R","B"],"character_chosen":"IRONCLAD","items_purchased":[],"campfire_rested":0,"item_purchase_floors":[],"current_hp_per_floor":[60,62,64,59,59,59,63,50,50,40,46,46,58,55,55,0],"gold":191,"neow_bonus":"ONE_RANDOM_RARE_CARD","is_prod":false,"is_daily":false,"chose_seed":false,"campfire_upgraded":3,"win_rate":0,"timestamp":1554558771,"path_taken":["M","M","M","?","?","R","M","E","T","M","M","R","E","M","R","BOSS"],"build_version":"2019-01-23","purchased_purges":0,"victory":false,"max_hp_per_floor":[75,75,75,75,75,75,75,75,75,75,75,75,75,75,75,75],"card_choices":[{"not_picked":["Reckless Charge","Twin Strike"],"picked":"Carnage","floor":1},{"not_picked":["Shrug It Off","Twin Strike"],"picked":"Reckless Charge","floor":2},{"not_picked":["Burning Pact","Clothesline","Wild Strike"],"picked":"SKIP","floor":3},{"not_picked":["Warcry","Anger"],"picked":"Armaments","floor":7},{"not_picked":["Second Wind","Brutality","Combust"],"picked":"SKIP","floor":8},{"not_picked":["Battle Trance","Warcry"],"picked":"Shrug It Off","floor":10},{"not_picked":["Warcry","Havoc","Armaments"],"picked":"SKIP","floor":11},{"not_picked":["Havoc","Second Wind"],"picked":"Headbutt","floor":13},{"not_picked":["Sentinel","Iron Wave","Entrench"],"picked":"SKIP","floor":14}],"player_experience":2541537,"relics_obtained":[{"floor":8,"key":"Turnip"},{"floor":9,"key":"Thread and Needle"},{"floor":13,"key":"Juzu Bracelet"}],"event_choices":[{"damage_healed":0,"gold_gain":0,"player_choice":"Success","damage_taken":5,"relics_obtained":["Kunai"],"max_hp_gain":0,"max_hp_loss":0,"event_name":"Scrap Ooze","floor":4,"gold_loss":0},{"cards_removed":["Berserk"],"damage_healed":0,"gold_gain":0,"player_choice":"Card Removal","damage_taken":0,"max_hp_gain":0,"max_hp_loss":0,"event_name":"The Cleric","floor":5,"gold_loss":75}],"is_beta":false,"boss_relics":[],"items_purged_floors":[],"is_endless":false,"potions_floor_spawned":[1,7,10,11,13],"killed_by":"Slime Boss","ascension_level":20}