{"gold_per_floor":[364,381,306,319,241,241,241,241,318,338,364,381,408,420,420,499,499,516,120,120,132,142,142,161,161],"floor_reached":25,"playtime":1165,"items_purged":["Strike_G","Strike_G"],"score":376,"play_id":"4d71ac12-2066-40d8-b244-92aa6d811ad4","local_time":"20181006143924","is_ascension_mode":true,"campfire_choices":[{"data":"Neutralize","floor":6.0,"key":"SMITH"},{"data":"Footwork","floor":8.0,"key":"SMITH"},{"floor":15.0,"key":"REST"},{"floor":23,"key":"REST"}],"neow_cost":"PERCENT_DAMAGE","seed_source_timestamp":24629511663233,"circlet_count":0,"master_deck":["Defend_G","Defend_G","Defend_G","Defend_G","Defend_G","Strike_G","Strike_G","Survivor","Neutralize+1","AscendersBane","Poisoned Stab","Sucker Punch","Footwork+1","Skewer+1","Poisoned Stab+1","Deadly Poison","Slice+1","Dagger Spray+1","Wraith Form v2","Catalyst","Poisoned Stab+1","Deflect"],"special_seed":0,"relics":["Ring of the Snake","Molten Egg 2","Art of War","Centennial Puzzle","Sozu","Incense Burner"],"potions_floor_usage":[],"damage_taken":[{"damage":0.0,"enemies":"Cultist","floor":1.0,"turns":6.0},{"damage":0.0,"enemies":"Jaw Worm","floor":2.0,"turns":4.0},{"damage":2.0,"enemies":"2 Louse","floor":4.0,"turns":3.0},{"damage":1.0,"enemies":"Large Slime","floor":10.0,"turns":9.0},{"damage":15.0,"enemies":"Gremlin Nob","floor":11.0,"turns":5.0},{"damage":8.0,"enemies":"Lots of Slimes","floor":12.0,"turns":5.0},{"damage":9.0,"enemies":"3 Sentries","floor":13.0,"turns":6.0},{"damage":4.0,"enemies":"Exordium Wildlife","floor":14.0,"turns":4.0},{"damage":14,"enemies":"The Guardian","floor":16,"turns":10},{"damage":10,"enemies":"Shell Parasite","floor":18,"turns":6},{"damage":15,"enemies":"Colosseum Slavers","floor":20,"turns":4},{"damage":4,"enemies":"Chosen","floor":21,"turns":4},{"damage":14,"enemies":"Snecko","floor":22,"turns":4},{"damage":17,"enemies":"3 Cultists","floor":24,"turns":6},{"damage":17,"enemies":"Gremlin Leader","floor":25,"turns":4}],"seed_played":"-5307049161938856068","potions_obtained":[{"floor":2.0,"key":"Block Potion"},{"floor":4.0,"key":"Weak Potion"},{"floor":12.0,"key":"Explosive Potion"}],"is_trial":false,"path_per_floor":["M","M","$","M","$","R","?","R","T","M","E","M","E","M","R","B",null,"M","$","?","M","M","R","M"],"character_chosen":"THE_SILENT","items_purchased":["Footwork","Incense Burner"],"campfire_rested":2,"item_purchase_floors":[5,19],"current_hp_per_floor":[44,44,44,42,42,42,42,42,42,41,26,18,9,5,24,10,52,42,42,27,23,9,28,11,0],"gold":161,"neow_bonus":"TWO_FIFTY_GOLD","is_prod":false,"is_daily":false,"chose_seed":false,"campfire_upgraded":2,"win_rate":0,"timestamp":1538861964,"path_taken":["M","M","$","M","$","R","?","R","T","M","E","M","E","M","R","BOSS","M","$","?","?","M","R","M","E"],"build_version":"2018-10-04v2","purchased_purges":2,"victory":false,"max_hp_per_floor":[66,66,66,66,66,66,66,66,66,66,66,66,66,66,66,66,66,66,66,66,66,66,66,66,66],"card_choices":[{"not_picked":["Quick Slash","Choke"],"picked":"Poisoned Stab","floor":1.0},{"not_picked":["Catalyst","Escape Plan"],"picked":"Sucker Punch","floor":2.0},{"not_picked":["Flying Knee","Bane","Blade Dance"],"picked":"SKIP","floor":4.0},{"not_picked":["Blur","Dagger Throw+1"],"picked":"Skewer+1","floor":10.0},{"not_picked":["Storm of Steel","Flying Knee+1"],"picked":"Poisoned Stab+1","floor":11.0},{"not_picked":["Dagger Throw+1","Catalyst"],"picked":"Deadly Poison","floor":12.0},{"not_picked":["Skewer+1","Flying Knee+1"],"picked":"Slice+1","floor":13.0},{"not_picked":["Quick Slash+1","Well Laid Plans"],"picked":"Dagger Spray+1","floor":14.0},{"not_picked":["Doppelganger","Venomology"],"picked":"Wraith Form v2","floor":16},{"not_picked":["Reflex","Bane+1"],"picked":"Catalyst","floor":18},{"not_picked":["Accuracy","Eviscerate+1","Deadly Poison"],"picked":"SKIP","floor":21},{"not_picked":["Prepared","Outmaneuver"],"picked":"Poisoned Stab+1","floor":22},{"not_picked":["Masterful Stab+1","Slice+1"],"picked":"Deflect","floor":24}],"player_experience":1282716,"relics_obtained":[{"floor":9.0,"key":"Molten Egg 2"},{"floor":11.0,"key":"Art of War"},{"floor":13.0,"key":"Centennial Puzzle"}],"event_choices":[{"event_name":"Bonfire Elementals","player_choice":"BASIC","floor":7.0,"damage_taken":0.0},{"event_name":"Colosseum","player_choice":"Fight","floor":20,"damage_taken":0},{"event_name":"Colosseum","player_choice":"Fled From Nobs","floor":20,"damage_taken":0}],"is_beta":false,"boss_relics":[{"not_picked":["Coffee Dripper","Orrery"],"picked":"Sozu"}],"items_purged_floors":[3,19],"is_endless":false,"potions_floor_spawned":[2,4,12,22],"killed_by":"Gremlin Leader","ascension_level":15}