{"gold_per_floor":[117,127,202,21,21,78,78,78,78,28,56,76,111,123,123,201,201,218,133,145,245,0,0],"floor_reached":23,"playtime":1029,"items_purged":["Strike_G","Strike_G"],"score":514,"play_id":"a739082e-b183-4321-893f-4d9debafda29","local_time":"20190507220132","is_ascension_mode":true,"campfire_choices":[{"data":"Dagger Spray","floor":8.0,"key":"SMITH"},{"data":"Cloak And Dagger","floor":15.0,"key":"SMITH"}],"neow_cost":"NONE","seed_source_timestamp":2115221903799,"circlet_count":0,"master_deck":["AscendersBane","Defend_G","Defend_G","Defend_G","Defend_G","Defend_G","Strike_G+1","Strike_G","Strike_G+1","Survivor","Neutralize","Dagger Spray+1","Infinite Blades","Trip","Masterful Stab","Cloak And Dagger+1","Accuracy","Cloak And Dagger","Adrenaline","Blade Dance+1","Prepared+1","Backstab+1"],"special_seed":0,"relics":["Ring of the Snake","NeowsBlessing","Tiny Chest","Kunai","Anchor","Bottled Tornado","Sozu","Molten Egg 2","Tingsha","Toxic Egg 2"],"potions_floor_usage":[23],"damage_taken":[{"damage":0.0,"enemies":"Jaw Worm","floor":1.0,"turns":1.0},{"damage":0.0,"enemies":"Small Slimes","floor":2.0,"turns":1.0},{"damage":0.0,"enemies":"Lagavulin","floor":6.0,"turns":1.0},{"damage":0.0,"enemies":"Gremlin Nob","floor":11.0,"turns":2.0},{"damage":0.0,"enemies":"Cultist","floor":12.0,"turns":3.0},{"damage":6.0,"enemies":"3 Sentries","floor":13.0,"turns":6.0},{"damage":0.0,"enemies":"Exordium Thugs","floor":14.0,"turns":4.0},{"damage":13.0,"enemies":"Slime Boss","floor":16.0,"turns":9.0},{"damage":0.0,"enemies":"2 Thieves","floor":18.0,"turns":4.0},{"damage":13.0,"enemies":"Chosen","floor":20.0,"turns":6.0},{"damage":11.0,"enemies":"Colosseum Slavers","floor":21.0,"turns":4.0},{"damage":17.0,"enemies":"Colosseum Nobs","floor":21.0,"turns":5.0},{"damage":12,"enemies":"Book of Stabbing","floor":23,"turns":2}],"seed_played":"3153125577384535498","potions_obtained":[{"floor":1.0,"key":"SkillPotion"},{"floor":2.0,"key":"EssenceOfSteel"},{"floor":12.0,"key":"LiquidBronze"},{"floor":14.0,"key":"Block Potion"}],"is_trial":false,"path_per_floor":["M","M","?","$","?","E","?","R","T","$","E","M","E","M","R","B",null,"M","?","M","?","$","E"],"character_chosen":"THE_SILENT","items_purchased":["Trip","Cloak And Dagger","Prepared+1","Backstab+1"],"campfire_rested":0,"item_purchase_floors":[4,10,22,22],"current_hp_per_floor":[59,59,48,48,28,28,28,28,28,28,28,28,22,22,22,9,52,52,52,39,11,11,0],"gold":0,"neow_bonus":"THREE_ENEMY_KILL","is_prod":false,"is_daily":false,"chose_seed":false,"campfire_upgraded":2,"win_rate":0,"timestamp":1557237692,"path_taken":["M","M","?","$","?","E","?","R","T","?","E","M","E","M","R","BOSS","M","?","M","?","$","E"],"build_version":"2019-04-23","purchased_purges":2,"victory":false,"max_hp_per_floor":[66,66,66,66,66,66,66,66,66,66,66,66,66,66,66,66,66,66,66,66,66,66,66],"card_choices":[{"not_picked":["Crippling Poison","Underhanded Strike"],"picked":"Dagger Spray","floor":1.0},{"not_picked":["Catalyst","Deflect"],"picked":"Infinite Blades","floor":2.0},{"not_picked":["Poisoned Stab","Escape Plan"],"picked":"Masterful Stab","floor":6.0},{"not_picked":["Night Terror","Deflect"],"picked":"Accuracy","floor":11.0},{"not_picked":["All Out Attack","Flying Knee","Heel Hook"],"picked":"SKIP","floor":12.0},{"not_picked":["Backstab","Underhanded Strike"],"picked":"Cloak And Dagger","floor":13.0},{"not_picked":["Flying Knee","Prepared","Sucker Punch"],"picked":"SKIP","floor":14.0},{"not_picked":["After Image","Storm of Steel"],"picked":"Adrenaline","floor":16.0},{"not_picked":["Terror","Deadly Poison","Poisoned Stab"],"picked":"SKIP","floor":18.0},{"not_picked":["Bane+1","Prepared","Bouncing Flask"],"picked":"SKIP","floor":20.0},{"not_picked":["Acrobatics","All Out Attack+1"],"picked":"Blade Dance","floor":21.0}],"player_experience":1428206,"relics_obtained":[{"floor":6.0,"key":"Tiny Chest"},{"floor":9.0,"key":"Kunai"},{"floor":11.0,"key":"Anchor"},{"floor":13.0,"key":"Bottled Tornado"},{"floor":21.0,"key":"Tingsha"},{"floor":21.0,"key":"Toxic Egg 2"}],"event_choices":[{"damage_healed":0.0,"max_hp_gain":0.0,"max_hp_loss":0.0,"gold_gain":75.0,"event_name":"World of Goop","player_choice":"Gather Gold","floor":3.0,"gold_loss":0.0,"damage_taken":11.0},{"damage_healed":0.0,"max_hp_gain":0.0,"max_hp_loss":0.0,"gold_gain":0.0,"event_name":"Shining Light","player_choice":"Entered Light","floor":5.0,"gold_loss":0.0,"damage_taken":20.0,"cards_upgraded":["Strike_G","Strike_G"]},{"damage_healed":0.0,"max_hp_gain":0.0,"max_hp_loss":0.0,"gold_gain":0.0,"event_name":"Liars Game","player_choice":"Ignored","floor":7.0,"gold_loss":0.0,"damage_taken":0.0},{"damage_healed":0.0,"max_hp_gain":0.0,"max_hp_loss":0.0,"gold_gain":0.0,"event_name":"Addict","player_choice":"Obtained Relic","floor":19.0,"gold_loss":85.0,"damage_taken":0.0,"relics_obtained":["Molten Egg 2"]},{"damage_healed":0.0,"max_hp_gain":0.0,"max_hp_loss":0.0,"gold_gain":0.0,"event_name":"Colosseum","player_choice":"Fight","floor":21.0,"gold_loss":0.0,"damage_taken":0.0},{"damage_healed":0.0,"max_hp_gain":0.0,"max_hp_loss":0.0,"gold_gain":0.0,"event_name":"Colosseum","player_choice":"Fought Nobs","floor":21.0,"gold_loss":0.0,"damage_taken":0.0}],"is_beta":true,"boss_relics":[{"not_picked":["Orrery","Philosopher\u0027s Stone"],"picked":"Sozu"}],"items_purged_floors":[4,22],"is_endless":false,"potions_floor_spawned":[1,2,12,14,21],"killed_by":"Book of Stabbing","ascension_level":20}