{"gold_per_floor":[112,126,76,76,86,115,115,142,168,168,188,40,57,77,77,175,175,193,193,39,63,14,14,14,14,14,49,65,65,77,77],"floor_reached":31,"playtime":1102,"items_purged":[],"score":263,"play_id":"0f71b2d7-8c4f-4538-aa51-fecd2ce0eb7c","local_time":"25610716212727","is_ascension_mode":false,"campfire_choices":[{"floor":10,"key":"REST"},{"data":"Die Die Die","floor":15,"key":"SMITH"},{"data":"Deadly Poison","floor":23,"key":"SMITH"},{"data":"Deadly Poison","floor":25,"key":"SMITH"}],"neow_cost":"NONE","seed_source_timestamp":35313601346761,"circlet_count":0,"master_deck":["Defend_G","Defend_G","Defend_G","Defend_G","Strike_G+1","Strike_G+1","Strike_G","Strike_G","Survivor","Neutralize","Deadly Poison+1","Quick Slash","Acrobatics","Slice","Deadly Poison+1","PiercingWail","Leg Sweep","Crippling Poison","Die Die Die+1","Night Terror","Decay","Injury","Parasite","Backflip","Poisoned Stab+1","Prepared"],"relics":["Ring of the Snake","NeowsBlessing","Dream Catcher","Centennial Puzzle","Whetstone","Snake Skull","Blood Vial","Calling Bell","Boot","Frozen Egg 2","Peace Pipe","Nilry\u0027s Codex","Vajra","Pen Nib","Shuriken","Ancient Tea Set"],"potions_floor_usage":[6,8,13,18,27,27],"damage_taken":[{"damage":0,"enemies":"Jaw Worm","floor":1,"turns":1},{"damage":0,"enemies":"Small Slimes","floor":2,"turns":1},{"damage":0,"enemies":"2 Louse","floor":5,"turns":1},{"damage":20,"enemies":"3 Sentries","floor":6,"turns":8},{"damage":18,"enemies":"Gremlin Nob","floor":8,"turns":5},{"damage":0,"enemies":"Large Slime","floor":11,"turns":5},{"damage":5,"enemies":"Exordium Thugs","floor":13,"turns":4},{"damage":3,"enemies":"3 Louse","floor":14,"turns":3},{"damage":20,"enemies":"The Guardian","floor":16,"turns":10},{"damage":12,"enemies":"Spheric Guardian","floor":18,"turns":4},{"damage":12,"enemies":"Gremlin Leader","floor":27,"turns":5},{"damage":1,"enemies":"Chosen","floor":28,"turns":3},{"damage":22,"enemies":"Snecko","floor":30,"turns":6},{"damage":6,"enemies":"Snake Plant","floor":31,"turns":3}],"seed_played":"3296746555369112444","potions_obtained":[{"floor":5,"key":"Explosive Potion"},{"floor":6,"key":"AttackPotion"},{"floor":8,"key":"SteroidPotion"},{"floor":13,"key":"Weak Potion"},{"floor":18,"key":"Regen Potion"}],"is_trial":false,"path_per_floor":["M","M","?","?","M","E","?","E","T","R","M","$","M","M","R","B",null,"M","?","$","T","$","R","?","R","T","E","M","?","M"],"character_chosen":"THE_SILENT","items_purchased":["Blood Vial","Vajra","Explosive Potion"],"campfire_rested":1,"item_purchase_floors":[12,20,22],"current_hp_per_floor":[70,70,70,58,58,38,38,20,20,41,41,41,38,37,37,19,70,58,42,42,42,42,42,42,42,42,47,48,35,15,11],"gold":77,"neow_bonus":"THREE_ENEMY_KILL","is_prod":false,"is_daily":false,"chose_seed":false,"campfire_upgraded":3,"win_rate":0,"timestamp":1531751247,"path_taken":["M","M","?","?","?","E","?","E","T","R","M","$","M","M","R","BOSS","M","?","$","?","?","R","?","R","T","E","?","?","M","M"],"build_version":"2018-07-12","purchased_purges":0,"victory":false,"max_hp_per_floor":[70,70,70,70,70,70,70,70,70,70,70,70,70,70,70,70,70,70,70,70,70,70,70,70,70,70,70,70,75,75,75],"card_choices":[{"not_picked":["Terror","PiercingWail"],"picked":"Deadly Poison","floor":1},{"not_picked":["Skewer","Deflect"],"picked":"Quick Slash","floor":2},{"not_picked":["Night Terror","Quick Slash"],"picked":"Acrobatics","floor":5},{"not_picked":["Acrobatics","All Out Attack"],"picked":"Slice","floor":6},{"not_picked":["Heel Hook","Outmaneuver"],"picked":"Deadly Poison","floor":8},{"not_picked":["Finisher","Slice"],"picked":"PiercingWail","floor":10},{"not_picked":["Dagger Throw","Dodge and Roll"],"picked":"Leg Sweep","floor":11},{"not_picked":["Predator","Choke"],"picked":"Crippling Poison","floor":13},{"not_picked":["Heel Hook","Dodge and Roll"],"picked":"Die Die Die","floor":14},{"not_picked":["Wraith Form v2","Venomology"],"picked":"Night Terror","floor":16},{"not_picked":["Blade Dance","Eviscerate"],"picked":"Backflip","floor":18},{"not_picked":["Expertise","Slice","PiercingWail"],"picked":"SKIP","floor":27},{"not_picked":["Distraction","Flechettes"],"picked":"Poisoned Stab+1","floor":28},{"not_picked":["Flechettes","Dodge and Roll"],"picked":"Prepared","floor":30}],"player_experience":68659,"relics_obtained":[{"floor":6,"key":"Centennial Puzzle"},{"floor":8,"key":"Whetstone"},{"floor":9,"key":"Snake Skull"},{"floor":17,"key":"Boot"},{"floor":17,"key":"Frozen Egg 2"},{"floor":17,"key":"Peace Pipe"},{"floor":19,"key":"Nilry\u0027s Codex"},{"floor":21,"key":"Pen Nib"},{"floor":26,"key":"Shuriken"},{"floor":27,"key":"Ancient Tea Set"}],"event_choices":[{"event_name":"The Cleric","player_choice":"Card Removal","floor":3,"damage_taken":0},{"event_name":"Scrap Ooze","player_choice":"success","floor":4,"damage_taken":12},{"event_name":"Bonfire Elementals","player_choice":"BASIC","floor":7,"damage_taken":0},{"event_name":"Cursed Tome","player_choice":"Obtained Book","floor":19,"damage_taken":0},{"event_name":"Vampires","player_choice":"Ignored","floor":24,"damage_taken":0},{"event_name":"Forgotten Altar","player_choice":"Shed Blood","floor":29,"damage_taken":0}],"boss_relics":[{"not_picked":["Cursed Key","Fusion Hammer"],"picked":"Calling Bell"}],"items_purged_floors":[],"is_endless":false,"potions_floor_spawned":[5,6,8,13,18],"killed_by":"Snake Plant","ascension_level":0}