{"gold_per_floor":[216,216,231,247,267,267,166,166,220,237,251,280,280,315,315,315],"floor_reached":16,"playtime":444,"items_purged":[],"score":196,"play_id":"97f97328-e968-4be7-8f8a-6f48db12a27b","local_time":"20190327140439","is_ascension_mode":true,"campfire_choices":[{"data":"Twin Strike","floor":6.0,"key":"SMITH"},{"data":"True Grit","floor":8.0,"key":"SMITH"},{"data":"True Grit","floor":15.0,"key":"SMITH"}],"neow_cost":"NONE","seed_source_timestamp":24110312356814,"circlet_count":0,"master_deck":["AscendersBane","Strike_R","Strike_R","Strike_R","Strike_R+1","Strike_R","Defend_R","Defend_R","Defend_R","Defend_R","Bash+1","Thunderclap","Twin Strike+1","Anger","Battle Trance","True Grit+1","Iron Wave","Impervious+1","True Grit+1"],"special_seed":0,"relics":["Burning Blood","Orichalcum","Juzu Bracelet","Bag of Preparation"],"potions_floor_usage":[16],"damage_taken":[{"damage":14.0,"enemies":"Jaw Worm","floor":1.0,"turns":3.0},{"damage":1.0,"enemies":"Cultist","floor":3.0,"turns":3.0},{"damage":1.0,"enemies":"Small Slimes","floor":4.0,"turns":3.0},{"damage":12.0,"enemies":"Looter","floor":5.0,"turns":3.0},{"damage":5.0,"enemies":"2 Fungi Beasts","floor":10.0,"turns":3.0},{"damage":0.0,"enemies":"Large Slime","floor":11.0,"turns":5.0},{"damage":10.0,"enemies":"Lagavulin","floor":12.0,"turns":5.0},{"damage":26.0,"enemies":"Gremlin Nob","floor":14.0,"turns":4.0},{"damage":31,"enemies":"Hexaghost","floor":16,"turns":8}],"seed_played":"-7859360290632001150","potions_obtained":[{"floor":1.0,"key":"BloodPotion"},{"floor":5.0,"key":"Swift Potion"}],"is_trial":false,"path_per_floor":["M","?","M","M","M","R","$","R","T","M","M","E","?","E","R","B"],"character_chosen":"IRONCLAD","items_purchased":["Battle Trance","True Grit"],"campfire_rested":0,"item_purchase_floors":[7,7],"current_hp_per_floor":[60,60,65,70,64,64,64,64,64,65,71,67,44,24,24,0],"gold":315,"neow_bonus":"HUNDRED_GOLD","is_prod":false,"is_daily":false,"chose_seed":false,"campfire_upgraded":3,"win_rate":0,"timestamp":1553720679,"path_taken":["M","?","M","M","?","R","$","R","T","M","M","E","?","E","R","BOSS"],"build_version":"2019-01-23","purchased_purges":0,"victory":false,"max_hp_per_floor":[75,75,75,75,75,75,75,75,75,75,75,75,75,75,75,75],"card_choices":[{"not_picked":["Bloodletting","Havoc"],"picked":"Thunderclap","floor":1.0},{"not_picked":["Blood for Blood","Pummel"],"picked":"Twin Strike","floor":3.0},{"not_picked":["Corruption","Warcry","Clash"],"picked":"SKIP","floor":4.0},{"not_picked":["Headbutt","Burning Pact"],"picked":"Anger","floor":5.0},{"not_picked":["Rampage","Heavy Blade"],"picked":"Iron Wave","floor":10.0},{"not_picked":["Havoc","Corruption"],"picked":"Impervious","floor":11.0},{"not_picked":["Barricade","Heavy Blade","Anger"],"picked":"SKIP","floor":12.0},{"not_picked":["Body Slam","Sever Soul"],"picked":"True Grit","floor":14.0}],"player_experience":2387447,"relics_obtained":[{"floor":9.0,"key":"Orichalcum"},{"floor":12.0,"key":"Juzu Bracelet"},{"floor":14.0,"key":"Bag of Preparation"}],"event_choices":[{"damage_healed":0.0,"max_hp_gain":0.0,"max_hp_loss":0.0,"gold_gain":0.0,"event_name":"Upgrade Shrine","player_choice":"Upgraded","floor":2.0,"gold_loss":0.0,"damage_taken":0.0,"cards_upgraded":["Bash"]},{"damage_healed":0.0,"max_hp_gain":0.0,"max_hp_loss":0.0,"gold_gain":0.0,"event_name":"Shining Light","player_choice":"Entered Light","floor":13.0,"gold_loss":0.0,"damage_taken":23.0,"cards_upgraded":["Strike_R","Impervious"]}],"is_beta":false,"boss_relics":[],"items_purged_floors":[],"is_endless":false,"potions_floor_spawned":[1,5],"killed_by":"Hexaghost","ascension_level":15}