{"gold_per_floor":[117,117,132,146,24,59,59,88,88,88,113,181,197,215,215,294,294,307,317,34,49,49,79,79,111,111,111,137,163,163,176,176,247,247,260,125,139,158,173,173,204,204,204,216,149,183,583,618,618,618,618,618,84,113,113],"floor_reached":55,"playtime":2695,"items_purged":["Strike_R","Hemokinesis"],"score":1588,"play_id":"9892f573-ea7a-497d-b9f8-80557247e45e","local_time":"20181202203105","is_ascension_mode":true,"campfire_choices":[{"data":"Whirlwind","floor":7.0,"key":"SMITH"},{"data":"Armaments","floor":10.0,"key":"SMITH"},{"data":"Disarm","floor":15.0,"key":"SMITH"},{"data":"Uppercut","floor":27.0,"key":"SMITH"},{"data":"Limit Break","floor":32.0,"key":"SMITH"},{"data":"Feel No Pain","floor":40.0,"key":"SMITH"},{"data":"Demon Form","floor":42.0,"key":"SMITH"},{"floor":49.0,"key":"RECALL"},{"data":"Disarm","floor":52.0,"key":"SMITH"}],"neow_cost":"NONE","seed_source_timestamp":130120104811102,"circlet_count":0,"master_deck":["AscendersBane","Defend_R+1","Defend_R+1","Defend_R+1","Defend_R+1","Bash","Clothesline","Armaments+1","Whirlwind+1","Limit Break+1","Pommel Strike","Metallicize","Disarm+1","Demon Form+1","Dual Wield","Fiend Fire","Heavy Blade","Bite","Bite+1","Bite","Bite","Bite","Uppercut+1","Power Through+1","Second Wind+1","Reaper","Shrug It Off","Disarm+1","Feel No Pain+1","Evolve+1","Bludgeon+1","True Grit+1","Uppercut+1","Shrug It Off","Flame Barrier","Juggernaut"],"special_seed":0,"relics":["Burning Blood","CultistMask","Mango","FossilizedHelix","StoneCalendar","Happy Flower","Snecko Eye","Dream Catcher","Smiling Mask","Bag of Marbles","Regal Pillow","Centennial Puzzle","Black Star","Blue Candle","Matryoshka","MawBank","Whetstone","PreservedInsect","Old Coin","Shovel","Ice Cream","Shuriken","Blood Vial","War Paint","Boot"],"potions_floor_usage":[55,55],"damage_taken":[{"damage":5.0,"enemies":"2 Louse","floor":1.0,"turns":4.0},{"damage":1.0,"enemies":"Cultist","floor":3.0,"turns":3.0},{"damage":11.0,"enemies":"Small Slimes","floor":4.0,"turns":4.0},{"damage":32.0,"enemies":"Lagavulin","floor":6.0,"turns":8.0},{"damage":20.0,"enemies":"3 Sentries","floor":8.0,"turns":4.0},{"damage":22.0,"enemies":"Lagavulin","floor":11.0,"turns":7.0},{"damage":8.0,"enemies":"Blue Slaver","floor":13.0,"turns":4.0},{"damage":8.0,"enemies":"3 Louse","floor":14.0,"turns":2.0},{"damage":6.0,"enemies":"The Guardian","floor":16.0,"turns":12.0},{"damage":12.0,"enemies":"Spheric Guardian","floor":18.0,"turns":5.0},{"damage":24.0,"enemies":"2 Thieves","floor":19.0,"turns":4.0},{"damage":0.0,"enemies":"Sentry and Sphere","floor":21.0,"turns":3.0},{"damage":6.0,"enemies":"Gremlin Leader","floor":23.0,"turns":3.0},{"damage":32.0,"enemies":"Book of Stabbing","floor":25.0,"turns":6.0},{"damage":0.0,"enemies":"Slavers","floor":28.0,"turns":4.0},{"damage":0.0,"enemies":"Snecko","floor":31.0,"turns":3.0},{"damage":67.0,"enemies":"Automaton","floor":33.0,"turns":7.0},{"damage":0.0,"enemies":"3 Shapes","floor":35.0,"turns":7.0},{"damage":1.0,"enemies":"3 Darklings","floor":37.0,"turns":6.0},{"damage":1.0,"enemies":"Maw","floor":38.0,"turns":7.0},{"damage":6.0,"enemies":"Spire Growth","floor":39.0,"turns":7.0},{"damage":15.0,"enemies":"Giant Head","floor":41.0,"turns":7.0},{"damage":47.0,"enemies":"Nemesis","floor":46.0,"turns":5.0},{"damage":0.0,"enemies":"Mind Bloom Boss Battle","floor":47.0,"turns":4.0},{"damage":10.0,"enemies":"Reptomancer","floor":48.0,"turns":4.0},{"damage":53.0,"enemies":"Donu and Deca","floor":50.0,"turns":9.0},{"damage":51.0,"enemies":"Shield and Spear","floor":54.0,"turns":9.0},{"damage":82,"enemies":"The Heart","floor":55,"turns":6}],"seed_played":"5160299037348794115","potions_obtained":[{"floor":1.0,"key":"EntropicBrew"},{"floor":13.0,"key":"Block Potion"},{"floor":19.0,"key":"AttackPotion"},{"floor":23.0,"key":"SkillPotion"},{"floor":35.0,"key":"Block Potion"},{"floor":38.0,"key":"Weak Potion"},{"floor":46.0,"key":"Weak Potion"},{"floor":48.0,"key":"Block Potion"},{"floor":54.0,"key":"LiquidBronze"}],"is_trial":false,"path_per_floor":["M","?","M","M","$","E","R","E","T","R","E","?","M","M","R","B",null,"M","M","$","M","?","E","?","E","T","R","E","T","?","M","R","B",null,"M","$","M","M","M","R","E","R","T","?","$","E","?","E","R","B",null,"R","$","E","B"],"character_chosen":"IRONCLAD","items_purchased":["Anger","Hemokinesis","Fiend Fire","Block Potion","Shrug It Off","Disarm","True Grit","Dexterity Potion","Flame Barrier","Dexterity Potion","Shuriken","Blood Vial"],"campfire_rested":0,"item_purchase_floors":[5,5,20,20,36,36,45,45,53,53,53,53],"current_hp_per_floor":[69,69,74,69,69,71,71,57,57,57,41,41,39,37,37,37,76,70,52,52,58,58,62,62,42,42,42,54,54,54,62,62,11,49,61,61,62,62,62,62,62,62,62,62,62,54,62,62,62,32,55,55,55,41,0],"gold":113,"neow_bonus":"THREE_CARDS","is_prod":false,"is_daily":false,"chose_seed":false,"campfire_upgraded":8,"win_rate":0,"timestamp":1543811465,"path_taken":["M","?","M","M","?","E","R","E","T","R","E","?","M","M","R","BOSS","M","M","$","M","?","E","?","E","T","R","E","?","?","M","R","BOSS","M","$","M","M","M","R","E","R","T","?","?","E","?","E","R","BOSS","R","$","E","BOSS"],"build_version":"2018-11-15","purchased_purges":2,"victory":false,"max_hp_per_floor":[75,75,75,75,75,89,89,89,89,89,89,89,89,89,89,89,89,89,89,89,89,62,62,62,62,62,62,62,62,62,62,62,62,62,62,62,62,62,62,62,62,62,62,62,62,62,62,62,62,62,62,62,62,62,62],"card_choices":[{"not_picked":["Body Slam","Havoc"],"picked":"Clothesline","floor":0.0},{"not_picked":["Pummel","Dual Wield"],"picked":"Armaments","floor":1.0},{"not_picked":["Carnage","Sword Boomerang","Clash"],"picked":"SKIP","floor":3.0},{"not_picked":["Sentinel","Second Wind","Clothesline"],"picked":"SKIP","floor":4.0},{"not_picked":["Sentinel","Twin Strike"],"picked":"Whirlwind","floor":6.0},{"not_picked":["True Grit","Headbutt"],"picked":"Limit Break","floor":8.0},{"not_picked":["Sword Boomerang","Twin Strike"],"picked":"Pommel Strike","floor":11.0},{"not_picked":["Rage","Fire Breathing"],"picked":"Metallicize","floor":13.0},{"not_picked":["Clash","Metallicize"],"picked":"Disarm","floor":14.0},{"not_picked":["Brutality","Feed"],"picked":"Demon Form","floor":16.0},{"not_picked":["Headbutt","Twin Strike","Reckless Charge"],"picked":"SKIP","floor":18.0},{"not_picked":["Blood for Blood","Pummel"],"picked":"Dual Wield","floor":19.0},{"not_picked":["Burning Pact+1","Wild Strike"],"picked":"Heavy Blade","floor":21.0},{"not_picked":["Havoc","Flex"],"picked":"Uppercut","floor":23.0},{"not_picked":["Flex","Clash+1"],"picked":"Power Through+1","floor":25.0},{"not_picked":["Carnage","Second Wind","Warcry"],"picked":"SKIP","floor":28.0},{"not_picked":["Carnage","Warcry"],"picked":"Second Wind","floor":28.0},{"not_picked":["Second Wind","Sword Boomerang","Feed"],"picked":"SKIP","floor":31.0},{"not_picked":["Juggernaut","Impervious"],"picked":"Reaper","floor":33.0},{"not_picked":["Searing Blow","Infernal Blade","Body Slam"],"picked":"SKIP","floor":35.0},{"not_picked":["Headbutt","Metallicize","Sword Boomerang"],"picked":"SKIP","floor":37.0},{"not_picked":["Armaments","Carnage","Warcry"],"picked":"SKIP","floor":38.0},{"not_picked":["Clash","Offering"],"picked":"Feel No Pain","floor":39.0},{"not_picked":["Warcry+1","Combust"],"picked":"Evolve+1","floor":41.0},{"not_picked":["Limit Break","Pommel Strike"],"picked":"Uppercut+1","floor":46.0},{"not_picked":["Armaments","Cleave"],"picked":"Shrug It Off","floor":47.0},{"not_picked":["Clothesline","Shrug It Off","Pommel Strike"],"picked":"SKIP","floor":48.0},{"not_picked":["Heavy Blade","Thunderclap+1"],"picked":"Juggernaut","floor":54.0}],"player_experience":1712641,"relics_obtained":[{"floor":6.0,"key":"Mango"},{"floor":8.0,"key":"FossilizedHelix"},{"floor":9.0,"key":"StoneCalendar"},{"floor":11.0,"key":"Happy Flower"},{"floor":23.0,"key":"Dream Catcher"},{"floor":25.0,"key":"Smiling Mask"},{"floor":26.0,"key":"Bag of Marbles"},{"floor":28.0,"key":"Regal Pillow"},{"floor":29.0,"key":"Centennial Puzzle"},{"floor":41.0,"key":"Blue Candle"},{"floor":41.0,"key":"Matryoshka"},{"floor":43.0,"key":"MawBank"},{"floor":46.0,"key":"Whetstone"},{"floor":46.0,"key":"PreservedInsect"},{"floor":47.0,"key":"Old Coin"},{"floor":48.0,"key":"Shovel"},{"floor":48.0,"key":"Ice Cream"},{"floor":54.0,"key":"War Paint"},{"floor":54.0,"key":"Boot"}],"event_choices":[{"damage_healed":0.0,"max_hp_gain":0.0,"max_hp_loss":0.0,"gold_gain":0.0,"event_name":"FaceTrader","player_choice":"Trade","floor":2.0,"gold_loss":0.0,"damage_taken":0.0,"relics_obtained":["CultistMask"]},{"damage_healed":0.0,"max_hp_gain":0.0,"max_hp_loss":0.0,"gold_gain":68.0,"event_name":"Golden Wing","player_choice":"Gained Gold","floor":12.0,"gold_loss":0.0,"damage_taken":0.0},{"damage_healed":0.0,"max_hp_gain":0.0,"max_hp_loss":27.0,"gold_gain":0.0,"event_name":"Vampires","player_choice":"Became a vampire","floor":22.0,"gold_loss":0.0,"damage_taken":0.0,"cards_obtained":["Bite","Bite","Bite","Bite","Bite"]},{"damage_healed":0.0,"max_hp_gain":0.0,"max_hp_loss":0.0,"gold_gain":0.0,"event_name":"Back to Basics","player_choice":"Simplicity","floor":24.0,"gold_loss":0.0,"damage_taken":0.0,"cards_upgraded":["Defend_R","Defend_R","Defend_R","Defend_R"]},{"damage_healed":0.0,"max_hp_gain":0.0,"max_hp_loss":0.0,"gold_gain":0.0,"event_name":"Ghosts","player_choice":"Ignored","floor":30.0,"gold_loss":0.0,"damage_taken":0.0},{"damage_healed":0.0,"max_hp_gain":0.0,"max_hp_loss":0.0,"gold_gain":0.0,"cards_transformed":["Anger"],"event_name":"Transmorgrifier","player_choice":"Transformed","floor":44.0,"gold_loss":0.0,"damage_taken":0.0,"cards_obtained":["Bludgeon"]},{"damage_healed":0.0,"max_hp_gain":0.0,"max_hp_loss":0.0,"gold_gain":0.0,"event_name":"MindBloom","player_choice":"Fight","floor":47.0,"gold_loss":0.0,"damage_taken":0.0}],"is_beta":false,"boss_relics":[{"not_picked":["Runic Cube","Astrolabe"],"picked":"Snecko Eye"},{"not_picked":["Sozu","Tiny House"],"picked":"Black Star"}],"items_purged_floors":[20,36],"is_endless":false,"potions_floor_spawned":[1,13,14,16,19,23,35,38,39,46,48,54],"killed_by":"The Heart","ascension_level":15}