{"gold_per_floor":[119,132,132,151,170,199,199,213,236,17,30,49,49,66,66,164,164,178,196,213,228,21,21,51,51,51,67,67,93,17,36,36,141,141,161,172,172,186,34,69,86,86,111,156,156,156,170,203,203,203],"floor_reached":51,"playtime":2974,"items_purged":["Regret"],"score":753,"play_id":"bc4cb98a-b39a-46f7-a5d4-e54fb895a132","local_time":"25610803133652","is_ascension_mode":false,"campfire_choices":[{"data":"Zap","floor":7,"key":"SMITH"},{"data":"Streamline","floor":15,"key":"SMITH"},{"floor":23,"key":"REST"},{"data":"Buffer","floor":25,"key":"SMITH"},{"floor":32,"key":"REST"},{"data":"Scrape","floor":42,"key":"SMITH"},{"data":"Thunder Strike","floor":46,"key":"SMITH"},{"data":"Electrodynamics","floor":49,"key":"SMITH"}],"neow_cost":"NONE","seed_source_timestamp":14517065012511,"circlet_count":0,"master_deck":["Strike_B","Strike_B","Strike_B","Strike_B","Defend_B","Defend_B+1","Defend_B","Defend_B+1","Zap+1","Dualcast","Conserve Battery","Gash","Electrodynamics+1","Stack","All For One","Ball Lightning","Clumsy","Hologram","Streamline+1","Buffer+1","Zap","BootSequence","Thunder Strike+1","Consume","Go for the Eyes","Defragment","Chill","Barrage+1","Clumsy","Self Repair","Bandage Up","Compile Driver","Leap","Reboot","Go for the Eyes+1","Steam+1","Deep Breath","Bandage Up","Deep Breath","Beam Cell+1","Reinforced Body","Scrape+1","Parasite","White Noise+1","Steam+1","Scrape+1","Hologram+1"],"relics":["Cursed Key","Pantograph","Anchor","Blood Vial","War Paint","Inserter","Toolbox","Pen Nib","Calipers","Centennial Puzzle","Black Star","Bag of Marbles","Torii","Bird Faced Urn","Strawberry","Incense Burner","Gambling Chip","Dream Catcher","Oddly Smooth Stone"],"potions_floor_usage":[6,6,16,16,21,21,33,36,40,41,48,48,50,50],"damage_taken":[{"damage":1,"enemies":"2 Louse","floor":1,"turns":3},{"damage":3,"enemies":"Small Slimes","floor":2,"turns":3},{"damage":2,"enemies":"Jaw Worm","floor":4,"turns":4},{"damage":13,"enemies":"Large Slime","floor":5,"turns":5},{"damage":4,"enemies":"3 Sentries","floor":6,"turns":4},{"damage":4,"enemies":"Red Slaver","floor":8,"turns":3},{"damage":0,"enemies":"Exordium Thugs","floor":11,"turns":2},{"damage":8,"enemies":"Lots of Slimes","floor":12,"turns":3},{"damage":2,"enemies":"Looter","floor":14,"turns":3},{"damage":24,"enemies":"The Guardian","floor":16,"turns":7},{"damage":10,"enemies":"Shell Parasite","floor":18,"turns":5},{"damage":21,"enemies":"2 Thieves","floor":19,"turns":4},{"damage":3,"enemies":"Centurion and Healer","floor":20,"turns":7},{"damage":18,"enemies":"Sentry and Sphere","floor":21,"turns":5},{"damage":15,"enemies":"Gremlin Leader","floor":24,"turns":6},{"damage":11,"enemies":"Cultist and Chosen","floor":27,"turns":5},{"damage":18,"enemies":"Slavers","floor":29,"turns":6},{"damage":1,"enemies":"Snake Plant","floor":31,"turns":3},{"damage":8,"enemies":"Automaton","floor":33,"turns":9},{"damage":22,"enemies":"Flame Bruiser 1 Orb","floor":35,"turns":4},{"damage":1,"enemies":"3 Shapes","floor":36,"turns":4},{"damage":0,"enemies":"Flame Bruiser 2 Orb","floor":38,"turns":5},{"damage":28,"enemies":"Nemesis","floor":40,"turns":7},{"damage":11,"enemies":"Sphere and 2 Shapes","floor":41,"turns":6},{"damage":33,"floor":44,"turns":7},{"damage":6,"floor":45,"turns":6},{"damage":16,"enemies":"Spire Growth","floor":47,"turns":4},{"damage":40,"enemies":"Giant Head","floor":48,"turns":9},{"damage":58,"enemies":"Donu and Deca","floor":50,"turns":9}],"seed_played":"-6017798350288298657","potions_obtained":[{"floor":2,"key":"FocusPotion"},{"floor":5,"key":"Block Potion"},{"floor":8,"key":"FocusPotion"},{"floor":12,"key":"AttackPotion"},{"floor":14,"key":"Explosive Potion"},{"floor":16,"key":"EssenceOfSteel"},{"floor":19,"key":"SteroidPotion"},{"floor":33,"key":"GamblersBrew"},{"floor":40,"key":"PowerPotion"},{"floor":41,"key":"Energy Potion"},{"floor":44,"key":"GamblersBrew"},{"floor":45,"key":"Weak Potion"},{"floor":48,"key":"Poison Potion"}],"is_trial":false,"path_per_floor":["M","M","?","M","M","E","R","M","T","$","M","M","?","M","R","B",null,"M","M","M","M","$","R","E","R","T","M","?","E","$","M","R","B",null,"M","M","?","M","$","E","M","R","T","?","?","R","M","E","R","B"],"character_chosen":"DEFECT","items_purchased":["War Paint","Toolbox","EssenceOfSteel","Bag of Marbles"],"campfire_rested":2,"item_purchase_floors":[10,22,30,39],"current_hp_per_floor":[74,71,71,69,56,52,52,48,48,48,50,44,44,44,44,47,75,65,46,45,29,29,51,38,38,38,29,29,17,17,18,40,63,75,64,72,62,72,72,57,75,75,82,60,82,82,68,49,49,32],"gold":203,"neow_bonus":"BOSS_RELIC","is_prod":false,"is_daily":false,"chose_seed":false,"campfire_upgraded":6,"win_rate":0,"timestamp":1533278212,"path_taken":["M","M","?","M","M","E","R","M","T","$","M","M","?","M","R","BOSS","M","M","?","M","$","R","E","R","T","M","?","E","?","M","R","BOSS","M","M","?","M","$","E","M","R","T","?","?","R","M","E","R","BOSS"],"build_version":"2018-08-02","purchased_purges":1,"victory":true,"max_hp_per_floor":[75,75,75,75,75,75,75,75,75,75,75,75,75,75,75,75,75,75,75,75,75,75,75,75,75,75,75,75,75,75,75,75,75,75,75,75,75,75,75,75,75,75,82,82,82,82,82,82,82,82],"card_choices":[{"not_picked":["Turbo","Hologram"],"picked":"Conserve Battery","floor":1},{"not_picked":["Steam","Ball Lightning"],"picked":"Gash","floor":2},{"not_picked":["Glacier","Ball Lightning"],"picked":"Electrodynamics","floor":4},{"not_picked":["Conserve Battery","Storm"],"picked":"Stack","floor":5},{"not_picked":["Gash","Melter"],"picked":"All For One","floor":6},{"not_picked":["Double Energy","Conserve Battery"],"picked":"Ball Lightning","floor":8},{"not_picked":["Barrage","Coolheaded"],"picked":"Hologram","floor":11},{"not_picked":["Beam Cell","Reprogram"],"picked":"Streamline","floor":12},{"not_picked":["Recycle","Hologram"],"picked":"BootSequence","floor":14},{"not_picked":["Rainbow","Echo Form"],"picked":"Thunder Strike","floor":16},{"not_picked":["Skim","Conserve Battery"],"picked":"Consume","floor":18},{"not_picked":["Hologram","Turbo+1"],"picked":"Go for the Eyes","floor":19},{"not_picked":["Force Field","Hyperbeam"],"picked":"Defragment","floor":20},{"not_picked":["Coolheaded","Undo"],"picked":"Chill","floor":21},{"not_picked":["Compile Driver","Redo"],"picked":"Barrage+1","floor":24},{"not_picked":["Storm+1","Lockon"],"picked":"Self Repair","floor":27},{"not_picked":["Streamline","Darkness","Melter"],"picked":"SKIP","floor":29},{"not_picked":["Redo","Steam"],"picked":"Leap","floor":31},{"not_picked":["Seek","Fission"],"picked":"Reboot","floor":33},{"not_picked":["Streamline","Cold Snap"],"picked":"Go for the Eyes+1","floor":35},{"not_picked":["Double Energy","Steam Power"],"picked":"Steam+1","floor":36},{"not_picked":["Enlightenment","Flash of Steel"],"picked":"Deep Breath","floor":37},{"not_picked":["Sadistic Nature","Jack Of All Trades"],"picked":"Bandage Up","floor":37},{"not_picked":["Panacea","Finesse"],"picked":"Deep Breath","floor":37},{"not_picked":["Self Repair+1","Steam"],"picked":"Beam Cell+1","floor":38},{"not_picked":["Reprogram","Barrage"],"picked":"Reinforced Body","floor":40},{"not_picked":["Tempest","Reinforced Body+1"],"picked":"Scrape","floor":41},{"not_picked":["Ball Lightning","Auto Shields"],"picked":"White Noise+1","floor":44},{"not_picked":["Turbo","Coolheaded"],"picked":"Steam+1","floor":45},{"not_picked":["Streamline","Turbo+1"],"picked":"Scrape+1","floor":47},{"not_picked":["Reprogram","Redo"],"picked":"Hologram+1","floor":48}],"player_experience":176808,"relics_obtained":[{"floor":6,"key":"Anchor"},{"floor":9,"key":"Blood Vial"},{"floor":24,"key":"Pen Nib"},{"floor":26,"key":"Calipers"},{"floor":29,"key":"Centennial Puzzle"},{"floor":40,"key":"Torii"},{"floor":40,"key":"Bird Faced Urn"},{"floor":43,"key":"Strawberry"},{"floor":44,"key":"Incense Burner"},{"floor":45,"key":"Gambling Chip"},{"floor":48,"key":"Dream Catcher"},{"floor":48,"key":"Oddly Smooth Stone"}],"event_choices":[{"event_name":"Big Fish","player_choice":"Box","floor":3,"damage_taken":0},{"event_name":"Match and Keep!","player_choice":"2 cards matched","floor":13,"damage_taken":0},{"event_name":"Match and Keep!","player_choice":"2 cards matched","floor":28,"damage_taken":0},{"event_name":"SensoryStone","player_choice":"Memory 3","floor":37,"damage_taken":0},{"event_name":"Mysterious Sphere","player_choice":"Fight","floor":44,"damage_taken":0},{"event_name":"MindBloom","player_choice":"Fight","floor":45,"damage_taken":0}],"is_beta":false,"boss_relics":[{"not_picked":["Empty Cage","Fusion Hammer"],"picked":"Inserter"},{"not_picked":["Velvet Choker","Philosopher\u0027s Stone"],"picked":"Black Star"}],"items_purged_floors":[10],"is_endless":false,"potions_floor_spawned":[2,5,8,12,14,16,19,20,33,40,41,44,45,48],"ascension_level":0}