{"gold_per_floor":[113,125,125,50,50,50,66,84,108,134,209,242,254,285,285,360,360,378,146,156,156,168,168,194,205,205,230,230,249,266,292,292,371,371,381,185,204,204,184,184,209,224,224,224,235,245,245,261,261,261],"floor_reached":51,"playtime":1994,"items_purged":["Strike_R","Pain"],"score":1378,"play_id":"70c54e37-d9f1-45c9-bb67-e235069ae165","local_time":"20181114124012","is_ascension_mode":true,"campfire_choices":[{"data":"Uppercut","floor":6.0,"key":"SMITH"},{"data":"Armaments","floor":15.0,"key":"SMITH"},{"data":"Bludgeon","floor":23.0,"key":"SMITH"},{"data":"Spot Weakness","floor":28.0,"key":"SMITH"},{"data":"True Grit","floor":32.0,"key":"SMITH"},{"data":"Disarm","floor":40,"key":"SMITH"},{"data":"1","floor":44,"key":"LIFT"},{"data":"2","floor":47,"key":"LIFT"},{"data":"3","floor":49,"key":"LIFT"}],"neow_cost":"NONE","seed_source_timestamp":16014858441346,"circlet_count":0,"master_deck":["AscendersBane","Strike_R","Strike_R","Strike_R","Defend_R","Defend_R","Defend_R","Defend_R","Bash","Reckless Charge","Shrug It Off","Uppercut+1","Bludgeon+1","Pommel Strike","Armaments+1","True Grit+1","Fiend Fire","Spot Weakness+1","Limit Break","Heavy Blade+1","Flame Barrier","Shrug It Off","Demon Form","Doubt","Shame","Disarm+1","Shockwave","Parasite","Burning Pact"],"special_seed":0,"relics":["Burning Blood","Lantern","Oddly Smooth Stone","Blood Vial","Thread and Needle","Sundial","Bottled Flame","Snecko Eye","Orichalcum","Question Card","Matryoshka","Red Skull","Du-Vu Doll","Calling Bell","Smiling Mask","Darkstone Periapt","Nunchaku","Happy Flower","Champion Belt","Kunai","Girya"],"potions_floor_usage":[45,50,50],"damage_taken":[{"damage":7.0,"enemies":"Jaw Worm","floor":1.0,"turns":3.0},{"damage":6.0,"enemies":"2 Louse","floor":2.0,"turns":3.0},{"damage":0.0,"enemies":"Cultist","floor":7.0,"turns":2.0},{"damage":5.0,"enemies":"2 Fungi Beasts","floor":8.0,"turns":3.0},{"damage":14.0,"enemies":"Lagavulin","floor":10.0,"turns":4.0},{"damage":13.0,"enemies":"3 Sentries","floor":12.0,"turns":9.0},{"damage":7.0,"enemies":"Exordium Thugs","floor":13.0,"turns":3.0},{"damage":14.0,"enemies":"Lagavulin","floor":14.0,"turns":5.0},{"damage":11.0,"enemies":"The Guardian","floor":16.0,"turns":12.0},{"damage":8.0,"enemies":"Spheric Guardian","floor":18.0,"turns":4.0},{"damage":8.0,"enemies":"2 Thieves","floor":20.0,"turns":3.0},{"damage":8.0,"enemies":"Snake Plant","floor":22.0,"turns":3.0},{"damage":0.0,"enemies":"Book of Stabbing","floor":24.0,"turns":3.0},{"damage":2.0,"enemies":"Chosen and Byrds","floor":25.0,"turns":4.0},{"damage":8.0,"enemies":"Gremlin Leader","floor":27.0,"turns":4.0},{"damage":2.0,"enemies":"Centurion and Healer","floor":29.0,"turns":4.0},{"damage":0.0,"enemies":"Snecko","floor":30.0,"turns":3.0},{"damage":5.0,"enemies":"Slavers","floor":31.0,"turns":4.0},{"damage":78.0,"enemies":"Automaton","floor":33.0,"turns":9.0},{"damage":2.0,"enemies":"Orb Walker","floor":35.0,"turns":2.0},{"damage":0.0,"enemies":"3 Darklings","floor":37.0,"turns":4.0},{"damage":12,"enemies":"Nemesis","floor":41,"turns":5},{"damage":16,"enemies":"Maw","floor":42,"turns":6},{"damage":25,"enemies":"Spire Growth","floor":45,"turns":4},{"damage":9,"enemies":"Writhing Mass","floor":46,"turns":4},{"damage":2,"enemies":"Jaw Worm Horde","floor":48,"turns":3},{"damage":15,"enemies":"Awakened One","floor":50,"turns":7}],"seed_played":"1645215509105934908","potions_obtained":[{"floor":1.0,"key":"LiquidBronze"},{"floor":8.0,"key":"Block Potion"},{"floor":13.0,"key":"SkillPotion"},{"floor":20.0,"key":"Poison Potion"},{"floor":24.0,"key":"BloodPotion"},{"floor":25.0,"key":"Block Potion"},{"floor":29.0,"key":"BloodPotion"},{"floor":30.0,"key":"AttackPotion"},{"floor":33.0,"key":"Swift Potion"},{"floor":35.0,"key":"FearPotion"},{"floor":46,"key":"Strength Potion"}],"is_trial":false,"path_per_floor":["M","M","?","?","?","R","M","M","T","E","?","E","M","E","R","B",null,"M","$","M","?","M","R","E","E","M","T","E","R","M","M","E","R","B",null,"M","$","M","?","?","R","E","M","T","R","M","M","R","M","R","B",null],"character_chosen":"IRONCLAD","items_purchased":["Orichalcum","Happy Flower"],"campfire_rested":0,"item_purchase_floors":[19,36],"current_hp_per_floor":[67,67,56,56,56,56,62,63,63,57,46,41,42,36,36,33,65,65,65,65,44,44,44,52,66,66,66,66,72,80,80,80,8,62,68,68,76,76,76,76,72,64,64,64,47,52,52,58,58,51],"gold":261,"neow_bonus":"RANDOM_COMMON_RELIC","is_prod":false,"is_daily":false,"chose_seed":false,"campfire_upgraded":6,"win_rate":0,"timestamp":1542228012,"path_taken":["M","M","?","?","?","R","M","?","T","E","?","E","M","E","R","BOSS","M","$","M","?","M","R","E","M","T","E","R","M","M","E","R","BOSS","M","$","M","?","?","R","E","M","T","R","?","M","R","M","R","BOSS"],"build_version":"2018-11-08","purchased_purges":2,"victory":true,"max_hp_per_floor":[75,75,75,75,75,75,75,75,75,75,75,75,75,75,75,75,75,75,75,75,80,80,80,80,80,80,80,80,80,80,80,80,80,80,80,80,80,80,80,80,80,80,80,80,80,86,86,86,86,86],"card_choices":[{"not_picked":["Battle Trance","Havoc"],"picked":"Reckless Charge","floor":1.0},{"not_picked":["Cleave","Iron Wave"],"picked":"Shrug It Off","floor":2.0},{"not_picked":["Thunderclap","Cleave"],"picked":"Pommel Strike","floor":7.0},{"not_picked":["Cleave","Entrench"],"picked":"Armaments","floor":8.0},{"not_picked":["Thunderclap","Sever Soul"],"picked":"True Grit","floor":10.0},{"not_picked":["Hemokinesis","Iron Wave"],"picked":"Fiend Fire","floor":12.0},{"not_picked":["Headbutt","Warcry","Body Slam"],"picked":"SKIP","floor":13.0},{"not_picked":["Body Slam","Feed"],"picked":"Spot Weakness","floor":14.0},{"not_picked":["Berserk","Dark Embrace"],"picked":"Limit Break","floor":16.0},{"not_picked":["Cleave","Perfected Strike","Iron Wave"],"picked":"SKIP","floor":18.0},{"not_picked":["Burning Pact","Clash"],"picked":"Heavy Blade+1","floor":20.0},{"not_picked":["Shrug It Off","Headbutt"],"picked":"Flame Barrier","floor":22.0},{"not_picked":["Thunderclap","Second Wind","Offering"],"picked":"SKIP","floor":24.0},{"not_picked":["Headbutt","Twin Strike","Reckless Charge"],"picked":"Shrug It Off","floor":25.0},{"not_picked":["Warcry","Feed","Havoc","Thunderclap+1"],"picked":"SKIP","floor":27.0},{"not_picked":["Perfected Strike+1","Entrench","Wild Strike+1","Clothesline"],"picked":"SKIP","floor":29.0},{"not_picked":["Entrench","Perfected Strike","Anger","Twin Strike"],"picked":"SKIP","floor":30.0},{"not_picked":["Infernal Blade","Searing Blow","Carnage","Perfected Strike"],"picked":"SKIP","floor":31.0},{"not_picked":["Bludgeon","Immolate","Double Tap"],"picked":"Demon Form","floor":33.0},{"not_picked":["Wild Strike","Body Slam","Armaments","Headbutt+1"],"picked":"SKIP","floor":35.0},{"not_picked":["Infernal Blade","Sword Boomerang","Fire Breathing"],"picked":"Disarm","floor":37.0},{"not_picked":["Metallicize+1","Flex","Hemokinesis+1","Reckless Charge"],"picked":"SKIP","floor":41},{"not_picked":["Wild Strike+1","Intimidate+1","Uppercut+1"],"picked":"Shockwave","floor":42},{"not_picked":["Hemokinesis+1","Clothesline","Sword Boomerang","Combust"],"picked":"SKIP","floor":45},{"not_picked":["Perfected Strike","Cleave","Wild Strike"],"picked":"Burning Pact","floor":46},{"not_picked":["Infernal Blade","Immolate","Blood for Blood+1","Headbutt+1"],"picked":"SKIP","floor":48}],"player_experience":1633232,"relics_obtained":[{"floor":9.0,"key":"Blood Vial"},{"floor":10.0,"key":"Thread and Needle"},{"floor":12.0,"key":"Sundial"},{"floor":14.0,"key":"Bottled Flame"},{"floor":24.0,"key":"Question Card"},{"floor":26.0,"key":"Matryoshka"},{"floor":27.0,"key":"Red Skull"},{"floor":31.0,"key":"Du-Vu Doll"},{"floor":34.0,"key":"Smiling Mask"},{"floor":34.0,"key":"Darkstone Periapt"},{"floor":34.0,"key":"Nunchaku"},{"floor":41,"key":"Champion Belt"},{"floor":43,"key":"Kunai"},{"floor":43,"key":"Girya"}],"event_choices":[{"damage_healed":0.0,"max_hp_gain":0.0,"max_hp_loss":0.0,"gold_gain":0.0,"event_name":"Scrap Ooze","player_choice":"Success","floor":3.0,"gold_loss":0.0,"damage_taken":11.0,"relics_obtained":["Oddly Smooth Stone"]},{"cards_removed":["Strike_R"],"damage_healed":0.0,"max_hp_gain":0.0,"max_hp_loss":0.0,"gold_gain":0.0,"event_name":"The Cleric","player_choice":"Card Removal","floor":4.0,"gold_loss":75.0,"damage_taken":0.0},{"damage_healed":0.0,"max_hp_gain":0.0,"max_hp_loss":0.0,"gold_gain":0.0,"event_name":"Match and Keep!","player_choice":"2 cards matched","floor":5.0,"gold_loss":0.0,"damage_taken":0.0,"cards_obtained":["Uppercut","Bludgeon"]},{"damage_healed":0.0,"max_hp_gain":0.0,"max_hp_loss":0.0,"gold_gain":75.0,"event_name":"World of Goop","player_choice":"Gather Gold","floor":11.0,"gold_loss":0.0,"damage_taken":11.0},{"damage_healed":0.0,"max_hp_gain":5.0,"max_hp_loss":0.0,"gold_gain":0.0,"event_name":"Forgotten Altar","player_choice":"Shed Blood","floor":21.0,"gold_loss":0.0,"damage_taken":26.0},{"damage_healed":0.0,"max_hp_gain":0.0,"max_hp_loss":0.0,"gold_gain":0.0,"event_name":"Tomb of Lord Red Mask","player_choice":"Ignored","floor":38.0,"gold_loss":0.0,"damage_taken":0.0},{"damage_healed":0,"gold_gain":0,"player_choice":"Bought 1 Potion","damage_taken":0,"max_hp_gain":0,"max_hp_loss":0,"event_name":"The Woman in Blue","floor":39,"gold_loss":0}],"is_beta":false,"boss_relics":[{"not_picked":["Orrery","Runic Dome"],"picked":"Snecko Eye"},{"not_picked":["Cursed Key","Runic Pyramid"],"picked":"Calling Bell"}],"items_purged_floors":[19,36],"is_endless":false,"potions_floor_spawned":[1,8,13,20,24,25,29,30,33,35,41,42,46],"ascension_level":15}