{"gold_per_floor":[115,127,140,152,69,103,114,79,103,103,103,103,22,55,55,160,160,171,171,96,96,96,130,149,163,163,163,163,182,182,182],"floor_reached":31,"playtime":2164,"items_purged":[],"score":288,"play_id":"f09b63c7-7df5-45fb-ad5c-06826d6e035e","local_time":"20181003170840","is_ascension_mode":false,"campfire_choices":[{"data":"Bouncing Flask","floor":10,"key":"SMITH"},{"data":"Poisoned Stab","floor":12,"key":"SMITH"},{"data":"Noxious Fumes","floor":15,"key":"SMITH"},{"data":"Bane","floor":28,"key":"SMITH"}],"neow_cost":"NONE","seed_source_timestamp":1452773219680794,"circlet_count":0,"master_deck":["Defend_G","Defend_G","Defend_G","Defend_G","Neutralize","Poisoned Stab+1","Bouncing Flask+1","Outmaneuver","Bane+1","Noxious Fumes+1","Flying Knee","Bullet Time","Dagger Throw","Terror","Heel Hook","After Image","Escape Plan","Slice+1","Leg Sweep","Writhe","Decay","Outmaneuver+1","Bite","Bite","Bite","Bite","Bite"],"relics":["Ring of the Snake","Matryoshka","Smiling Mask","Juzu Bracelet","Orichalcum","Incense Burner","Snake Skull","Cursed Key","Vajra","Ancient Tea Set","Shuriken"],"potions_floor_usage":[7,29,29,29],"damage_taken":[{"damage":0,"enemies":"2 Louse","floor":1,"turns":5},{"damage":0,"enemies":"Cultist","floor":2,"turns":3},{"damage":0,"enemies":"Small Slimes","floor":3,"turns":3},{"damage":0,"enemies":"2 Fungi Beasts","floor":4,"turns":3},{"damage":20,"enemies":"Gremlin Nob","floor":6,"turns":4},{"damage":13,"enemies":"Lots of Slimes","floor":7,"turns":5},{"damage":13,"enemies":"Lagavulin","floor":14,"turns":5},{"damage":22,"enemies":"The Guardian","floor":16,"turns":8},{"damage":1,"enemies":"Chosen","floor":18,"turns":4},{"damage":20,"enemies":"Slavers","floor":23,"turns":5},{"damage":4,"enemies":"3 Byrds","floor":24,"turns":4},{"damage":18,"enemies":"3 Cultists","floor":25,"turns":4},{"damage":9,"enemies":"Shelled Parasite and Fungi","floor":29,"turns":4},{"damage":9,"enemies":"Book of Stabbing","floor":31,"turns":3}],"seed_played":"8641291943914884069","potions_obtained":[{"floor":3,"key":"Weak Potion"},{"floor":4,"key":"LiquidBronze"},{"floor":6,"key":"PowerPotion"},{"floor":16,"key":"LiquidBronze"},{"floor":18,"key":"Strength Potion"}],"is_trial":false,"path_per_floor":["M","M","M","M","?","E","M","?","T","R","?","R","$","E","R","B",null,"M","?","?","?","?","E","M","M","T","?","R","M","?"],"character_chosen":"THE_SILENT","items_purchased":["Noxious Fumes"],"campfire_rested":0,"item_purchase_floors":[13],"current_hp_per_floor":[70,70,70,70,70,50,37,54,54,54,47,47,47,34,34,12,70,69,69,69,56,56,36,32,14,14,14,14,5,5,0],"gold":182,"neow_bonus":"REMOVE_CARD","is_prod":false,"is_daily":false,"chose_seed":false,"campfire_upgraded":4,"win_rate":0.0,"timestamp":1538579320,"path_taken":["M","M","M","M","?","E","M","?","T","R","?","R","?","E","R","BOSS","M","?","?","?","?","E","M","M","T","?","R","M","?","E"],"build_version":"2018-09-27","purchased_purges":0,"victory":false,"max_hp_per_floor":[70,70,70,70,70,70,70,70,70,70,70,70,70,70,70,70,70,70,70,70,75,75,75,75,75,75,75,75,75,52,52],"card_choices":[{"not_picked":["Deflect","Outmaneuver"],"picked":"Poisoned Stab","floor":1},{"not_picked":["Leg Sweep","Distraction"],"picked":"Endless Agony","floor":2},{"not_picked":["Deadly Poison","Slice"],"picked":"Bouncing Flask","floor":3},{"not_picked":["Blur","Eviscerate"],"picked":"Outmaneuver","floor":4},{"not_picked":["PiercingWail","Heel Hook"],"picked":"Dagger Throw","floor":6},{"not_picked":["Leg Sweep","After Image"],"picked":"Bane","floor":7},{"not_picked":["Blade Dance","Skewer"],"picked":"Flying Knee","floor":14},{"not_picked":["Die Die Die","Wraith Form v2"],"picked":"Bullet Time","floor":16},{"not_picked":["Acrobatics","Tactician"],"picked":"Dagger Throw","floor":18},{"not_picked":["PiercingWail","Acrobatics"],"picked":"Escape Plan","floor":23},{"not_picked":["Heel Hook","Finisher"],"picked":"Slice+1","floor":24},{"not_picked":["Outmaneuver","Distraction"],"picked":"Leg Sweep","floor":25},{"not_picked":["All Out Attack","Underhanded Strike"],"picked":"Outmaneuver+1","floor":29}],"player_experience":44830,"relics_obtained":[{"floor":6,"key":"Smiling Mask"},{"floor":9,"key":"Juzu Bracelet"},{"floor":9,"key":"Orichalcum"},{"floor":14,"key":"Snake Skull"},{"floor":23,"key":"Vajra"},{"floor":26,"key":"Ancient Tea Set"},{"floor":26,"key":"Shuriken"}],"event_choices":[{"event_name":"WeMeetAgain","player_choice":"Gold","floor":5,"damage_taken":0},{"event_name":"The Cleric","player_choice":"Healed","floor":8,"damage_taken":0},{"event_name":"Scrap Ooze","player_choice":"success","floor":11,"damage_taken":7},{"event_name":"Drug Dealer","player_choice":"Became Test Subject","floor":19,"damage_taken":0},{"event_name":"Beggar","player_choice":"Gave Gold","floor":20,"damage_taken":0},{"event_name":"Forgotten Altar","player_choice":"Shed Blood","floor":21,"damage_taken":0},{"event_name":"Ghosts","player_choice":"Ignored","floor":22,"damage_taken":0},{"event_name":"Wheel of Change","player_choice":"Curse","floor":27,"damage_taken":0},{"event_name":"Vampires","player_choice":"Became a vampire","floor":30,"damage_taken":0}],"is_beta":false,"boss_relics":[{"not_picked":["Lizard Tail","Calling Bell"],"picked":"Cursed Key"}],"items_purged_floors":[],"is_endless":false,"potions_floor_spawned":[3,4,6,16,18,25],"killed_by":"Book of Stabbing","ascension_level":0}