{"gold_per_floor":[114,131,131,56,72,99,99,427,427,455,465,465],"floor_reached":12,"playtime":405,"items_purged":[],"score":196,"play_id":"499ea240-0163-4ab7-b84f-d3820d883540","local_time":"20190120232300","is_ascension_mode":true,"campfire_choices":[{"data":"Lockon","floor":7.0,"key":"SMITH"}],"neow_cost":"TEN_PERCENT_HP_LOSS","seed_source_timestamp":0,"circlet_count":0,"master_deck":["AscendersBane","Strike_B","Strike_B","Defend_B","Defend_B","Defend_B","Zap","Dualcast","White Noise","Consume","Lockon+1","Coolheaded","Tempest","Double Energy"],"special_seed":0,"relics":["Cracked Core","Omamori","Old Coin","Frozen Egg 2","Bronze Scales"],"potions_floor_usage":[],"damage_taken":[{"damage":1.0,"enemies":"Cultist","floor":1.0,"turns":3.0},{"damage":2.0,"enemies":"Jaw Worm","floor":2.0,"turns":3.0},{"damage":0.0,"enemies":"Small Slimes","floor":5.0,"turns":3.0},{"damage":9.0,"enemies":"Lagavulin","floor":6.0,"turns":8.0},{"damage":28.0,"enemies":"3 Sentries","floor":8.0,"turns":6.0},{"damage":18.0,"enemies":"Lagavulin","floor":10.0,"turns":7.0},{"damage":8.0,"enemies":"2 Fungi Beasts","floor":11.0,"turns":4.0},{"damage":0,"enemies":"3 Louse","floor":12,"turns":1}],"seed_played":"-4598066373675791004","potions_obtained":[{"floor":1.0,"key":"Poison Potion"},{"floor":6.0,"key":"Block Potion"},{"floor":8.0,"key":"Regen Potion"}],"is_trial":false,"path_per_floor":["M","M","?","$","M","E","R","E","T","E","M","M"],"character_chosen":"DEFECT","items_purchased":["Lockon"],"campfire_rested":0,"item_purchase_floors":[4],"current_hp_per_floor":[63,61,54,54,54,45,45,17,17,14,6,6],"gold":465,"neow_bonus":"REMOVE_TWO","is_prod":false,"is_daily":false,"chose_seed":true,"campfire_upgraded":1,"win_rate":0,"timestamp":1547997780,"path_taken":["M","?","?","$","M","E","R","E","T","E","M","M"],"build_version":"2019-01-17v2","purchased_purges":0,"victory":false,"max_hp_per_floor":[64,64,64,64,64,64,64,64,64,64,64,64],"card_choices":[{"not_picked":["Conserve Battery","Go for the Eyes"],"picked":"White Noise","floor":1.0},{"not_picked":["Streamline","Steam"],"picked":"Consume","floor":2.0},{"not_picked":["Streamline","Beam Cell"],"picked":"Coolheaded","floor":5.0},{"not_picked":["Aggregate","Storm","Static Discharge"],"picked":"SKIP","floor":6.0},{"not_picked":["Go for the Eyes","Lockon"],"picked":"Tempest","floor":8.0},{"not_picked":["All For One","Gash","Steam"],"picked":"SKIP","floor":10.0},{"not_picked":["All For One","Gash","Steam"],"picked":"SKIP","floor":10.0},{"not_picked":["Sweeping Beam","Go for the Eyes"],"picked":"Double Energy","floor":11.0}],"player_experience":2560178,"relics_obtained":[{"floor":6.0,"key":"Omamori"},{"floor":8.0,"key":"Old Coin"},{"floor":9.0,"key":"Frozen Egg 2"},{"floor":10.0,"key":"Bronze Scales"}],"event_choices":[{"cards_removed":["Defend_B"],"damage_healed":0.0,"max_hp_gain":0.0,"max_hp_loss":0.0,"gold_gain":0.0,"event_name":"Golden Wing","player_choice":"Card Removal","floor":3.0,"gold_loss":0.0,"damage_taken":7.0}],"is_beta":false,"boss_relics":[],"items_purged_floors":[],"is_endless":false,"potions_floor_spawned":[1,6,8],"killed_by":"3 Louse","ascension_level":20}