{"gold_per_floor":[117,41,41,58,77,77,108,108,135,145,176,176,231,259,259,334,384,398,398,416,429,429,463,463,490,490,502,502,502,532,578,578,578],"floor_reached":33,"playtime":1585,"items_purged":[],"score":642,"play_id":"c7a0dae4-0ffa-453e-9eef-d5a2ef78c8db","local_time":"20181212153258","daily_mods":["SealedDeck"],"is_ascension_mode":true,"campfire_choices":[{"data":"Dark Embrace","floor":6.0,"key":"SMITH"},{"data":"Feel No Pain","floor":8.0,"key":"SMITH"},{"data":"Corruption","floor":15.0,"key":"SMITH"},{"data":"Armaments","floor":28.0,"key":"SMITH"},{"data":"Shockwave","floor":32.0,"key":"SMITH"}],"neow_cost":"","seed_source_timestamp":0,"circlet_count":0,"master_deck":["AscendersBane","Clothesline+1","Iron Wave","Twin Strike","Pommel Strike","Whirlwind","True Grit","Corruption+1","Disarm","Feel No Pain+1","Anger","Dark Embrace+1","Shockwave+1","Havoc","Shrug It Off","Fiend Fire","Reaper","Armaments+1"],"special_seed":0,"relics":["Burning Blood","Boot","Bag of Marbles","Smiling Mask","Pen Nib","Meat on the Bone","Tiny House","Strawberry","Happy Flower","Question Card","Mummified Hand","Gambling Chip","Potion Belt"],"potions_floor_usage":[],"damage_taken":[{"damage":7.0,"enemies":"2 Louse","floor":1.0,"turns":3.0},{"damage":0.0,"enemies":"Cultist","floor":4.0,"turns":4.0},{"damage":0.0,"enemies":"Small Slimes","floor":5.0,"turns":4.0},{"damage":21.0,"enemies":"Gremlin Nob","floor":7.0,"turns":4.0},{"damage":2.0,"enemies":"Blue Slaver","floor":10.0,"turns":4.0},{"damage":6.0,"enemies":"3 Sentries","floor":11.0,"turns":6.0},{"damage":15.0,"enemies":"Lagavulin Event","floor":13.0,"turns":4.0},{"damage":20.0,"enemies":"Gremlin Nob","floor":14.0,"turns":5.0},{"damage":11.0,"enemies":"Slime Boss","floor":16.0,"turns":10.0},{"damage":12.0,"enemies":"2 Thieves","floor":18.0,"turns":4.0},{"damage":8.0,"enemies":"Chosen","floor":20.0,"turns":5.0},{"damage":25.0,"enemies":"Snake Plant","floor":21.0,"turns":5.0},{"damage":12.0,"enemies":"Gremlin Leader","floor":23.0,"turns":8.0},{"damage":43.0,"enemies":"Book of Stabbing","floor":25.0,"turns":7.0},{"damage":23.0,"enemies":"Shelled Parasite and Fungi","floor":27.0,"turns":3.0},{"damage":22.0,"enemies":"Gremlin Leader","floor":30.0,"turns":7.0},{"damage":66,"enemies":"Champ","floor":33,"turns":10}],"seed_played":"5412489008905787172","potions_obtained":[{"floor":3.0,"key":"SneckoOil"},{"floor":3.0,"key":"EntropicBrew"},{"floor":13.0,"key":"Block Potion"},{"floor":14.0,"key":"SpeedPotion"},{"floor":20.0,"key":"Energy Potion"},{"floor":25.0,"key":"SteroidPotion"},{"floor":30.0,"key":"Explosive Potion"}],"is_trial":true,"path_per_floor":["M","$","?","M","M","R","E","R","T","M","E","$","?","E","R","B",null,"M","?","M","M","?","E","?","E","T","M","R","?","E","T","R","B"],"character_chosen":"IRONCLAD","items_purchased":["Dark Embrace"],"campfire_rested":0,"item_purchase_floors":[2],"current_hp_per_floor":[67,67,67,73,75,75,60,60,60,64,64,64,55,41,41,48,73,67,74,72,62,62,56,56,39,39,38,38,38,50,50,50,0],"gold":578,"neow_bonus":"","is_prod":false,"is_daily":false,"chose_seed":false,"campfire_upgraded":5,"win_rate":0,"timestamp":1544657578,"path_taken":["M","$","?","M","M","R","E","R","T","?","E","$","?","E","R","BOSS","M","?","?","M","?","E","?","E","T","M","R","?","E","?","R","BOSS"],"build_version":"2018-12-06","purchased_purges":0,"victory":false,"max_hp_per_floor":[75,75,75,75,75,75,75,75,75,75,75,75,75,75,75,75,80,80,87,87,87,87,87,87,87,87,87,87,87,87,87,87,87],"card_choices":[{"not_picked":["Flex","Clothesline"],"picked":"Anger","floor":1.0},{"not_picked":["Rampage","Perfected Strike","Sword Boomerang"],"picked":"SKIP","floor":4.0},{"not_picked":["Evolve","Heavy Blade"],"picked":"Shockwave","floor":5.0},{"not_picked":["Rampage","Pommel Strike","Flex"],"picked":"SKIP","floor":7.0},{"not_picked":["Cleave","Flex","Havoc"],"picked":"SKIP","floor":10.0},{"not_picked":["Cleave","Flex","Havoc"],"picked":"SKIP","floor":10.0},{"not_picked":["Bloodletting","Twin Strike"],"picked":"Havoc","floor":11.0},{"not_picked":["Berserk","Inflame"],"picked":"Shrug It Off","floor":13.0},{"not_picked":["Shrug It Off","Rage","Shockwave"],"picked":"SKIP","floor":14.0},{"not_picked":["Immolate","Dark Embrace"],"picked":"Fiend Fire","floor":16.0},{"not_picked":["Iron Wave","Wild Strike","Sword Boomerang"],"picked":"SKIP","floor":18.0},{"not_picked":["Twin Strike","Shrug It Off"],"picked":"Reaper","floor":20.0},{"not_picked":["Infernal Blade","Twin Strike"],"picked":"Armaments","floor":21.0},{"not_picked":["Armaments","Whirlwind","Corruption"],"picked":"SKIP","floor":23.0},{"not_picked":["Sword Boomerang","Havoc","Feed"],"picked":"SKIP","floor":25.0},{"not_picked":["Dual Wield","Warcry","Burning Pact","Shockwave+1"],"picked":"SKIP","floor":27.0},{"not_picked":["Metallicize","Fire Breathing","Sword Boomerang","Entrench+1"],"picked":"SKIP","floor":30.0}],"player_experience":1783315,"relics_obtained":[{"floor":7.0,"key":"Boot"},{"floor":9.0,"key":"Bag of Marbles"},{"floor":11.0,"key":"Smiling Mask"},{"floor":13.0,"key":"Pen Nib"},{"floor":14.0,"key":"Meat on the Bone"},{"floor":23.0,"key":"Happy Flower"},{"floor":25.0,"key":"Question Card"},{"floor":26.0,"key":"Mummified Hand"},{"floor":30.0,"key":"Gambling Chip"},{"floor":31.0,"key":"Potion Belt"}],"event_choices":[{"damage_healed":0.0,"max_hp_gain":0.0,"max_hp_loss":0.0,"gold_gain":0.0,"event_name":"Lab","player_choice":"Got Potions","floor":3.0,"gold_loss":0.0,"damage_taken":0.0},{"damage_healed":0.0,"max_hp_gain":0.0,"max_hp_loss":0.0,"gold_gain":0.0,"event_name":"Dead Adventurer","player_choice":"Searched \u00272\u0027 times","floor":13.0,"gold_loss":0.0,"damage_taken":0.0},{"damage_healed":0.0,"max_hp_gain":0.0,"max_hp_loss":0.0,"gold_gain":0.0,"event_name":"WeMeetAgain","player_choice":"Gave Potion","floor":19.0,"gold_loss":0.0,"damage_taken":0.0,"relics_obtained":["Strawberry"]},{"damage_healed":0.0,"max_hp_gain":0.0,"max_hp_loss":0.0,"gold_gain":0.0,"event_name":"The Mausoleum","player_choice":"Ignored","floor":22.0,"gold_loss":0.0,"damage_taken":0.0},{"cards_removed":["Rage"],"damage_healed":0.0,"max_hp_gain":0.0,"max_hp_loss":0.0,"gold_gain":0.0,"event_name":"Back to Basics","player_choice":"Elegance","floor":24.0,"gold_loss":0.0,"damage_taken":0.0},{"damage_healed":0.0,"max_hp_gain":0.0,"max_hp_loss":0.0,"gold_gain":0.0,"event_name":"Cursed Tome","player_choice":"Ignored","floor":29.0,"gold_loss":0.0,"damage_taken":0.0}],"is_beta":false,"boss_relics":[{"not_picked":["Orrery","Lizard Tail"],"picked":"Tiny House"}],"items_purged_floors":[],"is_endless":false,"potions_floor_spawned":[7,10,13,14,16,20,25,30],"killed_by":"Champ","ascension_level":20}