{"gold_per_floor":[369,389,4,17,37,37,63,63,63,80,107,121,121,139,139,214,214,202,0,11,11,61,61,81,81,154,154,174,207,47,67,67,144,144,160,160,176,194,109,109,128,144,144,95,95,123,139,173,173,173],"floor_reached":51,"playtime":4672,"items_purged":["Writhe","Strike_R","Strike_R"],"score":1416,"play_id":"a0c980e7-d009-4174-9986-37c3f08f5fe6","local_time":"20180729132206","is_ascension_mode":true,"campfire_choices":[{"data":"Bash","floor":6.0,"key":"SMITH"},{"data":"Shrug It Off","floor":8.0,"key":"SMITH"},{"data":"Armaments","floor":15.0,"key":"SMITH"},{"floor":23.0,"key":"REST"},{"data":"Havoc","floor":25.0,"key":"SMITH"},{"data":"True Grit","floor":27.0,"key":"SMITH"},{"data":"True Grit","floor":32.0,"key":"SMITH"},{"data":"Corruption","floor":40,"key":"SMITH"},{"floor":45,"key":"REST"},{"data":"Feel No Pain","floor":49,"key":"SMITH"}],"neow_cost":"CURSE","seed_source_timestamp":16550191320220,"circlet_count":0,"master_deck":["Strike_R","Strike_R","Defend_R","Defend_R","Defend_R","Defend_R","Bash+1","AscendersBane","Pommel Strike","Pommel Strike","Shrug It Off+1","Spot Weakness","Armaments+1","Metallicize","True Grit+1","Feed","Clumsy","Intimidate","True Grit+1","Shrug It Off","Havoc+1","Feel No Pain+1","Shockwave","Feel No Pain+1","Juggernaut","Havoc+1","Corruption+1","Sever Soul","True Grit","Seeing Red+1","Shrug It Off","Seeing Red","Body Slam+1"],"special_seed":0,"relics":["Burning Blood","Singing Bowl","Strawberry","Omamori","Question Card","Blue Candle","Calling Bell","Blood Vial","Letter Opener","Dead Branch","Gremlin Horn","Mango","Eternal Feather","Darkstone Periapt","Mummified Hand","Vajra"],"potions_floor_usage":[33,38,46,50],"damage_taken":[{"damage":6.0,"enemies":"Cultist","floor":1.0,"turns":3.0},{"damage":8.0,"enemies":"Jaw Worm","floor":2.0,"turns":4.0},{"damage":3.0,"enemies":"2 Louse","floor":4.0,"turns":3.0},{"damage":10.0,"enemies":"2 Fungi Beasts","floor":5.0,"turns":4.0},{"damage":27.0,"enemies":"Lagavulin","floor":7.0,"turns":7.0},{"damage":8.0,"enemies":"Blue Slaver","floor":10.0,"turns":4.0},{"damage":37.0,"enemies":"Gremlin Nob","floor":11.0,"turns":5.0},{"damage":8.0,"enemies":"3 Louse","floor":12.0,"turns":6.0},{"damage":4.0,"enemies":"Looter","floor":14.0,"turns":4.0},{"damage":36.0,"enemies":"The Guardian","floor":16.0,"turns":17.0},{"damage":25.0,"enemies":"2 Thieves","floor":18.0,"turns":4.0},{"damage":16.0,"enemies":"Chosen","floor":20.0,"turns":5.0},{"damage":6.0,"enemies":"Snecko","floor":24.0,"turns":6.0},{"damage":11.0,"enemies":"Chosen and Byrds","floor":28.0,"turns":6.0},{"damage":12.0,"enemies":"Slavers","floor":29.0,"turns":4.0},{"damage":18.0,"enemies":"Snake Plant","floor":31.0,"turns":7.0},{"damage":26,"enemies":"Champ","floor":33,"turns":25},{"damage":14,"enemies":"Flame Bruiser 1 Orb","floor":35,"turns":10},{"damage":20,"enemies":"3 Darklings","floor":37,"turns":8},{"damage":21,"enemies":"4 Shapes","floor":38,"turns":7},{"damage":12,"enemies":"Spire Growth","floor":41,"turns":6},{"damage":48,"enemies":"Transient","floor":42,"turns":5},{"damage":10,"enemies":"2 Orb Walkers","floor":46,"turns":2},{"damage":19,"enemies":"Maw","floor":47,"turns":8},{"damage":4,"enemies":"Giant Head","floor":48,"turns":3},{"damage":11,"enemies":"Donu and Deca","floor":50,"turns":3}],"seed_played":"-3492237375944733974","potions_obtained":[{"floor":1.0,"key":"Regen Potion"},{"floor":7.0,"key":"Fruit Juice"},{"floor":12.0,"key":"FearPotion"},{"floor":16.0,"key":"Energy Potion"},{"floor":20.0,"key":"SkillPotion"},{"floor":31.0,"key":"SteroidPotion"},{"floor":33,"key":"SpeedPotion"},{"floor":37,"key":"Regen Potion"},{"floor":41,"key":"FearPotion"},{"floor":42,"key":"SkillPotion"},{"floor":47,"key":"Block Potion"}],"is_trial":false,"path_per_floor":["M","M","$","M","M","R","E","R","T","M","E","M","T","M","R","B",null,"M","$","M","?","?","R","M","R","T","R","M","E","$","M","R","B",null,"M","?","M","M","$","R","M","M","T","$","R","E","M","E","R","B"],"character_chosen":"IRONCLAD","items_purchased":["Singing Bowl","Block Potion","True Grit","Shrug It Off","Feel No Pain","Sever Soul","True Grit","Shrug It Off"],"campfire_rested":2,"item_purchase_floors":[3,3,19,19,30,39,39,44],"current_hp_per_floor":[68,66,66,71,67,67,53,53,53,51,41,39,39,41,41,11,71,57,57,52,52,52,81,85,85,85,85,82,96,96,88,88,70,107,101,101,91,93,93,108,104,66,66,66,120,120,122,125,125,125],"gold":173,"neow_bonus":"TWO_FIFTY_GOLD","is_prod":false,"is_daily":false,"chose_seed":false,"campfire_upgraded":8,"win_rate":0,"timestamp":1532895726,"path_taken":["M","?","$","M","M","R","E","R","T","M","E","M","?","M","R","BOSS","M","$","M","?","?","R","M","R","T","R","M","E","$","M","R","BOSS","M","?","M","M","$","R","M","M","T","$","R","E","M","E","R","BOSS"],"build_version":"2018-07-26","purchased_purges":3,"victory":true,"max_hp_per_floor":[75,75,75,77,77,77,84,84,84,84,91,91,91,91,91,91,91,94,94,97,97,97,97,99,99,99,99,99,117,117,119,119,119,119,119,119,121,121,121,121,121,123,123,123,123,125,125,125,125,125],"card_choices":[{"not_picked":["Warcry","Iron Wave"],"picked":"Pommel Strike","floor":1.0},{"not_picked":["Entrench","Second Wind"],"picked":"Pommel Strike","floor":2.0},{"not_picked":["Power Through","Disarm","Headbutt"],"picked":"Singing Bowl","floor":4.0},{"not_picked":["Hemokinesis","Fire Breathing"],"picked":"Shrug It Off","floor":5.0},{"not_picked":["Sever Soul","Pommel Strike"],"picked":"Spot Weakness","floor":7.0},{"not_picked":["Feel No Pain","Wild Strike"],"picked":"Armaments","floor":10.0},{"not_picked":["Reckless Charge","Body Slam","Corruption"],"picked":"Singing Bowl","floor":11.0},{"not_picked":["Infernal Blade","Juggernaut","Carnage"],"picked":"Metallicize","floor":12.0},{"not_picked":["Feel No Pain","Dropkick","Spot Weakness"],"picked":"True Grit","floor":14.0},{"not_picked":["Bludgeon","Exhume","Double Tap"],"picked":"Feed","floor":16.0},{"not_picked":["Evolve","Second Wind","Cleave+1"],"picked":"Intimidate","floor":18.0},{"not_picked":["Ghostly Armor","Carnage","Clash+1"],"picked":"Havoc","floor":20.0},{"not_picked":["Armaments","Twin Strike","Second Wind","Cleave"],"picked":"Singing Bowl","floor":24.0},{"not_picked":["Cleave","Pommel Strike","Headbutt"],"picked":"Feel No Pain+1","floor":28.0},{"not_picked":["Pommel Strike","Sever Soul","Double Tap"],"picked":"Shockwave","floor":29.0},{"not_picked":["Wild Strike","Sever Soul","Infernal Blade","True Grit"],"picked":"Singing Bowl","floor":31.0},{"not_picked":["Reaper","Demon Form","Barricade"],"picked":"Juggernaut","floor":33},{"not_picked":["Bloodletting","Blood for Blood","Power Through"],"picked":"Havoc+1","floor":35},{"not_picked":["Armaments","Clothesline+1","Uppercut","Anger"],"picked":"Singing Bowl","floor":37},{"not_picked":["Combust","Havoc","Pommel Strike"],"picked":"Corruption","floor":38},{"not_picked":["Armaments","Sword Boomerang+1","Havoc"],"picked":"Seeing Red+1","floor":41},{"not_picked":["Warcry","Cleave+1","Anger","Clash"],"picked":"Singing Bowl","floor":42},{"not_picked":["Cleave","Anger","Headbutt","Second Wind"],"picked":"Singing Bowl","floor":46},{"not_picked":["Infernal Blade","Rupture+1","Perfected Strike"],"picked":"Seeing Red","floor":47},{"not_picked":["Inflame","Pummel","Armaments"],"picked":"Body Slam+1","floor":48}],"player_experience":939176,"relics_obtained":[{"floor":7.0,"key":"Strawberry"},{"floor":9.0,"key":"Omamori"},{"floor":11.0,"key":"Question Card"},{"floor":13.0,"key":"Blue Candle"},{"floor":17.0,"key":"Blood Vial"},{"floor":17.0,"key":"Letter Opener"},{"floor":17.0,"key":"Dead Branch"},{"floor":26.0,"key":"Gremlin Horn"},{"floor":29.0,"key":"Mango"},{"floor":43,"key":"Darkstone Periapt"},{"floor":46,"key":"Mummified Hand"},{"floor":48,"key":"Vajra"}],"event_choices":[{"event_name":"Beggar","player_choice":"Ignored","floor":21.0,"damage_taken":0.0},{"event_name":"Nest","player_choice":"Stole From Cult","floor":22.0,"damage_taken":0.0},{"event_name":"Falling","player_choice":"Removed Attack","floor":36,"damage_taken":0}],"is_beta":false,"boss_relics":[{"not_picked":["Runic Cube","Runic Dome"],"picked":"Calling Bell"},{"not_picked":["White Beast Statue","Black Blood"],"picked":"Eternal Feather"}],"items_purged_floors":[3,19,30],"is_endless":false,"potions_floor_spawned":[1,4,7,12,16,20,31,33,35,37,41,42,47],"ascension_level":15}