{"gold_per_floor":[450,492,543,600,59,137,194,272,272,353,353,353,392,422,422,641,641,686,725,474,534,534,615,669,747,824,824,926,1030,1135,1180,1180,1402,1402,1444,1444,700,759,147,249,348,438,438,492,579,579,698,811,811,811,811,811,811,251,335,335],"floor_reached":57,"playtime":2628,"items_purged":["Prepared","HandOfGreed"],"score":4510,"play_id":"8904e4ce-8da9-4a18-8bcf-00ed60d19820","local_time":"20190102003330","daily_mods":["SealedDeck","Vintage","Diverse","Colorless Cards","Heirloom","Time Dilation","DeadlyEvents","Midas","Terminal"],"is_ascension_mode":true,"campfire_choices":[{"floor":11,"key":"RECALL"},{"data":"1","floor":15,"key":"LIFT"},{"data":"2","floor":27,"key":"LIFT"},{"data":"3","floor":32,"key":"LIFT"},{"floor":49,"key":"REST"},{"floor":53,"key":"REST"}],"neow_cost":"","seed_source_timestamp":0,"circlet_count":0,"master_deck":["AscendersBane","Pommel Strike","Enlightenment","Leg Sweep","Dagger Spray","Gash+1","PiercingWail+1","Ball Lightning+1","Double Energy","Armaments+1","Rainbow+1","Defragment","White Noise","Anger","Panacea","Escape Plan","Recycle+1","Chrysalis","PanicButton","Calculated Gamble","Concentrate","Tempest","Aggregate","Jack Of All Trades","Seeing Red","Havoc","Finesse+1"],"relics":["Cracked Core","Old Coin","Mango","PreservedInsect","Gremlin Horn","Unceasing Top","Omamori","Medical Kit","WingedGreaves","Bag of Marbles","Calipers","Dead Branch","DataDisk","Blood Vial","Girya","Sozu","War Paint","Oddly Smooth Stone","Lantern","Prayer Wheel","Emotion Chip","Whetstone","Regal Pillow","Singing Bowl","Pen Nib","Dream Catcher","Nunchaku","Runic Dome","Boot","TheAbacus","Question Card","Kunai","ClockworkSouvenir","Tiny Chest","Ancient Tea Set","Bottled Lightning","Orichalcum","Bronze Scales","Anchor","Smiling Mask","Symbiotic Virus","Happy Flower","Pear","Dodecahedron","Strawberry","Turnip"],"potions_floor_usage":[56,56],"damage_taken":[{"damage":0,"enemies":"Small Slimes","floor":1,"turns":2},{"damage":0,"enemies":"Jaw Worm","floor":2,"turns":3},{"damage":0,"enemies":"2 Louse","floor":3,"turns":2},{"damage":2,"enemies":"Exordium Thugs","floor":4,"turns":3},{"damage":0,"enemies":"Lagavulin","floor":6,"turns":6},{"damage":0,"enemies":"Gremlin Gang","floor":7,"turns":3},{"damage":0,"enemies":"3 Sentries","floor":8,"turns":5},{"damage":0,"enemies":"Gremlin Nob","floor":10,"turns":3},{"damage":0,"enemies":"3 Louse","floor":13,"turns":1},{"damage":9,"enemies":"Red Slaver","floor":14,"turns":2},{"damage":23,"enemies":"Hexaghost","floor":16,"turns":6},{"damage":0,"enemies":"2 Thieves","floor":18,"turns":1},{"damage":6,"enemies":"Chosen","floor":19,"turns":2},{"damage":0,"enemies":"Snake Plant","floor":21,"turns":2},{"damage":0,"enemies":"Book of Stabbing","floor":23,"turns":3},{"damage":0,"enemies":"Shelled Parasite and Fungi","floor":24,"turns":1},{"damage":0,"enemies":"Slavers","floor":25,"turns":1},{"damage":0,"enemies":"Book of Stabbing","floor":28,"turns":3},{"damage":17,"enemies":"Slavers","floor":29,"turns":2},{"damage":0,"enemies":"Gremlin Leader","floor":30,"turns":2},{"damage":0,"enemies":"Cultist and Chosen","floor":31,"turns":3},{"damage":0,"enemies":"Automaton","floor":33,"turns":4},{"damage":0,"enemies":"3 Darklings","floor":35,"turns":1},{"damage":0,"enemies":"Orb Walker","floor":38,"turns":2},{"damage":0,"enemies":"Reptomancer","floor":40,"turns":1},{"damage":0,"enemies":"Nemesis","floor":41,"turns":3},{"damage":0,"enemies":"Reptomancer","floor":42,"turns":1},{"damage":0,"enemies":"Sphere and 2 Shapes","floor":44,"turns":1},{"damage":0,"enemies":"Nemesis","floor":45,"turns":1},{"damage":0,"enemies":"Giant Head","floor":47,"turns":1},{"damage":0,"enemies":"Nemesis","floor":48,"turns":1},{"damage":0,"enemies":"Time Eater","floor":50,"turns":5},{"damage":0,"enemies":"Donu and Deca","floor":51,"turns":6},{"damage":0,"enemies":"Shield and Spear","floor":55,"turns":3},{"damage":30,"enemies":"The Heart","floor":56,"turns":6}],"seed_played":"-562285384500873475","potions_obtained":[{"floor":3,"key":"EssenceOfSteel"},{"floor":4,"key":"Weak Potion"},{"floor":16,"key":"EssenceOfSteel"}],"is_trial":true,"path_per_floor":["M","M","M","M","$","E","M","E","T","E","R","?","M","M","R","B",null,"M","M","$","M","?","E","M","E","T","R","E","E","E","M","R","B",null,"M","?","$","M","$","E","E","E","T","M","E","?","E","E","R","B","B",null,"R","$","E","B",null],"character_chosen":"DEFECT","items_purchased":["Omamori","Medical Kit","Rainbow","Defragment","Lantern","Panacea","Chrysalis","TheAbacus","Question Card","ClockworkSouvenir","Tiny Chest","Ancient Tea Set","PanicButton","Dodecahedron","Strawberry","Havoc"],"campfire_rested":2,"item_purchase_floors":[5,5,5,5,20,20,37,37,37,39,39,39,39,54,54,54],"current_hp_per_floor":[78,78,78,76,76,76,76,76,75,74,73,72,71,62,62,41,61,63,59,59,61,61,61,60,59,58,57,58,41,43,55,54,53,52,51,60,59,58,57,56,55,56,55,54,55,54,55,64,63,62,61,60,59,65,64,34],"gold":335,"neow_bonus":"","is_prod":false,"is_daily":false,"chose_seed":false,"campfire_upgraded":0,"win_rate":0,"timestamp":1546360410,"path_taken":["M","M","M","M","$","E","M","E","T","E","R","?","?","M","R","BOSS","M","M","$","M","?","E","M","E","T","R","E","?","E","M","R","BOSS","M","?","$","M","$","E","E","E","T","M","?","?","E","?","R","BOSS","BOSS","R","$","E","BOSS"],"build_version":"2018-12-25","purchased_purges":2,"victory":true,"max_hp_per_floor":[83,82,81,80,79,78,77,76,75,74,73,72,71,70,69,68,67,66,65,64,63,62,61,60,59,58,57,58,57,56,55,54,53,52,51,60,59,58,57,56,55,56,55,54,55,54,55,64,63,62,61,60,59,65,64,63],"card_choices":[{"not_picked":["Clash","Metallicize","Cleave"],"picked":"SKIP","floor":6},{"not_picked":["Acrobatics","Rip and Tear"],"picked":"White Noise","floor":8},{"not_picked":["PiercingWail","Coolheaded"],"picked":"Anger","floor":10},{"not_picked":["Demon Form","Bludgeon"],"picked":"Mayhem","floor":16},{"not_picked":["Rebound+1","Shrug It Off","Flechettes"],"picked":"SKIP","floor":23},{"not_picked":["Perfected Strike","Carnage+1"],"picked":"Escape Plan","floor":25},{"not_picked":["Ball Lightning","Crippling Poison","Streamline"],"picked":"Singing Bowl","floor":28},{"not_picked":["Glacier+1","Go for the Eyes"],"picked":"Recycle+1","floor":29},{"not_picked":["Underhanded Strike","Sentinel"],"picked":"Reaper","floor":30},{"not_picked":["Metamorphosis","Biased Cognition"],"picked":"HandOfGreed","floor":33},{"not_picked":["Flying Knee","Secret Weapon","Poisoned Stab"],"picked":"Calculated Gamble","floor":40},{"not_picked":["Conserve Battery","Undo","Blade Dance+1"],"picked":"Concentrate","floor":41},{"not_picked":["Footwork","Clash","Redo","Setup"],"picked":"Singing Bowl","floor":42},{"not_picked":["Wraith Form v2","Go for the Eyes","Multi-Cast","Flex"],"picked":"Singing Bowl","floor":45},{"not_picked":["Bloodletting","Heatsinks","Anger","Mind Blast"],"picked":"Singing Bowl","floor":47},{"not_picked":["Outmaneuver","Blizzard+1","Clash"],"picked":"Aggregate","floor":48},{"not_picked":["Rupture","Sweeping Beam","Beam Cell"],"picked":"Jack Of All Trades","floor":49},{"not_picked":["Heatsinks+1","Chaos","Dash"],"picked":"Seeing Red","floor":53},{"not_picked":["The Bomb","Wild Strike","Clash+1"],"picked":"Finesse+1","floor":55}],"player_experience":1224596,"relics_obtained":[{"floor":1,"key":"Mango"},{"floor":2,"key":"PreservedInsect"},{"floor":3,"key":"Gremlin Horn"},{"floor":4,"key":"Unceasing Top"},{"floor":6,"key":"WingedGreaves"},{"floor":7,"key":"Bag of Marbles"},{"floor":8,"key":"Calipers"},{"floor":9,"key":"Dead Branch"},{"floor":10,"key":"DataDisk"},{"floor":13,"key":"Blood Vial"},{"floor":14,"key":"Girya"},{"floor":18,"key":"War Paint"},{"floor":19,"key":"Oddly Smooth Stone"},{"floor":21,"key":"Prayer Wheel"},{"floor":23,"key":"Emotion Chip"},{"floor":24,"key":"Whetstone"},{"floor":25,"key":"Regal Pillow"},{"floor":28,"key":"Singing Bowl"},{"floor":29,"key":"Pen Nib"},{"floor":30,"key":"Dream Catcher"},{"floor":31,"key":"Nunchaku"},{"floor":35,"key":"Boot"},{"floor":38,"key":"Kunai"},{"floor":40,"key":"Bottled Lightning"},{"floor":41,"key":"Orichalcum"},{"floor":42,"key":"Bronze Scales"},{"floor":43,"key":"Anchor"},{"floor":44,"key":"Smiling Mask"},{"floor":45,"key":"Symbiotic Virus"},{"floor":47,"key":"Happy Flower"},{"floor":48,"key":"Pear"},{"floor":55,"key":"Turnip"}],"event_choices":[{"damage_healed":0,"gold_gain":0,"player_choice":"Grow","damage_taken":0,"max_hp_gain":0,"max_hp_loss":0,"event_name":"Living Wall","floor":12,"gold_loss":0,"cards_upgraded":["Armaments"]},{"damage_healed":0,"gold_gain":0,"player_choice":"Ignored","damage_taken":0,"max_hp_gain":0,"max_hp_loss":0,"event_name":"N\u0027loth","floor":22,"gold_loss":0},{"cards_removed":["Mayhem"],"damage_healed":0,"gold_gain":0,"player_choice":"Offered Rare","damage_taken":0,"max_hp_gain":10,"max_hp_loss":0,"event_name":"Bonfire Elementals","floor":36,"gold_loss":0},{"damage_healed":0,"gold_gain":0,"cards_transformed":["Reaper"],"player_choice":"Transformed","damage_taken":0,"max_hp_gain":0,"max_hp_loss":0,"event_name":"Transmorgrifier","floor":46,"gold_loss":0,"cards_obtained":["Tempest"]}],"is_beta":true,"boss_relics":[{"not_picked":["Empty Cage","Eternal Feather"],"picked":"Sozu"},{"not_picked":["Astrolabe","Lizard Tail"],"picked":"Runic Dome"}],"items_purged_floors":[37,54],"is_endless":false,"potions_floor_spawned":[3,4,7,10,14,16,18,23,25,28,30,41,44,45,47,48,55],"ascension_level":20}