{"gold_per_floor":[117,137,151,151,161,194,194,41,41,116,116,132,164,164,164,264,264,274,274,35,52,71,71,101,115,142,142,158,174,209,209,209,308,308,322,340,440,459,46,78,78,107,107,142,162,162,176,190,190,190],"floor_reached":51,"playtime":1939,"items_purged":["Regret"],"score":999,"play_id":"3033c6b2-887d-47db-b6cd-b615cd1e0e4f","local_time":"25611029213736","is_ascension_mode":true,"campfire_choices":[{"data":"Pummel","floor":7,"key":"SMITH"},{"data":"Infernal Blade","floor":11,"key":"SMITH"},{"data":"Shockwave","floor":15,"key":"SMITH"},{"floor":23,"key":"REST"},{"floor":27,"key":"REST"},{"data":"Double Tap","floor":32,"key":"SMITH"},{"data":"RitualDagger","floor":41,"key":"SMITH"},{"data":"Rage","floor":46,"key":"SMITH"},{"floor":49,"key":"REST"}],"neow_cost":"NONE","seed_source_timestamp":23188169323672,"circlet_count":0,"master_deck":["Strike_R","Strike_R","Strike_R","Defend_R","Defend_R","Defend_R","Defend_R","Bash","Infernal Blade+1","Headbutt","Pummel+1","Double Tap+1","Shockwave+1","Feed","Armaments+1","RitualDagger+1","Combust+1","Seeing Red","Reaper","Spot Weakness+1","Battle Trance","Whirlwind+1","Immolate","Shrug It Off+1","Body Slam+1","Wild Strike+1","Infernal Blade+1","Flex+1","Inflame+1","Rage+1","True Grit+1","Carnage+1","Body Slam+1","True Grit+1","Exhume+1","Feel No Pain+1","Entrench+1"],"relics":["Burning Blood","Boot","Ornamental Fan","PreservedInsect","Self Forming Clay","Meat on the Bone","Prayer Wheel","Black Star","Kunai","Pen Nib","Lantern","Ancient Tea Set","Thread and Needle","Torii","Astrolabe","Ice Cream","Bottled Tornado","Paper Frog","Mercury Hourglass","Bronze Scales","Oddly Smooth Stone","Sundial","Toxic Egg 2","Question Card"],"potions_floor_usage":[2,16,16,21,30,33,33,38,40,50,50,50],"damage_taken":[{"damage":8,"enemies":"Small Slimes","floor":1,"turns":3},{"damage":0,"enemies":"2 Louse","floor":2,"turns":2},{"damage":0,"enemies":"Cultist","floor":3,"turns":2},{"damage":4,"enemies":"2 Fungi Beasts","floor":5,"turns":3},{"damage":34,"enemies":"Gremlin Nob","floor":6,"turns":4},{"damage":0,"enemies":"3 Louse","floor":12,"turns":2},{"damage":7,"enemies":"3 Sentries","floor":13,"turns":5},{"damage":36,"enemies":"The Guardian","floor":16,"turns":9},{"damage":30,"enemies":"Shell Parasite","floor":18,"turns":7},{"damage":9,"enemies":"Chosen","floor":21,"turns":4},{"damage":30,"enemies":"Snake Plant","floor":22,"turns":4},{"damage":29,"enemies":"Book of Stabbing","floor":24,"turns":5},{"damage":12,"enemies":"Snecko","floor":25,"turns":5},{"damage":26,"enemies":"Centurion and Healer","floor":28,"turns":5},{"damage":0,"enemies":"Snake Plant","floor":29,"turns":1},{"damage":9,"enemies":"Slavers","floor":30,"turns":4},{"damage":68,"enemies":"Collector","floor":33,"turns":9},{"damage":11,"enemies":"3 Shapes","floor":35,"turns":2},{"damage":13,"enemies":"3 Darklings","floor":36,"turns":2},{"damage":2,"enemies":"Mind Bloom Boss Battle","floor":37,"turns":3},{"damage":15,"enemies":"Spire Growth","floor":38,"turns":3},{"damage":14,"enemies":"Giant Head","floor":40,"turns":6},{"damage":13,"enemies":"Nemesis","floor":42,"turns":3},{"damage":1,"enemies":"Giant Head","floor":44,"turns":5},{"damage":50,"enemies":"Writhing Mass","floor":45,"turns":4},{"damage":5,"enemies":"Transient","floor":47,"turns":5},{"damage":3,"enemies":"Spire Growth","floor":48,"turns":4},{"damage":74,"enemies":"Awakened One","floor":50,"turns":9}],"seed_played":"-9149304311705904151","potions_obtained":[{"floor":1,"key":"AttackPotion"},{"floor":3,"key":"LiquidBronze"},{"floor":5,"key":"Ancient Potion"},{"floor":6,"key":"Poison Potion"},{"floor":18,"key":"Poison Potion"},{"floor":28,"key":"Explosive Potion"},{"floor":29,"key":"LiquidBronze"},{"floor":30,"key":"Regen Potion"},{"floor":35,"key":"GamblersBrew"},{"floor":36,"key":"Strength Potion"},{"floor":38,"key":"EssenceOfSteel"},{"floor":42,"key":"SteroidPotion"},{"floor":45,"key":"Weak Potion"}],"is_trial":false,"path_per_floor":["M","M","M","?","M","E","R","$","T","?","R","M","E","T","R","B",null,"M","?","$","M","M","R","E","M","T","R","M","M","E","?","R","B",null,"M","M","?","M","$","E","R","E","T","E","M","R","M","M","R","B"],"character_chosen":"IRONCLAD","items_purchased":["PreservedInsect","Kunai","Bottled Tornado","Rage"],"campfire_rested":3,"item_purchase_floors":[8,20,39,39],"current_hp_per_floor":[78,80,80,80,80,52,52,52,52,41,41,47,46,46,46,28,67,58,52,52,49,37,61,50,48,48,72,63,69,73,73,73,37,72,70,63,70,61,61,71,71,83,83,89,57,57,58,61,87,41],"gold":190,"neow_bonus":"TRANSFORM_CARD","is_prod":false,"is_daily":false,"chose_seed":false,"campfire_upgraded":6,"win_rate":1,"timestamp":1540823856,"path_taken":["M","M","M","?","M","E","R","$","T","?","R","M","E","?","R","BOSS","M","?","$","M","M","R","E","M","T","R","M","M","E","?","R","BOSS","M","M","?","M","$","E","R","E","T","E","?","R","M","M","R","BOSS"],"build_version":"2018-10-25v2","purchased_purges":1,"victory":true,"max_hp_per_floor":[80,80,80,80,80,80,80,80,80,80,80,80,80,80,80,80,80,83,83,83,83,83,83,83,83,83,83,83,83,83,83,83,83,83,86,86,89,89,89,89,89,89,89,89,89,89,89,89,89,89],"card_choices":[{"not_picked":["Clash","Iron Wave"],"picked":"Infernal Blade","floor":1},{"not_picked":["Entrench","Clothesline"],"picked":"Headbutt","floor":2},{"not_picked":["Warcry","Hemokinesis"],"picked":"Pummel","floor":3},{"not_picked":["Evolve","Heavy Blade","Rupture"],"picked":"SKIP","floor":5},{"not_picked":["Wild Strike","Hemokinesis","Headbutt"],"picked":"SKIP","floor":6},{"not_picked":["Uppercut","True Grit"],"picked":"Double Tap","floor":12},{"not_picked":["Infernal Blade","Shrug It Off"],"picked":"Shockwave","floor":13},{"not_picked":["Exhume","Berserk"],"picked":"Feed","floor":16},{"not_picked":["Clothesline","Wild Strike"],"picked":"Dual Wield","floor":18},{"not_picked":["Perfected Strike","Uppercut"],"picked":"Armaments+1","floor":18},{"not_picked":["Blood for Blood","Dual Wield"],"picked":"Combust+1","floor":21},{"not_picked":["Sentinel","Havoc"],"picked":"Seeing Red","floor":21},{"not_picked":["Wild Strike","Havoc+1"],"picked":"Reaper","floor":22},{"not_picked":["Reckless Charge","Heavy Blade","Sentinel"],"picked":"SKIP","floor":22},{"not_picked":["Feel No Pain+1","Pommel Strike","Flex"],"picked":"SKIP","floor":24},{"not_picked":["True Grit+1","Bludgeon"],"picked":"Spot Weakness+1","floor":25},{"not_picked":["Shrug It Off","Wild Strike"],"picked":"Battle Trance","floor":25},{"not_picked":["Cleave","Heavy Blade","Twin Strike+1"],"picked":"SKIP","floor":28},{"not_picked":["Havoc","Shrug It Off","Iron Wave"],"picked":"SKIP","floor":28},{"not_picked":["Immolate","Burning Pact"],"picked":"Whirlwind+1","floor":29},{"not_picked":["Cleave","Shrug It Off","Body Slam"],"picked":"SKIP","floor":29},{"not_picked":["Clothesline","Sword Boomerang","Headbutt"],"picked":"SKIP","floor":30},{"not_picked":["Barricade","Limit Break"],"picked":"Immolate","floor":33},{"not_picked":["Warcry+1","Metallicize"],"picked":"Infernal Blade+1","floor":35},{"not_picked":["Sword Boomerang","Warcry+1","Anger+1"],"picked":"SKIP","floor":35},{"not_picked":["Perfected Strike","Dropkick"],"picked":"Flex+1","floor":36},{"not_picked":["Heavy Blade+1","Rupture+1","Fire Breathing"],"picked":"SKIP","floor":36},{"not_picked":["Rampage","Warcry+1"],"picked":"Inflame+1","floor":38},{"not_picked":["Battle Trance","Intimidate","Dropkick"],"picked":"SKIP","floor":38},{"not_picked":["Berserk","Whirlwind"],"picked":"True Grit+1","floor":40},{"not_picked":["Berserk","True Grit+1"],"picked":"Carnage+1","floor":42},{"not_picked":["Headbutt","Iron Wave"],"picked":"Body Slam+1","floor":44},{"not_picked":["Rampage","Burning Pact+1","Heavy Blade"],"picked":"True Grit+1","floor":45},{"not_picked":["Thunderclap+1","Bloodletting+1","Shrug It Off+1"],"picked":"Exhume+1","floor":45},{"not_picked":["Reckless Charge+1","Thunderclap+1","Cleave+1"],"picked":"Feel No Pain+1","floor":47},{"not_picked":["Iron Wave","Dual Wield+1","Flame Barrier+1","Headbutt+1"],"picked":"SKIP","floor":47},{"not_picked":["Blood for Blood+1","Warcry+1","True Grit+1"],"picked":"Entrench+1","floor":48},{"not_picked":["Clothesline+1","Flex+1","Ghostly Armor+1","Cleave"],"picked":"SKIP","floor":48}],"player_experience":10201,"relics_obtained":[{"floor":6,"key":"Ornamental Fan"},{"floor":9,"key":"Self Forming Clay"},{"floor":13,"key":"Meat on the Bone"},{"floor":14,"key":"Prayer Wheel"},{"floor":24,"key":"Pen Nib"},{"floor":24,"key":"Lantern"},{"floor":26,"key":"Ancient Tea Set"},{"floor":30,"key":"Thread and Needle"},{"floor":30,"key":"Torii"},{"floor":37,"key":"Ice Cream"},{"floor":40,"key":"Paper Frog"},{"floor":40,"key":"Mercury Hourglass"},{"floor":42,"key":"Bronze Scales"},{"floor":42,"key":"Oddly Smooth Stone"},{"floor":43,"key":"Sundial"},{"floor":44,"key":"Toxic Egg 2"},{"floor":44,"key":"Question Card"}],"event_choices":[{"damage_healed":0,"gold_gain":0,"player_choice":"Box","damage_taken":0,"relics_obtained":["Boot"],"max_hp_gain":0,"max_hp_loss":0,"event_name":"Big Fish","floor":4,"gold_loss":0,"cards_obtained":["Regret"]},{"damage_healed":0,"gold_gain":75,"player_choice":"Gather Gold","damage_taken":11,"max_hp_gain":0,"max_hp_loss":0,"event_name":"World of Goop","floor":10,"gold_loss":0},{"damage_healed":0,"gold_gain":0,"player_choice":"Joined the Cult","damage_taken":6,"max_hp_gain":0,"max_hp_loss":0,"event_name":"Nest","floor":19,"gold_loss":0,"cards_obtained":["RitualDagger"]},{"damage_healed":0,"gold_gain":0,"player_choice":"Ignored","damage_taken":0,"max_hp_gain":0,"max_hp_loss":0,"event_name":"Vampires","floor":31,"gold_loss":0},{"damage_healed":0,"gold_gain":0,"player_choice":"Fight","damage_taken":0,"max_hp_gain":0,"max_hp_loss":0,"event_name":"MindBloom","floor":37,"gold_loss":0}],"is_beta":false,"boss_relics":[{"not_picked":["Ectoplasm","Velvet Choker"],"picked":"Black Star"},{"not_picked":["Orrery","Runic Pyramid"],"picked":"Astrolabe"}],"items_purged_floors":[39],"is_endless":false,"potions_floor_spawned":[1,3,5,6,18,28,29,30,35,36,38,42,45,48],"ascension_level":5}