{"gold_per_floor":[110,122,133,145,162,193,256,282,282,293,319,335,354,410,410,410],"floor_reached":16,"playtime":1655,"items_purged":[],"score":351,"play_id":"abd6ba7b-afab-487f-ba08-899aee1c9926","local_time":"20180721104450","daily_mods":["Draft"],"is_ascension_mode":true,"campfire_choices":[{"data":"Choke","floor":15,"key":"SMITH"}],"neow_cost":"","seed_source_timestamp":0,"circlet_count":0,"master_deck":["AscendersBane","Dagger Spray","Acrobatics","Blur","Calculated Gamble","Flying Knee","Deflect","PiercingWail","Well Laid Plans","Prepared","Slice","Sucker Punch","Deflect","Footwork","Footwork","Slice","Dagger Spray","Choke+1","Leg Sweep","Slice","Blur","Adrenaline","Escape Plan","Slice"],"relics":["Ring of the Snake","Pear","Snake Skull","Unceasing Top","Bottled Lightning","Ornamental Fan","Tiny Chest"],"potions_floor_usage":[6,6,7,11],"damage_taken":[{"damage":0,"enemies":"Cultist","floor":1,"turns":4},{"damage":0,"enemies":"2 Louse","floor":2,"turns":3},{"damage":4,"enemies":"Jaw Worm","floor":3,"turns":3},{"damage":3,"enemies":"Exordium Wildlife","floor":4,"turns":4},{"damage":4,"enemies":"3 Louse","floor":5,"turns":3},{"damage":9,"enemies":"3 Sentries","floor":6,"turns":4},{"damage":1,"enemies":"3 Sentries","floor":7,"turns":6},{"damage":0,"enemies":"Lagavulin","floor":8,"turns":9},{"damage":8,"enemies":"Exordium Thugs","floor":10,"turns":3},{"damage":20,"enemies":"Gremlin Nob","floor":11,"turns":5},{"damage":2,"enemies":"Red Slaver","floor":12,"turns":2},{"damage":0,"enemies":"Lots of Slimes","floor":13,"turns":1},{"damage":0,"enemies":"3 Sentries","floor":14,"turns":5},{"damage":19,"enemies":"Slime Boss","floor":16,"turns":7}],"seed_played":"261487605760341240","potions_obtained":[{"floor":3,"key":"Explosive Potion"},{"floor":4,"key":"EntropicBrew"},{"floor":7,"key":"Weak Potion"},{"floor":11,"key":"GamblersBrew"}],"is_trial":true,"path_per_floor":["M","M","M","M","M","E","?","E","T","M","E","M","M","E","R"],"character_chosen":"THE_SILENT","items_purchased":[],"campfire_rested":0,"item_purchase_floors":[],"current_hp_per_floor":[59,59,55,52,48,49,48,48,48,40,20,18,18,18,18,0],"gold":410,"neow_bonus":"","is_prod":false,"is_daily":false,"chose_seed":false,"campfire_upgraded":1,"win_rate":0,"timestamp":1532195090,"path_taken":["M","M","M","M","?","E","?","E","T","?","E","M","M","E","R","BOSS"],"build_version":"2018-07-19v2","purchased_purges":0,"victory":false,"max_hp_per_floor":[66,66,66,66,66,76,76,76,76,76,76,76,76,76,76,76],"card_choices":[{"not_picked":["Prepared","All Out Attack"],"picked":"Dagger Spray","floor":0},{"not_picked":["Infinite Blades","Prepared"],"picked":"Acrobatics","floor":0},{"not_picked":["Bane","Quick Slash"],"picked":"Blur","floor":0},{"not_picked":["Prepared","Deadly Poison"],"picked":"Calculated Gamble","floor":0},{"not_picked":["Acrobatics","Prepared"],"picked":"Flying Knee","floor":0},{"not_picked":["Dodge and Roll","Deadly Poison"],"picked":"Deflect","floor":0},{"not_picked":["Calculated Gamble","Dagger Spray"],"picked":"PiercingWail","floor":0},{"not_picked":["Quick Slash","Dagger Spray"],"picked":"Well Laid Plans","floor":0},{"not_picked":["Poisoned Stab","PiercingWail"],"picked":"Prepared","floor":0},{"not_picked":["Reflex","Underhanded Strike"],"picked":"Slice","floor":0},{"not_picked":["Underhanded Strike","Bane"],"picked":"Sucker Punch","floor":0},{"not_picked":["Prepared","Quick Slash"],"picked":"Deflect","floor":0},{"not_picked":["Bane","Quick Slash"],"picked":"Footwork","floor":0},{"not_picked":["Prepared","Sucker Punch"],"picked":"Footwork","floor":0},{"not_picked":["Outmaneuver","Bane"],"picked":"Slice","floor":0},{"not_picked":["Reflex","Deflect"],"picked":"Dagger Spray","floor":1},{"not_picked":["Flying Knee","Acrobatics"],"picked":"Choke","floor":2},{"not_picked":["PiercingWail","Flying Knee","Dagger Throw"],"picked":"SKIP","floor":3},{"not_picked":["Escape Plan","PiercingWail"],"picked":"Leg Sweep","floor":4},{"not_picked":["Sucker Punch","Dagger Throw"],"picked":"Slice","floor":5},{"not_picked":["Deflect","Wraith Form v2"],"picked":"Blur","floor":6},{"not_picked":["Poisoned Stab","Deflect"],"picked":"Adrenaline","floor":8},{"not_picked":["Sucker Punch","Dagger Throw"],"picked":"Escape Plan","floor":10},{"not_picked":["Catalyst","Acrobatics","Reflex"],"picked":"SKIP","floor":11},{"not_picked":["Prepared","PiercingWail","Well Laid Plans"],"picked":"SKIP","floor":12},{"not_picked":["Acrobatics","Caltrops","Sucker Punch"],"picked":"SKIP","floor":13},{"not_picked":["Doppelganger","Well Laid Plans"],"picked":"Slice","floor":14}],"player_experience":826913,"relics_obtained":[{"floor":6,"key":"Pear"},{"floor":8,"key":"Unceasing Top"},{"floor":9,"key":"Bottled Lightning"},{"floor":11,"key":"Ornamental Fan"},{"floor":14,"key":"Tiny Chest"}],"event_choices":[{"event_name":"Dead Adventurer","player_choice":"Searched \u00272\u0027 times","floor":7,"damage_taken":0}],"is_beta":false,"boss_relics":[],"items_purged_floors":[],"is_endless":false,"potions_floor_spawned":[3,4,5,6,7,11],"killed_by":"Slime Boss","ascension_level":15}