{"gold_per_floor":[117,131,131,151,165,165,181,198,224,399,414,448,465,481,481,580,580,580,580,580,60,0,0,0,0,0,0,0,0,0,0,0,0,0,0,0,0,0,0,0,0],"floor_reached":41,"playtime":2203,"items_purged":["Doubt"],"score":662,"play_id":"36e6d1dd-498f-45a7-a492-03b53fca5294","local_time":"20181024012514","is_ascension_mode":true,"campfire_choices":[{"data":"Chaos","floor":6,"key":"SMITH"},{"data":"Fusion","floor":15,"key":"SMITH"},{"data":"Defragment","floor":23,"key":"SMITH"},{"data":"Machine Learning","floor":25,"key":"SMITH"},{"data":"Seek","floor":29,"key":"SMITH"},{"data":"Defragment","floor":32,"key":"SMITH"},{"data":"Defragment","floor":40,"key":"SMITH"}],"neow_cost":"NONE","seed_source_timestamp":246396637981331,"circlet_count":0,"master_deck":["Defend_B","Defend_B","Defend_B","Defend_B","Zap","Dualcast","Heatsinks","Auto Shields+1","Fusion+1","Chaos+1","Double Energy","Glacier","Coolheaded","Electrodynamics","Auto Shields","Reinforced Body","Ball Lightning","Machine Learning+1","Chill","Bite","Bite","Bite","Bite","Bite","Defragment+1","Tempest","Dark Shackles","Steam+1","Turbo","Seek+1","Writhe","Defragment+1","Hologram+1","Biased Cognition","Capacitor","Chill+1","Defragment+1","Machine Learning","Finesse"],"relics":["Cracked Core","Vajra","Art of War","Ectoplasm","Runic Capacitor","Bag of Marbles","Darkstone Periapt","Pen Nib","Kunai","Black Star","Bird Faced Urn"],"potions_floor_usage":[7,12,16,22,24,24,27,38,38],"damage_taken":[{"damage":0,"enemies":"Small Slimes","floor":1,"turns":3},{"damage":0,"enemies":"2 Louse","floor":2,"turns":3},{"damage":2,"enemies":"Jaw Worm","floor":4,"turns":4},{"damage":6,"enemies":"Exordium Thugs","floor":5,"turns":5},{"damage":0,"enemies":"3 Louse","floor":7,"turns":3},{"damage":0,"enemies":"Large Slime","floor":8,"turns":6},{"damage":9,"enemies":"2 Fungi Beasts","floor":11,"turns":5},{"damage":5,"enemies":"3 Sentries","floor":12,"turns":4},{"damage":11,"enemies":"Exordium Wildlife","floor":13,"turns":4},{"damage":1,"enemies":"3 Louse","floor":14,"turns":3},{"damage":11,"enemies":"Slime Boss","floor":16,"turns":9},{"damage":4,"enemies":"Shell Parasite","floor":18,"turns":8},{"damage":15,"enemies":"2 Thieves","floor":22,"turns":4},{"damage":10,"enemies":"Book of Stabbing","floor":24,"turns":7},{"damage":12,"enemies":"Gremlin Leader","floor":27,"turns":6},{"damage":0,"enemies":"Snake Plant","floor":30,"turns":4},{"damage":0,"enemies":"Centurion and Healer","floor":31,"turns":6},{"damage":35,"enemies":"Automaton","floor":33,"turns":7},{"damage":5,"enemies":"3 Shapes","floor":35,"turns":5},{"damage":0,"enemies":"Orb Walker","floor":36,"turns":4},{"damage":0,"enemies":"Mind Bloom Boss Battle","floor":37,"turns":7},{"damage":13,"enemies":"Transient","floor":38,"turns":5},{"damage":59,"enemies":"Reptomancer","floor":41,"turns":2}],"seed_played":"-7794640681361072396","potions_obtained":[{"floor":2,"key":"Fire Potion"},{"floor":4,"key":"Fire Potion"},{"floor":7,"key":"SpeedPotion"},{"floor":8,"key":"Poison Potion"},{"floor":13,"key":"Dexterity Potion"},{"floor":16,"key":"Weak Potion"},{"floor":18,"key":"Fire Potion"},{"floor":22,"key":"Strength Potion"},{"floor":31,"key":"Dexterity Potion"},{"floor":33,"key":"Block Potion"},{"floor":35,"key":"SteroidPotion"}],"is_trial":false,"path_per_floor":["M","M","?","M","M","R","M","M","T","?","M","E","M","M","R","B",null,"M","?","?","$","M","R","E","R","T","E","?","R","M","M","R","B",null,"M","M","?","M","?","R"],"character_chosen":"DEFECT","items_purchased":["Defragment","Runic Capacitor","Tempest","Dark Shackles"],"campfire_rested":0,"item_purchase_floors":[21,21,21,21],"current_hp_per_floor":[68,68,53,51,45,45,45,45,45,45,36,31,20,19,19,8,58,54,54,52,52,43,43,47,47,47,47,53,53,57,58,58,26,50,53,58,58,58,58,58,0],"gold":0,"neow_bonus":"THREE_CARDS","is_prod":false,"is_daily":false,"chose_seed":false,"campfire_upgraded":7,"win_rate":0,"timestamp":1540337114,"path_taken":["M","M","?","M","M","R","M","M","T","?","M","E","M","?","R","BOSS","M","?","?","$","M","R","E","R","T","E","?","R","?","M","R","BOSS","M","?","?","M","?","R","E"],"build_version":"2018-10-18","purchased_purges":1,"victory":false,"max_hp_per_floor":[75,75,75,75,75,75,75,75,75,75,75,75,75,75,75,75,75,75,75,52,52,52,52,52,52,52,52,58,58,58,58,58,58,58,58,58,58,58,58,58,58],"card_choices":[{"not_picked":["Compile Driver","Beam Cell"],"picked":"Heatsinks","floor":0},{"not_picked":["Conserve Battery","Leap"],"picked":"Auto Shields","floor":1},{"not_picked":["Beam Cell","Sweeping Beam"],"picked":"Fusion","floor":2},{"not_picked":["Rebound","Undo"],"picked":"Chaos","floor":4},{"not_picked":["Sweeping Beam","Compile Driver"],"picked":"Double Energy","floor":5},{"not_picked":["Redo","Stack"],"picked":"Glacier","floor":7},{"not_picked":["Aggregate","Tempest"],"picked":"Coolheaded","floor":8},{"not_picked":["Stack","Sweeping Beam"],"picked":"Electrodynamics","floor":11},{"not_picked":["Go for the Eyes","Redo"],"picked":"Auto Shields","floor":12},{"not_picked":["Scrape","Gash"],"picked":"Reinforced Body","floor":13},{"not_picked":["Leap","Stack"],"picked":"Ball Lightning","floor":14},{"not_picked":["Core Surge","Reboot"],"picked":"Machine Learning","floor":16},{"not_picked":["Stack+1","Steam Power"],"picked":"Chill","floor":18},{"not_picked":["Compile Driver","Redo"],"picked":"Steam+1","floor":22},{"not_picked":["Ball Lightning","Gash+1"],"picked":"Turbo","floor":24},{"not_picked":["White Noise","Coolheaded+1"],"picked":"Seek","floor":27},{"not_picked":["Coolheaded","Conserve Battery+1"],"picked":"Defragment","floor":30},{"not_picked":["Beam Cell+1","Redo"],"picked":"Hologram+1","floor":31},{"not_picked":["Rainbow","Electrodynamics"],"picked":"Biased Cognition","floor":33},{"not_picked":["Ball Lightning+1","Turbo"],"picked":"Capacitor","floor":35},{"not_picked":["Beam Cell","Rebound+1"],"picked":"Chill+1","floor":36},{"not_picked":["Sweeping Beam","Go for the Eyes+1"],"picked":"Defragment","floor":37},{"not_picked":["Compile Driver","Turbo+1"],"picked":"Machine Learning","floor":38},{"not_picked":["The Bomb","Impatience"],"picked":"Finesse","floor":39}],"player_experience":293574,"relics_obtained":[{"floor":9,"key":"Vajra"},{"floor":12,"key":"Art of War"},{"floor":24,"key":"Bag of Marbles"},{"floor":26,"key":"Darkstone Periapt"},{"floor":27,"key":"Pen Nib"},{"floor":37,"key":"Bird Faced Urn"}],"event_choices":[{"damage_healed":0,"gold_gain":0,"player_choice":"Entered Light","damage_taken":15,"max_hp_gain":0,"max_hp_loss":0,"event_name":"Shining Light","floor":3,"gold_loss":0,"cards_upgraded":["Auto Shields","Strike_B"]},{"damage_healed":0,"gold_gain":175,"player_choice":"AGREE","damage_taken":0,"max_hp_gain":0,"max_hp_loss":0,"event_name":"Liars Game","floor":10,"gold_loss":0,"cards_obtained":["Doubt"]},{"damage_healed":0,"gold_gain":99,"player_choice":"Stole From Cult","damage_taken":0,"max_hp_gain":0,"max_hp_loss":0,"event_name":"Nest","floor":19,"gold_loss":0},{"damage_healed":0,"gold_gain":0,"player_choice":"Became a vampire","damage_taken":0,"max_hp_gain":0,"max_hp_loss":23,"event_name":"Vampires","floor":20,"gold_loss":0,"cards_obtained":["Bite","Bite","Bite","Bite","Bite"]},{"damage_healed":0,"gold_gain":0,"player_choice":"Opened","damage_taken":0,"relics_obtained":["Kunai"],"max_hp_gain":0,"max_hp_loss":0,"event_name":"The Mausoleum","floor":28,"gold_loss":0,"cards_obtained":["Writhe"]},{"damage_healed":0,"gold_gain":0,"player_choice":"Fight","damage_taken":0,"max_hp_gain":0,"max_hp_loss":0,"event_name":"MindBloom","floor":37,"gold_loss":0},{"damage_healed":0,"gold_gain":0,"player_choice":"Memory 1","damage_taken":0,"max_hp_gain":0,"max_hp_loss":0,"event_name":"SensoryStone","floor":39,"gold_loss":0}],"is_beta":false,"boss_relics":[{"not_picked":["Lizard Tail","Coffee Dripper"],"picked":"Ectoplasm"},{"not_picked":["Velvet Choker","White Beast Statue"],"picked":"Black Star"}],"items_purged_floors":[21],"is_endless":false,"potions_floor_spawned":[2,4,7,8,13,16,18,22,31,33,35],"killed_by":"Reptomancer","ascension_level":8}