{"gold_per_floor":[109,5,24,99,99,99,126,142,166,195,212,39,58,58,58,177,177,197,212,212,230,268,268,283,283],"floor_reached":25,"playtime":1634,"items_purged":[],"score":213,"play_id":"d056405d-176e-49ad-b2cd-33dfd281a33c","local_time":"20190304011647","is_ascension_mode":false,"campfire_choices":[{"data":"Genetic Algorithm","floor":6.0,"key":"SMITH"},{"data":"Hologram","floor":15.0,"key":"SMITH"},{"data":"Sunder","floor":23,"key":"SMITH"}],"neow_cost":"NONE","seed_source_timestamp":13520107944210,"circlet_count":0,"master_deck":["Strike_B","Strike_B","Strike_B","Strike_B","Defend_B","Defend_B","Defend_B","Defend_B","Zap","Dualcast","Seek","Hologram+1","Genetic Algorithm+1","Conserve Battery","Ball Lightning","Chill","Defragment","Conserve Battery","Gash","Go for the Eyes","Melter","Hyperbeam","Rebound","Rebound","Sunder+1"],"special_seed":0,"relics":["Cracked Core","Blood Vial","Bronze Scales","Smiling Mask","Happy Flower","Golden Idol","Sozu","Red Mask"],"potions_floor_usage":[21],"damage_taken":[{"damage":6.0,"enemies":"Jaw Worm","floor":1.0,"turns":2.0},{"damage":5.0,"enemies":"Small Slimes","floor":3.0,"turns":3.0},{"damage":25.0,"enemies":"3 Sentries","floor":7.0,"turns":8.0},{"damage":0.0,"enemies":"Cultist","floor":8.0,"turns":3.0},{"damage":10.0,"enemies":"Lagavulin","floor":10.0,"turns":7.0},{"damage":3.0,"enemies":"Looter","floor":11.0,"turns":2.0},{"damage":0.0,"enemies":"Exordium Wildlife","floor":13.0,"turns":2.0},{"damage":21.0,"enemies":"The Guardian","floor":16.0,"turns":11.0},{"damage":0.0,"enemies":"Chosen","floor":18.0,"turns":4.0},{"damage":6.0,"enemies":"2 Thieves","floor":19.0,"turns":3.0},{"damage":26,"enemies":"3 Cultists","floor":21,"turns":4},{"damage":3,"enemies":"Masked Bandits","floor":22,"turns":3},{"damage":7,"enemies":"Shelled Parasite and Fungi","floor":24,"turns":5},{"damage":40,"enemies":"Gremlin Leader","floor":25,"turns":8}],"seed_played":"-6621852981866064955","potions_obtained":[{"floor":3.0,"key":"Energy Potion"},{"floor":10.0,"key":"Explosive Potion"},{"floor":11.0,"key":"Block Potion"},{"floor":16.0,"key":"Energy Potion"}],"is_trial":false,"path_per_floor":["M","$","M","?","?","R","E","M","T","E","M","$","M","?","R","B",null,"M","M","?","M","?","R","M","E"],"character_chosen":"DEFECT","items_purchased":["Genetic Algorithm","Conserve Battery","Happy Flower","Go for the Eyes"],"campfire_rested":0,"item_purchase_floors":[2,2,12,12],"current_hp_per_floor":[69,69,64,53,58,58,33,35,35,27,26,26,28,28,28,9,74,74,68,68,44,43,43,38,0],"gold":283,"neow_bonus":"ONE_RANDOM_RARE_CARD","is_prod":false,"is_daily":false,"chose_seed":false,"campfire_upgraded":3,"win_rate":0,"timestamp":1551658607,"path_taken":["M","$","M","?","?","R","E","M","T","E","M","$","M","?","R","BOSS","M","M","?","?","?","R","M","E"],"build_version":"2019-01-23","purchased_purges":0,"victory":false,"max_hp_per_floor":[75,75,75,75,80,80,80,80,80,80,80,80,80,74,74,74,74,74,74,74,74,74,74,74,74],"card_choices":[{"not_picked":["Beam Cell","Double Energy"],"picked":"Hologram","floor":1.0},{"not_picked":["Chill","Self Repair"],"picked":"Ball Lightning","floor":3.0},{"not_picked":["Coolheaded","Tempest"],"picked":"Chill","floor":7.0},{"not_picked":["Coolheaded","Ball Lightning"],"picked":"Defragment","floor":8.0},{"not_picked":["Undo","Cold Snap"],"picked":"Conserve Battery","floor":10.0},{"not_picked":["Reprogram","Machine Learning"],"picked":"Gash","floor":11.0},{"not_picked":["Skim","Streamline"],"picked":"Melter","floor":13.0},{"not_picked":["Seek","Amplify"],"picked":"Hyperbeam","floor":16.0},{"not_picked":["Conserve Battery","Sweeping Beam+1"],"picked":"Rebound","floor":18.0},{"not_picked":["Sweeping Beam+1","Turbo+1","Steam"],"picked":"SKIP","floor":19.0},{"not_picked":["Leap+1","Chaos"],"picked":"Rebound","floor":21},{"not_picked":["Reprogram+1","Glacier"],"picked":"Sunder","floor":22},{"not_picked":["Steam Power","Skim","Compile Driver"],"picked":"SKIP","floor":24}],"player_experience":594881,"relics_obtained":[{"floor":7.0,"key":"Blood Vial"},{"floor":9.0,"key":"Bronze Scales"},{"floor":10.0,"key":"Smiling Mask"},{"floor":22,"key":"Red Mask"}],"event_choices":[{"damage_healed":0.0,"max_hp_gain":0.0,"max_hp_loss":0.0,"gold_gain":75.0,"event_name":"World of Goop","player_choice":"Gather Gold","floor":4.0,"gold_loss":0.0,"damage_taken":11.0},{"damage_healed":0.0,"max_hp_gain":5.0,"max_hp_loss":0.0,"gold_gain":0.0,"event_name":"Big Fish","player_choice":"Donut","floor":5.0,"gold_loss":0.0,"damage_taken":0.0},{"damage_healed":0.0,"max_hp_gain":0.0,"max_hp_loss":6.0,"gold_gain":0.0,"event_name":"Golden Idol","player_choice":"Lose Max HP","floor":14.0,"gold_loss":0.0,"damage_taken":0.0,"relics_obtained":["Golden Idol"]},{"damage_healed":0.0,"max_hp_gain":0.0,"max_hp_loss":0.0,"gold_gain":0.0,"event_name":"N\u0027loth","player_choice":"Ignored","floor":20.0,"gold_loss":0.0,"damage_taken":0.0},{"damage_healed":0,"gold_gain":0,"player_choice":"Fought Bandits","damage_taken":0,"max_hp_gain":0,"max_hp_loss":0,"event_name":"Masked Bandits","floor":22,"gold_loss":0}],"is_beta":false,"boss_relics":[{"not_picked":["Runic Pyramid","Inserter"],"picked":"Sozu"}],"items_purged_floors":[],"is_endless":false,"potions_floor_spawned":[3,10,11,16,18,24],"killed_by":"Gremlin Leader","ascension_level":0}