{"gold_per_floor":[111,127,0,12,29,29,63,63,63,122,122,137,162,118,118,195,195,195,44,44,44,44,44,44,44,44,44,44,44,44,44,44,44,44,44,44,44,7,0,0,0,0,0,0,0,0,0,0,0,0],"floor_reached":51,"playtime":2987,"items_purged":[],"score":1526,"play_id":"2fdf3c3c-288d-4d26-ae6a-c6fc7c9cc26c","local_time":"20181021200917","is_ascension_mode":true,"campfire_choices":[{"data":"Neutralize","floor":6.0,"key":"SMITH"},{"data":"Terror","floor":8.0,"key":"SMITH"},{"data":"Sucker Punch","floor":11.0,"key":"SMITH"},{"floor":15.0,"key":"REST"},{"data":"Cloak And Dagger","floor":23,"key":"SMITH"},{"data":"Venomology","floor":25,"key":"SMITH"},{"data":"Finisher","floor":27,"key":"SMITH"},{"data":"Infinite Blades","floor":32,"key":"SMITH"},{"floor":42,"key":"REST"},{"floor":49,"key":"REST"}],"neow_cost":"NONE","seed_source_timestamp":43339970245394,"circlet_count":0,"master_deck":["Defend_G","Defend_G","Defend_G","Defend_G","Survivor","Neutralize+1","AscendersBane","Blur","Sucker Punch+1","Slice","Terror+1","Poisoned Stab","Finisher+1","Cloak And Dagger+1","Venomology+1","Backflip+1","Well Laid Plans","Leg Sweep","Bite","Bite","Bite","Bite","Bite","PiercingWail","Dash","Infinite Blades+1","Dagger Spray","Caltrops","Malaise+1","Quick Slash+1","Backflip+1","Blur+1","Footwork","Dodge and Roll+1","Prepared+1","Acrobatics+1"],"special_seed":0,"relics":["Ring of the Snake","Dodecahedron","Ornamental Fan","Matryoshka","Torii","Ectoplasm","Toxic Egg 2","MawBank","Pen Nib","Unceasing Top","Strawberry","Fusion Hammer","Red Mask","WingedGreaves","Potion Belt","Oddly Smooth Stone","Paper Crane","The Courier","Tingsha"],"potions_floor_usage":[22,24,28,29,29,31,33,33,35,40,41,41,45,50,50],"damage_taken":[{"damage":3.0,"enemies":"2 Louse","floor":1.0,"turns":3.0},{"damage":0.0,"enemies":"Small Slimes","floor":2.0,"turns":4.0},{"damage":2.0,"enemies":"Cultist","floor":4.0,"turns":4.0},{"damage":0.0,"enemies":"2 Fungi Beasts","floor":5.0,"turns":5.0},{"damage":36.0,"enemies":"3 Sentries","floor":7.0,"turns":13.0},{"damage":11.0,"enemies":"Gremlin Nob","floor":10.0,"turns":4.0},{"damage":0.0,"enemies":"Looter","floor":12.0,"turns":3.0},{"damage":14.0,"enemies":"Lagavulin","floor":13.0,"turns":8.0},{"damage":10.0,"enemies":"The Guardian","floor":16.0,"turns":10.0},{"damage":7,"enemies":"Chosen","floor":18,"turns":5},{"damage":10,"enemies":"Spheric Guardian","floor":21,"turns":5},{"damage":1,"enemies":"Snecko","floor":22,"turns":7},{"damage":0,"enemies":"Slavers","floor":24,"turns":6},{"damage":0,"enemies":"Centurion and Healer","floor":28,"turns":5},{"damage":7,"enemies":"Gremlin Leader","floor":29,"turns":8},{"damage":18,"enemies":"Slavers","floor":31,"turns":6},{"damage":32,"enemies":"Collector","floor":33,"turns":13},{"damage":0,"enemies":"Orb Walker","floor":35,"turns":4},{"damage":20,"enemies":"Nemesis","floor":40,"turns":9},{"damage":26,"enemies":"Giant Head","floor":41,"turns":8},{"damage":9,"enemies":"Reptomancer","floor":44,"turns":10},{"damage":0,"enemies":"Giant Head","floor":45,"turns":7},{"damage":0,"enemies":"3 Darklings","floor":46,"turns":5},{"damage":0,"enemies":"Spire Growth","floor":48,"turns":5},{"damage":8,"enemies":"Donu and Deca","floor":50,"turns":12}],"seed_played":"6235680726921394749","potions_obtained":[{"floor":1.0,"key":"PowerPotion"},{"floor":13.0,"key":"PowerPotion"},{"floor":31,"key":"EssenceOfSteel"},{"floor":33,"key":"Energy Potion"},{"floor":44,"key":"LiquidBronze"}],"is_trial":false,"path_per_floor":["M","M","$","M","M","R","E","R","T","?","R","M","E","?","R","B",null,"M","$","?","M","M","R","E","R","T","R","M","E","?","E","R","B",null,"M","?","?","$","?","E","E","R","T","E","E","M","$","M","R","B"],"character_chosen":"THE_SILENT","items_purchased":["Slice","Regen Potion","Well Laid Plans","Leg Sweep","Blur+1"],"campfire_rested":3,"item_purchase_floors":[3,3,19,19,38],"current_hp_per_floor":[62,62,62,60,60,60,39,39,39,28,28,28,14,14,35,25,60,53,53,50,48,50,50,50,50,50,50,50,50,50,57,57,45,54,57,57,57,57,57,45,35,52,52,57,57,57,57,57,57,57],"gold":0,"neow_bonus":"TEN_PERCENT_HP_BONUS","is_prod":false,"is_daily":false,"chose_seed":false,"campfire_upgraded":7,"win_rate":0,"timestamp":1540177757,"path_taken":["M","M","$","M","M","R","E","R","T","?","R","M","E","?","R","BOSS","M","?","?","M","M","R","E","R","T","R","M","E","?","E","R","BOSS","M","?","?","$","?","E","E","R","T","E","E","?","$","M","R","BOSS"],"build_version":"2018-10-18","purchased_purges":0,"victory":true,"max_hp_per_floor":[72,72,72,72,72,72,72,72,72,72,72,72,72,72,72,72,72,72,72,50,50,50,50,50,50,50,50,50,50,50,57,57,57,57,57,57,57,57,57,57,57,57,57,57,57,57,57,57,57,57],"card_choices":[{"not_picked":["Accuracy","Expertise"],"picked":"Blur","floor":1.0},{"not_picked":["Backflip","Acrobatics"],"picked":"Sucker Punch","floor":2.0},{"not_picked":["Outmaneuver","Calculated Gamble","Sucker Punch"],"picked":"SKIP","floor":4.0},{"not_picked":["Distraction","Bane"],"picked":"Terror","floor":5.0},{"not_picked":["Doppelganger","Bane","Distraction"],"picked":"SKIP","floor":7.0},{"not_picked":["Prepared","Acrobatics"],"picked":"Poisoned Stab","floor":10.0},{"not_picked":["Flying Knee","Quick Slash"],"picked":"Finisher","floor":12.0},{"not_picked":["Blade Dance","Backflip"],"picked":"Cloak And Dagger","floor":13.0},{"not_picked":["Night Terror","Unload"],"picked":"Venomology","floor":16.0},{"not_picked":["Deflect+1","Acrobatics"],"picked":"Backflip+1","floor":18},{"not_picked":["Prepared","Poisoned Stab"],"picked":"PiercingWail","floor":21},{"not_picked":["Sucker Punch","PiercingWail"],"picked":"Dash","floor":22},{"not_picked":["Underhanded Strike","Choke+1","Bullet Time"],"picked":"SKIP","floor":24},{"not_picked":["Deflect+1","Prepared+1"],"picked":"Infinite Blades","floor":28},{"not_picked":["Bane","Deflect+1"],"picked":"Dagger Spray","floor":29},{"not_picked":["Dagger Throw","All Out Attack"],"picked":"Caltrops","floor":31},{"not_picked":["Storm of Steel+1","Tools of the Trade"],"picked":"Malaise+1","floor":33},{"not_picked":["Sucker Punch","Underhanded Strike"],"picked":"Quick Slash+1","floor":35},{"not_picked":["PiercingWail+1","Predator"],"picked":"Footwork","floor":40},{"not_picked":["Endless Agony","Outmaneuver+1"],"picked":"Dodge and Roll+1","floor":41},{"not_picked":["Flying Knee+1","Slice"],"picked":"Prepared+1","floor":44},{"not_picked":["Unload","Grand Finale","Tactician+1"],"picked":"SKIP","floor":45},{"not_picked":["Deflect+1","PiercingWail+1"],"picked":"Acrobatics+1","floor":46},{"not_picked":["All Out Attack+1","Slice","Outmaneuver+1"],"picked":"SKIP","floor":48}],"player_experience":1411755,"relics_obtained":[{"floor":7.0,"key":"Dodecahedron"},{"floor":9.0,"key":"Ornamental Fan"},{"floor":10.0,"key":"Matryoshka"},{"floor":13.0,"key":"Torii"},{"floor":24,"key":"Toxic Egg 2"},{"floor":26,"key":"MawBank"},{"floor":26,"key":"Pen Nib"},{"floor":29,"key":"Unceasing Top"},{"floor":31,"key":"Strawberry"},{"floor":40,"key":"WingedGreaves"},{"floor":41,"key":"Potion Belt"},{"floor":43,"key":"Oddly Smooth Stone"},{"floor":43,"key":"Paper Crane"},{"floor":44,"key":"The Courier"},{"floor":45,"key":"Tingsha"}],"event_choices":[{"damage_healed":0.0,"max_hp_gain":0.0,"max_hp_loss":0.0,"gold_gain":0.0,"event_name":"Dead Adventurer","player_choice":"Searched \u00271\u0027 times","floor":10.0,"gold_loss":0.0,"damage_taken":0.0},{"damage_healed":0.0,"max_hp_gain":0.0,"max_hp_loss":0.0,"gold_gain":0.0,"event_name":"World of Goop","player_choice":"Left Gold","floor":14.0,"gold_loss":44.0,"damage_taken":0.0},{"damage_healed":0,"gold_gain":0,"player_choice":"Became a vampire","damage_taken":0,"max_hp_gain":0,"max_hp_loss":22,"event_name":"Vampires","floor":20,"gold_loss":0,"cards_obtained":["Bite","Bite","Bite","Bite","Bite"]},{"damage_healed":0,"gold_gain":0,"player_choice":"Ignored","damage_taken":0,"max_hp_gain":0,"max_hp_loss":0,"event_name":"Beggar","floor":30,"gold_loss":0},{"cards_removed":["Defend_G"],"damage_healed":0,"gold_gain":0,"player_choice":"Removed Skill","damage_taken":0,"max_hp_gain":0,"max_hp_loss":0,"event_name":"Falling","floor":36,"gold_loss":0},{"damage_healed":0,"gold_gain":0,"player_choice":"Copied","damage_taken":0,"max_hp_gain":0,"max_hp_loss":0,"event_name":"Duplicator","floor":37,"gold_loss":0,"cards_obtained":["Backflip"]},{"damage_healed":0,"gold_gain":0,"player_choice":"Paid","damage_taken":0,"relics_obtained":["Red Mask"],"max_hp_gain":0,"max_hp_loss":0,"event_name":"Tomb of Lord Red Mask","floor":39,"gold_loss":7}],"is_beta":false,"boss_relics":[{"not_picked":["Lizard Tail","Tiny House"],"picked":"Ectoplasm"},{"not_picked":["Black Star","Sozu"],"picked":"Fusion Hammer"}],"items_purged_floors":[],"is_endless":false,"potions_floor_spawned":[1,5,13,24,28,31,33,44,46],"ascension_level":15}