{"gold_per_floor":[213,223,223,398,414,414,434,464,464,464,493,493,55,71,71,166,166,182,193,443,88,98,126,126,155,179,179,194,194,224,235,235,235],"floor_reached":33,"playtime":1059,"items_purged":["Doubt","Regret"],"score":384,"play_id":"b3e34601-6d6f-4840-9f2d-d0d9007cd350","local_time":"25610725013129","is_ascension_mode":true,"campfire_choices":[{"data":"Armaments","floor":6,"key":"SMITH"},{"floor":10,"key":"REST"},{"data":"Spot Weakness","floor":15,"key":"SMITH"},{"floor":24,"key":"REST"},{"floor":32,"key":"REST"}],"neow_cost":"NONE","seed_source_timestamp":49486297710503,"circlet_count":0,"master_deck":["Strike_R+1","Strike_R","Strike_R","Strike_R","Strike_R","Defend_R","Defend_R","Defend_R+1","Defend_R","Bash+1","Armaments+1","Spot Weakness+1","Heavy Blade+1","Limit Break","Fire Breathing+1","Bludgeon+1","Cleave+1","Infernal Blade+1","Rampage+1","Iron Wave+1"],"relics":["Burning Blood","Self Forming Clay","Frozen Egg 2","Molten Egg 2","Whetstone","Toolbox","Mark of Pain","Oddly Smooth Stone","Blood Vial","Darkstone Periapt","Pen Nib","Red Mask"],"potions_floor_usage":[11,11,16,19,22,23,25,33,33],"damage_taken":[{"damage":10,"enemies":"2 Louse","floor":1,"turns":3},{"damage":7,"enemies":"Jaw Worm","floor":2,"turns":3},{"damage":2,"enemies":"Small Slimes","floor":5,"turns":4},{"damage":14,"enemies":"Exordium Thugs","floor":7,"turns":7},{"damage":21,"enemies":"3 Sentries","floor":8,"turns":9},{"damage":7,"enemies":"Gremlin Nob","floor":11,"turns":3},{"damage":2,"enemies":"3 Louse","floor":14,"turns":3},{"damage":14,"enemies":"The Guardian","floor":16,"turns":6},{"damage":17,"enemies":"2 Thieves","floor":18,"turns":3},{"damage":18,"enemies":"3 Byrds","floor":19,"turns":5},{"damage":26,"enemies":"3 Cultists","floor":22,"turns":5},{"damage":30,"enemies":"Slavers","floor":23,"turns":4},{"damage":35,"enemies":"Book of Stabbing","floor":25,"turns":5},{"damage":24,"enemies":"Snake Plant","floor":28,"turns":3},{"damage":6,"floor":30,"turns":3},{"damage":24,"enemies":"Centurion and Healer","floor":31,"turns":4},{"damage":104,"enemies":"Collector","floor":33,"turns":8}],"seed_played":"-4993369192794394446","potions_obtained":[{"floor":1,"key":"Weak Potion"},{"floor":8,"key":"Energy Potion"},{"floor":11,"key":"SkillPotion"},{"floor":18,"key":"SteroidPotion"},{"floor":23,"key":"LiquidBronze"},{"floor":25,"key":"Weak Potion"},{"floor":31,"key":"SpeedPotion"}],"is_trial":false,"path_per_floor":["M","M","?","?","M","R","M","E","T","R","E","?","$","M","R","B",null,"M","M","?","$","M","E","R","E","T","?","M","?","?","M","R"],"character_chosen":"IRONCLAD","items_purchased":["Whetstone","Toolbox","Oddly Smooth Stone","Fire Potion","PowerPotion"],"campfire_rested":3,"item_purchase_floors":[13,13,21,21,21],"current_hp_per_floor":[68,67,51,51,55,55,47,32,32,56,55,80,80,80,80,72,78,67,55,55,55,35,11,35,8,8,90,72,72,74,58,85,0],"gold":235,"neow_bonus":"HUNDRED_GOLD","is_prod":false,"is_daily":false,"chose_seed":false,"campfire_upgraded":2,"win_rate":0,"timestamp":1532457089,"path_taken":["M","M","?","?","M","R","?","E","T","R","E","?","$","M","R","BOSS","M","M","?","$","M","E","R","E","T","?","?","?","?","?","R","BOSS"],"build_version":"2018-07-19v2","purchased_purges":2,"victory":false,"max_hp_per_floor":[80,80,80,80,80,80,80,80,80,80,80,80,80,80,80,80,80,80,80,80,80,80,80,80,80,80,90,90,90,90,90,90,90],"card_choices":[{"not_picked":["Bloodletting","Perfected Strike"],"picked":"Armaments","floor":1},{"not_picked":["Burning Pact","Bloodletting"],"picked":"Spot Weakness","floor":2},{"not_picked":["Perfected Strike","Feel No Pain","Shrug It Off"],"picked":"SKIP","floor":5},{"not_picked":["Body Slam","Havoc"],"picked":"Heavy Blade","floor":7},{"not_picked":["Sentinel","Anger","Rage"],"picked":"SKIP","floor":8},{"not_picked":["Twin Strike","Havoc"],"picked":"Limit Break","floor":11},{"not_picked":["Shrug It Off","Wild Strike+1"],"picked":"Fire Breathing+1","floor":14},{"not_picked":["Offering","Berserk+1"],"picked":"Bludgeon+1","floor":16},{"not_picked":["Rupture+1","Warcry","Evolve+1"],"picked":"SKIP","floor":18},{"not_picked":["Blood for Blood+1","Havoc"],"picked":"Cleave+1","floor":19},{"not_picked":["True Grit","Pommel Strike+1","Second Wind"],"picked":"SKIP","floor":22},{"not_picked":["Wild Strike+1","Shrug It Off+1"],"picked":"Reaper+1","floor":23},{"not_picked":["Clash+1","Hemokinesis+1"],"picked":"Infernal Blade+1","floor":25},{"not_picked":["Clothesline+1","Perfected Strike+1","Anger+1"],"picked":"SKIP","floor":28},{"not_picked":["Twin Strike+1","Wild Strike+1"],"picked":"Rampage+1","floor":30},{"not_picked":["Wild Strike+1","Dual Wield"],"picked":"Iron Wave+1","floor":31}],"player_experience":138182,"relics_obtained":[{"floor":8,"key":"Self Forming Clay"},{"floor":9,"key":"Frozen Egg 2"},{"floor":11,"key":"Molten Egg 2"},{"floor":23,"key":"Blood Vial"},{"floor":25,"key":"Darkstone Periapt"},{"floor":26,"key":"Pen Nib"},{"floor":30,"key":"Red Mask"}],"event_choices":[{"event_name":"Shining Light","player_choice":"Entered Light","floor":3,"damage_taken":0},{"event_name":"Liars Game","player_choice":"agreed","floor":4,"damage_taken":0},{"event_name":"Wheel of Change","player_choice":"Full Heal","floor":12,"damage_taken":0},{"event_name":"Golden Shrine","player_choice":"Desecrate","floor":20,"damage_taken":0},{"event_name":"Bonfire Elementals","player_choice":"RARE","floor":27,"damage_taken":0},{"event_name":"Ghosts","player_choice":"Ignored","floor":29,"damage_taken":0},{"event_name":"Masked Bandits","player_choice":"Fought over 194 gold","floor":30,"damage_taken":0}],"is_beta":false,"boss_relics":[{"not_picked":["Empty Cage","Orrery"],"picked":"Mark of Pain"}],"items_purged_floors":[13,21],"is_endless":false,"potions_floor_spawned":[1,8,11,18,23,25,31],"killed_by":"Collector","ascension_level":6}