{"gold_per_floor":[116,132,32,32,207,242,242,268,338,351,46,46],"floor_reached":12,"playtime":659,"items_purged":["Defend_G"],"score":116,"play_id":"3499331c-11b0-4e35-a623-e86cb5e27159","local_time":"20190302003259","is_ascension_mode":true,"campfire_choices":[{"data":"Outmaneuver","floor":7,"key":"SMITH"}],"neow_cost":"NONE","seed_source_timestamp":8400258695081,"circlet_count":0,"master_deck":["Defend_G","Defend_G","Defend_G","Defend_G","Strike_G+1","Strike_G+1","Strike_G","Strike_G","Strike_G","Survivor","Neutralize","Escape Plan","Reflex","Outmaneuver+1","Doubt","Slice","Calculated Gamble"],"relics":["Ring of the Snake","NeowsBlessing","Pantograph","Smiling Mask","Dodecahedron","Tough Bandages"],"potions_floor_usage":[12],"damage_taken":[{"damage":0,"enemies":"Cultist","floor":1,"turns":1},{"damage":0,"enemies":"Small Slimes","floor":2,"turns":1},{"damage":0,"enemies":"3 Sentries","floor":6,"turns":1},{"damage":2,"enemies":"2 Louse","floor":10,"turns":4},{"damage":71,"enemies":"Lagavulin","floor":12,"turns":12}],"seed_played":"-5442242748622933962","potions_obtained":[{"floor":10,"key":"Swift Potion"}],"is_trial":false,"path_per_floor":["M","M","$","?","?","E","R","T","T","M","$","E"],"character_chosen":"THE_SILENT","items_purchased":["Outmaneuver","Tough Bandages"],"campfire_rested":0,"item_purchase_floors":[3,11],"current_hp_per_floor":[70,70,70,56,56,56,56,56,56,54,54,0],"gold":46,"neow_bonus":"THREE_ENEMY_KILL","is_prod":false,"is_daily":false,"chose_seed":false,"campfire_upgraded":1,"win_rate":0,"timestamp":1551497579,"path_taken":["M","M","?","?","?","E","R","?","T","M","?","E"],"build_version":"2019-01-23","purchased_purges":1,"victory":false,"max_hp_per_floor":[70,70,70,70,70,70,70,70,70,70,70,70],"card_choices":[{"not_picked":["Blade Dance","Distraction"],"picked":"Escape Plan","floor":1},{"not_picked":["PiercingWail","Dagger Spray"],"picked":"Reflex","floor":2},{"not_picked":["Dodge and Roll","Leg Sweep"],"picked":"Slice","floor":6},{"not_picked":["Dodge and Roll","Crippling Poison"],"picked":"Calculated Gamble","floor":10}],"player_experience":150914,"relics_obtained":[{"floor":6,"key":"Pantograph"},{"floor":8,"key":"Smiling Mask"},{"floor":9,"key":"Dodecahedron"}],"event_choices":[{"damage_healed":0,"gold_gain":0,"player_choice":"Entered Light","damage_taken":14,"max_hp_gain":0,"max_hp_loss":0,"event_name":"Shining Light","floor":4,"gold_loss":0,"cards_upgraded":["Strike_G","Strike_G"]},{"damage_healed":0,"gold_gain":175,"player_choice":"AGREE","damage_taken":0,"max_hp_gain":0,"max_hp_loss":0,"event_name":"Liars Game","floor":5,"gold_loss":0,"cards_obtained":["Doubt"]}],"is_beta":false,"boss_relics":[],"items_purged_floors":[3],"is_endless":false,"potions_floor_spawned":[10],"killed_by":"Lagavulin","ascension_level":3}