{"gold_per_floor":[14,14,32,48,66,66,101,101,173,205,224,259,272,272,272,349,349,367,377,391,100,117,142,142,174,174,174,174,194,244,271,271,345,345,365,365,31,31,48,73,73,106,106,125,125,0,25,40,40,40],"floor_reached":51,"playtime":2755,"items_purged":["Clash"],"score":1633,"play_id":"1b67ce60-afc8-44bb-af02-e9c2172ad633","local_time":"20181015100335","is_ascension_mode":true,"campfire_choices":[{"data":"Fiend Fire","floor":6.0,"key":"SMITH"},{"data":"Pommel Strike","floor":8.0,"key":"SMITH"},{"data":"Armaments","floor":15,"key":"SMITH"},{"data":"Feel No Pain","floor":24,"key":"SMITH"},{"data":"Armaments","floor":28,"key":"SMITH"},{"data":"Inflame","floor":32,"key":"SMITH"},{"data":"Bash","floor":45,"key":"SMITH"},{"data":"Shrug It Off","floor":49,"key":"SMITH"}],"neow_cost":"NO_GOLD","seed_source_timestamp":14053676280365,"circlet_count":0,"master_deck":["Bash+1","AscendersBane","Fiend Fire+1","Inflame+1","Pommel Strike+1","Warcry","Sword Boomerang","Thunderclap","Armaments+1","Clothesline+1","Whirlwind","Feed","Armaments+1","Shrug It Off","Clash","Iron Wave","Cleave","Warcry","Anger","Anger","Feel No Pain+1","Battle Trance","Shrug It Off+1","Corruption+1","Ghostly+1","Ghostly+1","Ghostly+1","Ghostly+1","Ghostly+1","Shrug It Off+1","Reaper+1","Body Slam+1","Reckless Charge+1","Pommel Strike+1","Metamorphosis+1","Dramatic Entrance+1","Flash of Steel+1","True Grit+1","Clash+1","Hemokinesis+1","Wild Strike+1","Shockwave+1"],"special_seed":0,"relics":["Burning Blood","Pocketwatch","Mercury Hourglass","Whetstone","Strawberry","Pandora\u0027s Box","Mango","Kunai","Paper Frog","Toxic Egg 2","Molten Egg 2","Philosopher\u0027s Stone","Ancient Tea Set","Question Card","Thread and Needle","Bag of Preparation","Orichalcum","PreservedInsect","Potion Belt"],"potions_floor_usage":[23,25,25,31,31,39,39,50],"damage_taken":[{"damage":1.0,"enemies":"Cultist","floor":1.0,"turns":3.0},{"damage":0.0,"enemies":"Small Slimes","floor":3.0,"turns":3.0},{"damage":7.0,"enemies":"Jaw Worm","floor":4.0,"turns":3.0},{"damage":17.0,"enemies":"Exordium Wildlife","floor":5.0,"turns":4.0},{"damage":0.0,"enemies":"Gremlin Nob","floor":7.0,"turns":2.0},{"damage":20.0,"enemies":"3 Sentries","floor":10.0,"turns":7.0},{"damage":6.0,"enemies":"Exordium Thugs","floor":11.0,"turns":3.0},{"damage":10.0,"enemies":"Lagavulin","floor":12.0,"turns":5.0},{"damage":7.0,"enemies":"3 Louse","floor":13.0,"turns":2.0},{"damage":20,"enemies":"The Guardian","floor":16,"turns":9},{"damage":19,"enemies":"Spheric Guardian","floor":18,"turns":4},{"damage":0,"enemies":"3 Byrds","floor":19,"turns":2},{"damage":3,"enemies":"Cultist and Chosen","floor":20,"turns":4},{"damage":14,"enemies":"Shelled Parasite and Fungi","floor":22,"turns":5},{"damage":40,"enemies":"Slavers","floor":23,"turns":4},{"damage":25,"enemies":"Book of Stabbing","floor":25,"turns":5},{"damage":0,"enemies":"Snake Plant","floor":29,"turns":5},{"damage":0,"enemies":"Gremlin Leader","floor":31,"turns":6},{"damage":5,"enemies":"Collector","floor":33,"turns":11},{"damage":7,"enemies":"3 Shapes","floor":35,"turns":2},{"damage":7,"enemies":"Mind Bloom Boss Battle","floor":38,"turns":10},{"damage":0,"enemies":"3 Darklings","floor":39,"turns":6},{"damage":0,"enemies":"2 Orb Walkers","floor":40,"turns":4},{"damage":0,"enemies":"Giant Head","floor":42,"turns":7},{"damage":14,"enemies":"Transient","floor":44,"turns":5},{"damage":1,"enemies":"2 Orb Walkers","floor":47,"turns":4},{"damage":5,"enemies":"Spire Growth","floor":48,"turns":7},{"damage":29,"enemies":"Awakened One","floor":50,"turns":13}],"seed_played":"629123045036895223","potions_obtained":[{"floor":1.0,"key":"Weak Potion"},{"floor":5.0,"key":"Swift Potion"},{"floor":11.0,"key":"Swift Potion"},{"floor":19,"key":"SkillPotion"},{"floor":23,"key":"Block Potion"},{"floor":25,"key":"PowerPotion"},{"floor":29,"key":"Swift Potion"},{"floor":31,"key":"SkillPotion"},{"floor":35,"key":"Explosive Potion"},{"floor":38,"key":"Swift Potion"},{"floor":44,"key":"SpeedPotion"}],"is_trial":false,"path_per_floor":["M","$","M","M","M","R","E","R","T","E","M","E","M","?","R","B",null,"M","M","M","$","M","E","R","E","T","?","R","M","?","E","R","B",null,"M","T","$","?","M","E","?","E","T","M","R","$","E","M","R","B"],"character_chosen":"IRONCLAD","items_purchased":["Mango","Question Card","SkillPotion","Hemokinesis+1"],"campfire_rested":0,"item_purchase_floors":[21,37,46,46],"current_hp_per_floor":[73,73,75,74,63,63,69,69,69,55,55,58,57,32,32,18,66,53,59,65,79,71,41,41,22,22,22,22,31,31,41,41,46,58,60,60,60,67,68,68,58,64,64,60,60,60,65,68,68,62],"gold":40,"neow_bonus":"THREE_RARE_CARDS","is_prod":false,"is_daily":false,"chose_seed":false,"campfire_upgraded":8,"win_rate":0,"timestamp":1539623015,"path_taken":["M","?","M","M","?","R","E","R","T","E","M","E","M","?","R","BOSS","M","M","M","$","M","E","R","E","T","?","R","M","?","E","R","BOSS","M","?","$","?","M","E","?","E","T","M","R","$","E","?","R","BOSS"],"build_version":"2018-10-11","purchased_purges":1,"victory":true,"max_hp_per_floor":[75,75,75,75,75,75,75,75,75,75,75,82,82,82,82,82,82,82,82,85,99,99,103,103,103,103,51,51,54,54,58,58,62,62,65,65,65,68,68,68,68,68,68,68,68,68,68,68,68,71],"card_choices":[{"not_picked":["Impervious","Bludgeon"],"picked":"Fiend Fire","floor":0.0},{"not_picked":["Warcry","Havoc"],"picked":"Inflame","floor":1.0},{"not_picked":["Burning Pact","Anger"],"picked":"Pommel Strike","floor":3.0},{"not_picked":["Cleave","Body Slam"],"picked":"Warcry","floor":4.0},{"not_picked":["Headbutt","Rupture"],"picked":"Sword Boomerang","floor":5.0},{"not_picked":["Dropkick","Heavy Blade"],"picked":"Thunderclap","floor":7.0},{"not_picked":["Havoc","Intimidate"],"picked":"Armaments","floor":10.0},{"not_picked":["Sentinel","Wild Strike"],"picked":"Clothesline","floor":11.0},{"not_picked":["Burning Pact","Warcry","Barricade"],"picked":"SKIP","floor":12.0},{"not_picked":["Perfected Strike","Intimidate"],"picked":"Whirlwind","floor":13.0},{"not_picked":["Limit Break","Exhume"],"picked":"Feed","floor":16},{"not_picked":["Carnage","Anger","Clash+1"],"picked":"SKIP","floor":18},{"not_picked":["Intimidate","Combust","Sentinel"],"picked":"SKIP","floor":19},{"not_picked":["Combust","Uppercut"],"picked":"Feel No Pain","floor":20},{"not_picked":["Havoc","Iron Wave"],"picked":"Battle Trance","floor":22},{"not_picked":["Rage+1","Twin Strike"],"picked":"Shrug It Off","floor":23},{"not_picked":["Limit Break","Heavy Blade"],"picked":"Corruption+1","floor":25},{"not_picked":["Body Slam","Rupture"],"picked":"Shrug It Off+1","floor":29},{"not_picked":["Juggernaut","Sword Boomerang","Flex+1"],"picked":"SKIP","floor":31},{"not_picked":["Offering+1","Double Tap+1"],"picked":"Reaper+1","floor":33},{"not_picked":["Heavy Blade+1","Whirlwind+1","Havoc+1"],"picked":"SKIP","floor":35},{"not_picked":["Warcry+1","Havoc+1","Metallicize"],"picked":"Body Slam+1","floor":38},{"not_picked":["Iron Wave+1","Clothesline+1","Body Slam+1"],"picked":"Reckless Charge+1","floor":39},{"not_picked":["Sword Boomerang+1","Warcry+1","Rage+1"],"picked":"Pommel Strike+1","floor":40},{"not_picked":["Jack Of All Trades+1","Purity+1","Dark Shackles+1"],"picked":"Metamorphosis+1","floor":41},{"not_picked":["Deep Breath+1","Panache","Secret Weapon+1"],"picked":"Dramatic Entrance+1","floor":41},{"not_picked":["Forethought+1","PanicButton+1","Jack Of All Trades+1"],"picked":"Flash of Steel+1","floor":41},{"not_picked":["Reckless Charge+1","Flex+1","Sever Soul+1"],"picked":"True Grit+1","floor":42},{"not_picked":["Rage+1","Whirlwind+1","Body Slam+1"],"picked":"Clash+1","floor":44},{"not_picked":["Corruption","Combust+1","Havoc+1"],"picked":"Wild Strike+1","floor":47},{"not_picked":["Body Slam+1","Armaments+1","Cleave+1"],"picked":"Shockwave+1","floor":48}],"player_experience":1356612,"relics_obtained":[{"floor":7.0,"key":"Pocketwatch"},{"floor":9.0,"key":"Mercury Hourglass"},{"floor":10.0,"key":"Whetstone"},{"floor":12.0,"key":"Strawberry"},{"floor":23,"key":"Kunai"},{"floor":25,"key":"Paper Frog"},{"floor":26,"key":"Toxic Egg 2"},{"floor":31,"key":"Molten Egg 2"},{"floor":36,"key":"Ancient Tea Set"},{"floor":38,"key":"Thread and Needle"},{"floor":40,"key":"Bag of Preparation"},{"floor":42,"key":"Orichalcum"},{"floor":43,"key":"PreservedInsect"},{"floor":47,"key":"Potion Belt"}],"event_choices":[{"event_name":"Shining Light","player_choice":"Entered Light","floor":14,"damage_taken":0},{"event_name":"Ghosts","player_choice":"Became a Ghost","floor":27,"damage_taken":0},{"event_name":"Golden Shrine","player_choice":"Pray","floor":30,"damage_taken":0},{"event_name":"MindBloom","player_choice":"Fight","floor":38,"damage_taken":0},{"event_name":"SensoryStone","player_choice":"Memory 3","floor":41,"damage_taken":0}],"is_beta":false,"boss_relics":[{"not_picked":["Tiny House","White Beast Statue"],"picked":"Pandora\u0027s Box"},{"not_picked":["Velvet Choker","Empty Cage"],"picked":"Philosopher\u0027s Stone"}],"items_purged_floors":[37],"is_endless":false,"potions_floor_spawned":[1,5,11,19,23,25,29,31,35,38,44],"ascension_level":15}