{"gold_per_floor":[360,360,43,54,54,54,67,67,122,134,10,10,43,59,59,136,136,153,153,153,203,156,156],"floor_reached":23,"playtime":651,"items_purged":["Strike_R","Pain"],"score":359,"play_id":"e5c156d2-ef6c-4883-a6b4-c1c48595e0cd","local_time":"25611216192827","is_ascension_mode":true,"campfire_choices":[{"data":"Armaments","floor":6.0,"key":"SMITH"},{"data":"Uppercut","floor":8,"key":"SMITH"},{"data":"Anger","floor":15,"key":"SMITH"}],"neow_cost":"PERCENT_DAMAGE","seed_source_timestamp":25261167165590,"circlet_count":0,"master_deck":["AscendersBane","Strike_R","Strike_R","Strike_R","Strike_R","Defend_R","Defend_R","Defend_R","Bash","Rage","Intimidate","Armaments+1","Uppercut+1","True Grit","Flex","Anger+1","Demon Form"],"special_seed":0,"relics":["Burning Blood","Juzu Bracelet","WarpedTongs","Omamori","Pear","Black Star"],"potions_floor_usage":[10,13,13,23],"damage_taken":[{"damage":8.0,"enemies":"Small Slimes","floor":1.0,"turns":5.0},{"damage":1.0,"enemies":"Cultist","floor":4.0,"turns":4.0},{"damage":3,"enemies":"Jaw Worm","floor":7,"turns":4},{"damage":3,"enemies":"2 Fungi Beasts","floor":10,"turns":4},{"damage":18,"enemies":"3 Sentries","floor":13,"turns":8},{"damage":8,"enemies":"Large Slime","floor":14,"turns":6},{"damage":36,"enemies":"The Guardian","floor":16,"turns":12},{"damage":11,"enemies":"Chosen","floor":18,"turns":5},{"damage":22,"enemies":"2 Thieves","floor":22,"turns":5},{"damage":69,"enemies":"Gremlin Leader","floor":23,"turns":3}],"seed_played":"-5662110898622192392","potions_obtained":[{"floor":7,"key":"Block Potion"},{"floor":10,"key":"Swift Potion"},{"floor":12,"key":"Strength Potion"},{"floor":13,"key":"SpeedPotion"}],"is_trial":false,"path_per_floor":["M","?","$","M","?","R","M","R","T","M","$","?","E","M","R","B",null,"M","?","$","?","M","E"],"character_chosen":"IRONCLAD","items_purchased":["Juzu Bracelet","Intimidate","Flex"],"campfire_rested":0,"item_purchase_floors":[3,3,11],"current_hp_per_floor":[48,48,48,53,53,53,56,56,56,59,59,59,57,55,55,25,70,65,65,65,65,49,0],"gold":156,"neow_bonus":"TWO_FIFTY_GOLD","is_prod":false,"is_daily":false,"chose_seed":false,"campfire_upgraded":3,"win_rate":0,"timestamp":1544963307,"path_taken":["M","?","$","M","?","R","M","R","T","M","$","?","E","M","R","BOSS","M","?","$","?","M","E"],"build_version":"2018-12-13","purchased_purges":2,"victory":false,"max_hp_per_floor":[75,75,75,75,75,75,75,75,75,75,75,75,85,85,85,85,85,85,85,85,85,85,85],"card_choices":[{"not_picked":["Body Slam","Pummel"],"picked":"Rage","floor":1.0},{"not_picked":["Entrench","Heavy Blade"],"picked":"Armaments","floor":4.0},{"not_picked":["True Grit","Perfected Strike"],"picked":"Uppercut","floor":7},{"not_picked":["Sever Soul","Iron Wave"],"picked":"True Grit","floor":10},{"not_picked":["Blood for Blood","Thunderclap"],"picked":"Anger","floor":13},{"not_picked":["Clothesline","Thunderclap","Twin Strike"],"picked":"SKIP","floor":14},{"not_picked":["Dark Embrace","Reaper"],"picked":"Demon Form","floor":16},{"not_picked":["Cleave","Carnage","Disarm"],"picked":"SKIP","floor":18},{"not_picked":["Anger","Sword Boomerang","Intimidate"],"picked":"SKIP","floor":22}],"player_experience":211159,"relics_obtained":[{"floor":9,"key":"Omamori"},{"floor":13,"key":"Pear"}],"event_choices":[{"cards_removed":["Defend_R"],"damage_healed":0.0,"max_hp_gain":0.0,"max_hp_loss":0.0,"gold_gain":0.0,"event_name":"Purifier","player_choice":"Purged","floor":2.0,"gold_loss":0.0,"damage_taken":0.0},{"damage_healed":0.0,"max_hp_gain":0.0,"max_hp_loss":0.0,"gold_gain":0.0,"event_name":"Accursed Blacksmith","player_choice":"Rummage","floor":5.0,"gold_loss":0.0,"damage_taken":0.0,"relics_obtained":["WarpedTongs"],"cards_obtained":["Pain"]},{"damage_healed":0,"gold_gain":0,"player_choice":"Got Potions","damage_taken":0,"max_hp_gain":0,"max_hp_loss":0,"event_name":"Lab","floor":12,"gold_loss":0},{"damage_healed":0,"gold_gain":0,"player_choice":"Ignored","damage_taken":0,"max_hp_gain":0,"max_hp_loss":0,"event_name":"Ghosts","floor":19,"gold_loss":0},{"damage_healed":0,"gold_gain":50,"player_choice":"Stole From Cult","damage_taken":0,"max_hp_gain":0,"max_hp_loss":0,"event_name":"Nest","floor":21,"gold_loss":0}],"is_beta":false,"boss_relics":[{"not_picked":["Velvet Choker","Runic Dome"],"picked":"Black Star"}],"items_purged_floors":[3,11],"is_endless":false,"potions_floor_spawned":[7,10,13],"killed_by":"Gremlin Leader","ascension_level":18}