{"gold_per_floor":[118,129,148,148,148,148,176,176,176,205,205,220,220,246,246,325,325,345,345,47,47,60,95,113,138,138,151,177,190,111,131,131,210,210,226,243,135,154,85,85,115,115,115,143,143,158,175,194,194,194],"floor_reached":51,"playtime":1954,"items_purged":[],"score":1515,"play_id":"6b0c088b-c4dc-4dc1-9984-0e544e22edb5","local_time":"20190304115135","is_ascension_mode":true,"campfire_choices":[{"data":"Go for the Eyes","floor":6.0,"key":"SMITH"},{"data":"Streamline","floor":8.0,"key":"SMITH"},{"floor":13.0,"key":"REST"},{"data":"Glacier","floor":15.0,"key":"SMITH"},{"data":"White Noise","floor":32,"key":"SMITH"},{"data":"Coolheaded","floor":40,"key":"SMITH"},{"data":"Chill","floor":49,"key":"SMITH"}],"neow_cost":"NONE","seed_source_timestamp":15578308963062,"circlet_count":0,"master_deck":["AscendersBane","Strike_B+1","Strike_B+1","Strike_B+1","Defend_B+1","Defend_B+1","Defend_B+1","Defend_B+1","Dualcast","Go for the Eyes+1","Streamline+1","Ball Lightning","Glacier+1","Heatsinks+1","Loop+1","Ball Lightning","Biased Cognition+1","Coolheaded+1","White Noise+1","Compile Driver","Storm+1","Reinforced Body","Creative AI+1","Buffer+1","Creative AI+1","BootSequence","Defragment+1","FTL","Loop+1","Undo","Force Field","Chill+1","Chaos","Turbo"],"special_seed":0,"relics":["Cracked Core","Pen Nib","Matryoshka","Mercury Hourglass","Frozen Egg 2","Dream Catcher","Symbiotic Virus","Dead Branch","Cursed Key","Bird Faced Urn","FossilizedHelix","Juzu Bracelet","PreservedInsect","Orrery","Bottled Flame","Bag of Marbles"],"potions_floor_usage":[50,50],"damage_taken":[{"damage":8.0,"enemies":"Jaw Worm","floor":1.0,"turns":4.0},{"damage":1.0,"enemies":"2 Louse","floor":2.0,"turns":3.0},{"damage":4.0,"enemies":"Small Slimes","floor":3.0,"turns":2.0},{"damage":15.0,"enemies":"Lagavulin","floor":7.0,"turns":6.0},{"damage":5.0,"enemies":"Gremlin Nob","floor":10.0,"turns":3.0},{"damage":2.0,"enemies":"2 Fungi Beasts","floor":12.0,"turns":3.0},{"damage":0.0,"enemies":"3 Sentries","floor":14.0,"turns":4.0},{"damage":5.0,"enemies":"The Guardian","floor":16.0,"turns":11.0},{"damage":9.0,"enemies":"3 Byrds","floor":18.0,"turns":3.0},{"damage":0.0,"enemies":"Chosen","floor":22.0,"turns":3.0},{"damage":6.0,"enemies":"Book of Stabbing","floor":23.0,"turns":5.0},{"damage":0.0,"enemies":"Snake Plant","floor":24.0,"turns":3.0},{"damage":17.0,"enemies":"Slavers","floor":25.0,"turns":4.0},{"damage":0.0,"enemies":"Centurion and Healer","floor":27.0,"turns":5.0},{"damage":0.0,"enemies":"Gremlin Leader","floor":28.0,"turns":5.0},{"damage":0.0,"enemies":"Sentry and Sphere","floor":29.0,"turns":3.0},{"damage":0,"enemies":"Chosen and Byrds","floor":31,"turns":3},{"damage":47,"enemies":"Automaton","floor":33,"turns":7},{"damage":3,"enemies":"3 Darklings","floor":35,"turns":4},{"damage":0,"enemies":"Orb Walker","floor":36,"turns":3},{"damage":9,"enemies":"3 Darklings","floor":38,"turns":3},{"damage":0,"enemies":"Reptomancer","floor":41,"turns":4},{"damage":0,"enemies":"Nemesis","floor":44,"turns":5},{"damage":0,"enemies":"Spire Growth","floor":46,"turns":3},{"damage":0,"enemies":"Jaw Worm Horde","floor":47,"turns":4},{"damage":0,"enemies":"Writhing Mass","floor":48,"turns":4},{"damage":18,"enemies":"Awakened One","floor":50,"turns":16}],"seed_played":"-6940985333887124511","potions_obtained":[{"floor":7.0,"key":"SteroidPotion"},{"floor":10.0,"key":"Explosive Potion"},{"floor":12.0,"key":"Explosive Potion"},{"floor":14.0,"key":"SmokeBomb"},{"floor":22.0,"key":"EssenceOfSteel"},{"floor":24.0,"key":"EssenceOfSteel"},{"floor":25.0,"key":"Weak Potion"},{"floor":33,"key":"Block Potion"}],"is_trial":false,"path_per_floor":["M","M","M","?","?","R","E","R","T","E","?","M","R","E","R","B",null,"M","?","$","?","M","E","M","E","T","M","E","M","$","M","R","B",null,"M","M","$","M","$","R","E","?","T","E","?","M","M","M","R","B",null],"character_chosen":"DEFECT","items_purchased":["Bird Faced Urn","Storm+1","Ancient Potion","Loop+1","Undo"],"campfire_rested":1,"item_purchase_floors":[20,30,37,37,39],"current_hp_per_floor":[56,55,51,51,51,51,36,36,36,31,26,24,45,45,45,40,63,54,54,54,54,60,62,70,60,60,68,71,71,71,71,71,30,61,70,71,71,64,64,64,71,71,71,71,67,67,67,67,67,49],"gold":194,"neow_bonus":"RANDOM_COMMON_RELIC","is_prod":false,"is_daily":false,"chose_seed":false,"campfire_upgraded":6,"win_rate":0,"timestamp":1551729095,"path_taken":["M","M","M","?","?","R","E","R","T","E","?","M","R","E","R","BOSS","M","?","$","?","?","E","M","E","T","M","E","M","$","M","R","BOSS","M","M","$","M","$","R","E","?","T","E","?","M","M","M","R","BOSS"],"build_version":"2019-01-23","purchased_purges":0,"victory":true,"max_hp_per_floor":[71,71,71,71,71,71,71,71,71,71,71,71,71,71,71,71,71,71,71,71,71,71,71,71,71,71,71,71,71,71,71,71,71,71,71,71,71,71,71,71,71,71,71,71,67,67,67,67,67,67],"card_choices":[{"not_picked":["Redo","Hologram"],"picked":"Go for the Eyes","floor":1.0},{"not_picked":["Storm","Turbo"],"picked":"Streamline","floor":2.0},{"not_picked":["Go for the Eyes","Redo"],"picked":"Ball Lightning","floor":3.0},{"not_picked":["Rebound","All For One"],"picked":"Glacier","floor":7.0},{"not_picked":["Hologram","Barrage"],"picked":"Heatsinks+1","floor":10.0},{"not_picked":["Ball Lightning","Streamline"],"picked":"Loop+1","floor":12.0},{"not_picked":["Rebound","Go for the Eyes"],"picked":"Ball Lightning","floor":13.0},{"not_picked":["FTL","Scrape","Hello World+1"],"picked":"SKIP","floor":14.0},{"not_picked":["Multi-Cast","Amplify"],"picked":"Biased Cognition+1","floor":16.0},{"not_picked":["Redo","BootSequence"],"picked":"Coolheaded","floor":18.0},{"not_picked":["Blizzard","Undo"],"picked":"White Noise","floor":22.0},{"not_picked":["White Noise","Sunder"],"picked":"Compile Driver","floor":23.0},{"not_picked":["Sweeping Beam","Streamline","Ball Lightning"],"picked":"SKIP","floor":24.0},{"not_picked":["Hello World+1","Stack","Undo"],"picked":"SKIP","floor":25.0},{"not_picked":["Streamline","White Noise","Cold Snap"],"picked":"SKIP","floor":27.0},{"not_picked":["Coolheaded","Melter","Auto Shields"],"picked":"SKIP","floor":28.0},{"not_picked":["Thunder Strike","Sweeping Beam","Chaos"],"picked":"SKIP","floor":29.0},{"not_picked":["Ball Lightning","Redo"],"picked":"Reinforced Body","floor":31},{"not_picked":["Seek","Multi-Cast"],"picked":"Creative AI+1","floor":33},{"not_picked":["Gash","Chaos"],"picked":"Buffer+1","floor":34},{"not_picked":["Turbo+1","Steam"],"picked":"Creative AI+1","floor":34},{"not_picked":["Leap+1","Beam Cell"],"picked":"BootSequence","floor":34},{"not_picked":["Force Field+1","White Noise+1"],"picked":"Defragment+1","floor":35},{"not_picked":["Beam Cell","Ball Lightning"],"picked":"FTL","floor":36},{"not_picked":["Chaos","Static Discharge+1","Hologram"],"picked":"SKIP","floor":38},{"not_picked":["Beam Cell","Doom and Gloom+1"],"picked":"Force Field","floor":41},{"not_picked":["Undo+1","Conserve Battery"],"picked":"Chill","floor":44},{"not_picked":["Gash","Go for the Eyes","Conserve Battery"],"picked":"SKIP","floor":46},{"not_picked":["Double Energy","Gash"],"picked":"Chaos","floor":47},{"not_picked":["Leap","Reprogram"],"picked":"Turbo","floor":48}],"player_experience":2317641,"relics_obtained":[{"floor":7.0,"key":"Matryoshka"},{"floor":9.0,"key":"Mercury Hourglass"},{"floor":9.0,"key":"Frozen Egg 2"},{"floor":10.0,"key":"Dream Catcher"},{"floor":14.0,"key":"Dead Branch"},{"floor":23.0,"key":"FossilizedHelix"},{"floor":25.0,"key":"Juzu Bracelet"},{"floor":28.0,"key":"PreservedInsect"},{"floor":41,"key":"Bottled Flame"},{"floor":44,"key":"Bag of Marbles"}],"event_choices":[{"damage_healed":0.0,"max_hp_gain":0.0,"max_hp_loss":0.0,"gold_gain":0.0,"event_name":"Liars Game","player_choice":"Ignored","floor":4.0,"gold_loss":0.0,"damage_taken":0.0},{"damage_healed":0.0,"max_hp_gain":0.0,"max_hp_loss":0.0,"gold_gain":0.0,"event_name":"Living Wall","player_choice":"Grow","floor":5.0,"gold_loss":0.0,"damage_taken":0.0,"cards_upgraded":["Zap"]},{"damage_healed":0.0,"max_hp_gain":0.0,"max_hp_loss":0.0,"gold_gain":0.0,"event_name":"Scrap Ooze","player_choice":"Success","floor":11.0,"gold_loss":0.0,"damage_taken":5.0,"relics_obtained":["Symbiotic Virus"]},{"damage_healed":0.0,"max_hp_gain":0.0,"max_hp_loss":0.0,"gold_gain":0.0,"event_name":"Back to Basics","player_choice":"Simplicity","floor":19.0,"gold_loss":0.0,"damage_taken":0.0,"cards_upgraded":["Strike_B","Strike_B","Strike_B","Strike_B","Defend_B","Defend_B","Defend_B","Defend_B"]},{"cards_removed":["Strike_B"],"damage_healed":0.0,"max_hp_gain":0.0,"max_hp_loss":0.0,"gold_gain":0.0,"event_name":"Bonfire Elementals","player_choice":"Offered Basic","floor":21.0,"gold_loss":0.0,"damage_taken":0.0},{"cards_removed":["Zap"],"damage_healed":0,"gold_gain":0,"player_choice":"Removed Skill","damage_taken":0,"max_hp_gain":0,"max_hp_loss":0,"event_name":"Falling","floor":42,"gold_loss":0},{"damage_healed":0,"gold_gain":0,"player_choice":"Max HP","damage_taken":0,"max_hp_gain":0,"max_hp_loss":4,"event_name":"Winding Halls","floor":45,"gold_loss":0}],"is_beta":false,"boss_relics":[{"not_picked":["Eternal Feather","Sozu"],"picked":"Cursed Key"},{"not_picked":["Tiny House","Empty Cage"],"picked":"Orrery"}],"items_purged_floors":[],"is_endless":false,"potions_floor_spawned":[7,10,12,14,22,24,25,27,31,33,38,44,48],"ascension_level":15}