{"gold_per_floor":[110,123,123,135,151,178,178,204,204,204],"floor_reached":10,"playtime":520,"items_purged":[],"score":156,"play_id":"ba735d30-9db6-45d3-b02c-29c9be767f75","local_time":"20190416112207","is_ascension_mode":true,"campfire_choices":[{"floor":7,"key":"REST"}],"neow_cost":"TEN_PERCENT_HP_LOSS","seed_source_timestamp":2350391658098900,"circlet_count":0,"master_deck":["AscendersBane","Strike_R","Strike_R","Strike_R","Strike_R","Strike_R+1","Defend_R","Defend_R","Defend_R","Defend_R","Bash","Impervious+1","Pommel Strike","Uppercut","Evolve","Reckless Charge","Offering"],"relics":["Burning Blood","Bronze Scales","Gremlin Horn","Mummified Hand"],"potions_floor_usage":[6,6],"damage_taken":[{"damage":7,"enemies":"2 Louse","floor":1,"turns":3},{"damage":7,"enemies":"Cultist","floor":2,"turns":4},{"damage":7,"enemies":"Small Slimes","floor":4,"turns":3},{"damage":2,"enemies":"3 Louse","floor":5,"turns":4},{"damage":57,"enemies":"Lagavulin","floor":6,"turns":8},{"damage":30,"enemies":"3 Sentries","floor":8,"turns":8},{"damage":32,"enemies":"Gremlin Nob","floor":10,"turns":3}],"seed_played":"7107833539519576673","potions_obtained":[{"floor":2,"key":"Regen Potion"},{"floor":5,"key":"BloodPotion"}],"is_trial":false,"path_per_floor":["M","M","?","M","M","E","R","E","T","E"],"character_chosen":"IRONCLAD","items_purchased":[],"campfire_rested":1,"item_purchase_floors":[],"current_hp_per_floor":[67,66,46,45,49,13,33,9,9,0],"gold":204,"neow_bonus":"THREE_RARE_CARDS","is_prod":false,"is_daily":false,"chose_seed":false,"campfire_upgraded":0,"win_rate":0,"timestamp":1555410127,"path_taken":["M","M","?","M","M","E","R","E","T","E"],"build_version":"2019-01-23","purchased_purges":0,"victory":false,"max_hp_per_floor":[68,68,68,68,68,68,68,68,68,68],"card_choices":[{"not_picked":["Double Tap","Dark Embrace"],"picked":"Impervious","floor":0},{"not_picked":["True Grit","Heavy Blade"],"picked":"Pommel Strike","floor":1},{"not_picked":["Pummel","Shrug It Off"],"picked":"Uppercut","floor":2},{"not_picked":["Heavy Blade","Flex"],"picked":"Evolve","floor":4},{"not_picked":["Armaments","Iron Wave"],"picked":"Reckless Charge","floor":5},{"not_picked":["Seeing Red","Iron Wave","Warcry"],"picked":"SKIP","floor":6},{"not_picked":["Anger","Fire Breathing"],"picked":"Offering","floor":8}],"player_experience":2764804,"relics_obtained":[{"floor":6,"key":"Bronze Scales"},{"floor":8,"key":"Gremlin Horn"},{"floor":9,"key":"Mummified Hand"}],"event_choices":[{"damage_healed":0,"gold_gain":0,"player_choice":"Entered Light","damage_taken":20,"max_hp_gain":0,"max_hp_loss":0,"event_name":"Shining Light","floor":3,"gold_loss":0,"cards_upgraded":["Strike_R","Impervious"]}],"is_beta":false,"boss_relics":[],"items_purged_floors":[],"is_endless":false,"potions_floor_spawned":[2,5],"killed_by":"Gremlin Nob","ascension_level":20}