{"gold_per_floor":[118,50,50,50,60,60,77,77,100,100,113,31,45,59,59,158,158,178,195,195],"floor_reached":20,"playtime":1463,"items_purged":[],"score":183,"play_id":"33d44d90-56dc-4767-b5b0-63afdc11b2af","local_time":"20181101194506","is_ascension_mode":true,"campfire_choices":[{"data":"Wild Strike","floor":6,"key":"SMITH"},{"data":"Hemokinesis","floor":8,"key":"SMITH"},{"floor":15,"key":"REST"}],"neow_cost":"NONE","seed_source_timestamp":1576847282932506,"circlet_count":0,"master_deck":["Strike_R","Strike_R","Strike_R","Strike_R","Strike_R","Defend_R","Defend_R","Defend_R","Defend_R","Bash","Dual Wield","Iron Wave","Rupture","Wild Strike+1","Bash","Iron Wave","Hemokinesis+1","Rupture","Brutality","Shrug It Off","Cleave","Feed","Shrug It Off"],"relics":["Burning Blood","CultistMask","Regal Pillow","Cursed Key"],"potions_floor_usage":[13,16,20,20],"damage_taken":[{"damage":11,"enemies":"Jaw Worm","floor":1,"turns":5},{"damage":10,"enemies":"Cultist","floor":5,"turns":4},{"damage":2,"enemies":"2 Louse","floor":7,"turns":3},{"damage":30,"enemies":"Lots of Slimes","floor":11,"turns":4},{"damage":9,"enemies":"Gremlin Gang","floor":13,"turns":6},{"damage":14,"enemies":"Looter","floor":14,"turns":3},{"damage":69,"enemies":"The Guardian","floor":16,"turns":8},{"damage":25,"enemies":"Chosen","floor":18,"turns":6},{"damage":29,"enemies":"Shell Parasite","floor":19,"turns":6},{"damage":21,"enemies":"Colosseum Slavers","floor":20,"turns":2},{"damage":25,"enemies":"Colosseum Nobs","floor":20,"turns":3}],"seed_played":"-2599711558525150280","potions_obtained":[{"floor":11,"key":"LiquidBronze"},{"floor":13,"key":"Fire Potion"},{"floor":14,"key":"Regen Potion"},{"floor":18,"key":"Explosive Potion"}],"is_trial":false,"path_per_floor":["M","$","?","?","M","R","M","R","T","?","M","$","M","M","R","B",null,"M","M"],"character_chosen":"IRONCLAD","items_purchased":["Rupture","Brutality"],"campfire_rested":1,"item_purchase_floors":[2,12],"current_hp_per_floor":[75,75,75,75,71,71,75,75,75,68,44,44,41,33,72,24,80,64,41,1],"gold":195,"neow_bonus":"THREE_CARDS","is_prod":false,"is_daily":false,"chose_seed":false,"campfire_upgraded":2,"win_rate":0,"timestamp":1541115906,"path_taken":["M","$","?","?","M","R","M","R","T","?","M","$","?","M","R","BOSS","M","M","?"],"build_version":"2018-10-25v2","purchased_purges":0,"victory":false,"max_hp_per_floor":[80,80,80,80,80,80,80,80,80,80,80,80,80,80,80,80,80,83,83,83],"card_choices":[{"not_picked":["Thunderclap","Flex"],"picked":"Dual Wield","floor":0},{"not_picked":["Clash","Anger"],"picked":"Iron Wave","floor":1},{"not_picked":["Anger","Seeing Red"],"picked":"Iron Wave","floor":5},{"not_picked":["Perfected Strike","Rupture"],"picked":"Hemokinesis","floor":7},{"not_picked":["Perfected Strike","True Grit"],"picked":"Rupture","floor":11},{"not_picked":["Anger","Reckless Charge"],"picked":"Shrug It Off","floor":13},{"not_picked":["Sever Soul","Anger"],"picked":"Cleave","floor":14},{"not_picked":["Dark Embrace","Impervious"],"picked":"Feed","floor":16},{"not_picked":["Pommel Strike","True Grit"],"picked":"Shrug It Off","floor":18},{"not_picked":["Heavy Blade","True Grit","Searing Blow+1"],"picked":"SKIP","floor":19}],"player_experience":94896,"relics_obtained":[{"floor":9,"key":"Regal Pillow"}],"event_choices":[{"damage_healed":0,"gold_gain":0,"player_choice":"3 cards matched","damage_taken":0,"max_hp_gain":0,"max_hp_loss":0,"event_name":"Match and Keep!","floor":3,"gold_loss":0,"cards_obtained":["Doubt","Wild Strike","Bash"]},{"damage_healed":0,"gold_gain":0,"player_choice":"Trade","damage_taken":0,"relics_obtained":["CultistMask"],"max_hp_gain":0,"max_hp_loss":0,"event_name":"FaceTrader","floor":4,"gold_loss":0},{"cards_removed":["Doubt"],"damage_healed":0,"gold_gain":0,"player_choice":"Card Removal","damage_taken":7,"max_hp_gain":0,"max_hp_loss":0,"event_name":"Golden Wing","floor":10,"gold_loss":0},{"damage_healed":0,"gold_gain":0,"player_choice":"Fight","damage_taken":0,"max_hp_gain":0,"max_hp_loss":0,"event_name":"Colosseum","floor":20,"gold_loss":0},{"damage_healed":0,"gold_gain":0,"player_choice":"Fought Nobs","damage_taken":0,"max_hp_gain":0,"max_hp_loss":0,"event_name":"Colosseum","floor":20,"gold_loss":0}],"is_beta":false,"boss_relics":[{"not_picked":["Runic Cube","Orrery"],"picked":"Cursed Key"}],"items_purged_floors":[],"is_endless":false,"potions_floor_spawned":[11,13,14,18,20],"killed_by":"Colosseum Nobs","ascension_level":2}