{"gold_per_floor":[115,68,86,100,100,100,119,150,150,180,208,226,226,241,241,345,345,363,136,152,168,168,199,199,199,199,199,199,217,217,227,227,322,322,341,352,452,412,155,155,10,40,40,40,60,60,73,93,93,93],"floor_reached":51,"playtime":3562,"items_purged":[],"score":766,"play_id":"ec64b044-8252-451a-b55c-ff7373e65c99","local_time":"20190404015648","is_ascension_mode":true,"campfire_choices":[{"data":"Zap","floor":6.0,"key":"SMITH"},{"data":"Go for the Eyes","floor":13.0,"key":"SMITH"},{"data":"Beam Cell","floor":15.0,"key":"SMITH"},{"floor":25.0,"key":"REST"},{"data":"Hologram","floor":27.0,"key":"SMITH"},{"data":"Conserve Battery","floor":30.0,"key":"SMITH"},{"floor":32.0,"key":"REST"},{"data":"Gash","floor":40.0,"key":"SMITH"},{"data":"Dualcast","floor":44.0,"key":"SMITH"},{"data":"Thunder Strike","floor":46.0,"key":"SMITH"},{"floor":49.0,"key":"REST"}],"neow_cost":"TEN_PERCENT_HP_LOSS","seed_source_timestamp":391502181226054,"circlet_count":0,"master_deck":["Strike_B","Defend_B","Defend_B","Defend_B","Defend_B","Zap+1","Dualcast+1","Conserve Battery+1","Coolheaded","Go for the Eyes+1","Glacier","Gash+1","Scrape","Beam Cell+1","Gash","Tempest","Core Surge+1","Streamline+1","FTL","Hologram+1","Rebound+1","Decay","Redo+1","Creative AI","Redo+1","Steam+1","Coolheaded","Thunder Strike+1","All For One","Gash+1","Beam Cell+1","Gash"],"special_seed":0,"relics":["Cracked Core","Art of War","Ornamental Fan","Bird Faced Urn","Shuriken","Cursed Key","Vajra","Ice Cream","Inserter","Nunchaku","Bottled Flame","Pear"],"potions_floor_usage":[50],"damage_taken":[{"damage":1.0,"enemies":"Jaw Worm","floor":1.0,"turns":3.0},{"damage":0.0,"enemies":"Small Slimes","floor":3.0,"turns":2.0},{"damage":0.0,"enemies":"Cultist","floor":4.0,"turns":4.0},{"damage":6.0,"enemies":"Lots of Slimes","floor":7.0,"turns":7.0},{"damage":0.0,"enemies":"Lagavulin","floor":8.0,"turns":11.0},{"damage":15.0,"enemies":"3 Sentries","floor":11.0,"turns":9.0},{"damage":2.0,"enemies":"Blue Slaver","floor":12.0,"turns":4.0},{"damage":7.0,"enemies":"3 Louse","floor":14.0,"turns":3.0},{"damage":3.0,"enemies":"The Guardian","floor":16.0,"turns":8.0},{"damage":0.0,"enemies":"3 Byrds","floor":18.0,"turns":4.0},{"damage":0.0,"enemies":"Shell Parasite","floor":20.0,"turns":3.0},{"damage":30.0,"enemies":"Snecko","floor":21.0,"turns":4.0},{"damage":10.0,"enemies":"Book of Stabbing","floor":23.0,"turns":4.0},{"damage":10.0,"enemies":"Cultist and Chosen","floor":29.0,"turns":5.0},{"damage":0.0,"enemies":"Chosen and Byrds","floor":31.0,"turns":4.0},{"damage":39.0,"enemies":"Collector","floor":33.0,"turns":11.0},{"damage":40.0,"enemies":"3 Darklings","floor":35.0,"turns":5.0},{"damage":0.0,"enemies":"Orb Walker","floor":36.0,"turns":3.0},{"damage":9.0,"enemies":"Mind Bloom Boss Battle","floor":37.0,"turns":9.0},{"damage":8.0,"enemies":"Giant Head","floor":42.0,"turns":9.0},{"damage":3.0,"enemies":"Writhing Mass","floor":45.0,"turns":5.0},{"damage":15.0,"enemies":"3 Darklings","floor":47.0,"turns":4.0},{"damage":11.0,"enemies":"Jaw Worm Horde","floor":48.0,"turns":4.0},{"damage":33,"enemies":"Awakened One","floor":50,"turns":12}],"seed_played":"4175639649221360007","potions_obtained":[{"floor":1.0,"key":"Explosive Potion"},{"floor":7.0,"key":"Swift Potion"},{"floor":8.0,"key":"Poison Potion"},{"floor":16.0,"key":"FocusPotion"},{"floor":18.0,"key":"SteroidPotion"},{"floor":21.0,"key":"Energy Potion"},{"floor":23.0,"key":"PowerPotion"},{"floor":33.0,"key":"Weak Potion"},{"floor":36.0,"key":"Weak Potion"},{"floor":37.0,"key":"FearPotion"},{"floor":45.0,"key":"EssenceOfSteel"},{"floor":48.0,"key":"Weak Potion"}],"is_trial":false,"path_per_floor":["M","$","M","M","?","R","M","E","T","?","E","M","R","M","R","B",null,"M","$","M","M","?","E","T","R","T","R","?","M","R","M","R","B",null,"M","M","?","?","$","R","$","E","T","R","M","R","M","M","R","B",null],"character_chosen":"DEFECT","items_purchased":["Coolheaded","FTL","Vajra","Bottled Flame","Thunder Strike"],"campfire_rested":3,"item_purchase_floors":[2,19,19,39,41],"current_hp_per_floor":[67,67,67,67,67,67,61,61,61,61,46,44,44,37,37,34,68,68,68,68,38,38,28,28,48,48,48,48,38,38,38,58,21,68,28,28,41,41,41,41,41,53,53,53,50,50,35,24,47,24],"gold":93,"neow_bonus":"REMOVE_TWO","is_prod":false,"is_daily":false,"chose_seed":false,"campfire_upgraded":8,"win_rate":0,"timestamp":1554335808,"path_taken":["M","$","M","M","?","R","M","E","T","?","E","M","R","M","R","BOSS","M","$","M","M","?","E","?","R","T","R","?","M","R","M","R","BOSS","M","M","?","?","$","R","$","E","T","R","?","R","M","?","R","BOSS"],"build_version":"2019-01-23","purchased_purges":0,"victory":true,"max_hp_per_floor":[68,68,68,68,68,68,68,68,68,68,68,68,68,68,68,68,68,68,68,68,68,68,68,68,68,68,68,68,68,68,68,68,68,68,68,68,68,68,68,68,68,78,78,78,78,78,78,78,78,78],"card_choices":[{"not_picked":["Steam Power","Hologram"],"picked":"Conserve Battery","floor":1.0},{"not_picked":["Streamline","Chaos"],"picked":"Go for the Eyes","floor":3.0},{"not_picked":["Rainbow","Conserve Battery"],"picked":"Glacier","floor":4.0},{"not_picked":["Coolheaded","Sweeping Beam"],"picked":"Gash","floor":7.0},{"not_picked":["Leap","Blizzard"],"picked":"Scrape","floor":8.0},{"not_picked":["Storm","Chill"],"picked":"Beam Cell","floor":11.0},{"not_picked":["Lockon","Double Energy"],"picked":"Gash","floor":12.0},{"not_picked":["Ball Lightning","Fusion"],"picked":"Tempest","floor":14.0},{"not_picked":["Amplify","Meteor Strike"],"picked":"Core Surge","floor":16.0},{"not_picked":["Lockon","Redo"],"picked":"Streamline+1","floor":18.0},{"not_picked":["Cold Snap","Steam"],"picked":"Hologram","floor":20.0},{"not_picked":["Coolheaded","Cold Snap"],"picked":"Rebound","floor":21.0},{"not_picked":["Cold Snap","Auto Shields"],"picked":"Redo+1","floor":23.0},{"not_picked":["Coolheaded","Genetic Algorithm","Blizzard"],"picked":"SKIP","floor":29.0},{"not_picked":["Force Field+1","Double Energy","Cold Snap+1"],"picked":"SKIP","floor":31.0},{"not_picked":["Amplify","Rainbow"],"picked":"Creative AI","floor":33.0},{"not_picked":["Conserve Battery","Leap"],"picked":"Redo+1","floor":35.0},{"not_picked":["Redo","Streamline+1"],"picked":"Steam+1","floor":36.0},{"not_picked":["Loop","Cold Snap+1"],"picked":"Coolheaded","floor":37.0},{"not_picked":["Redo","Steam+1"],"picked":"All For One","floor":42.0},{"not_picked":["White Noise+1","Ball Lightning"],"picked":"Gash+1","floor":45.0},{"not_picked":["Force Field","Lockon"],"picked":"Beam Cell+1","floor":47.0},{"not_picked":["Turbo+1","Doom and Gloom+1"],"picked":"Gash","floor":48.0}],"player_experience":675866,"relics_obtained":[{"floor":8.0,"key":"Art of War"},{"floor":9.0,"key":"Ornamental Fan"},{"floor":11.0,"key":"Shuriken"},{"floor":23.0,"key":"Ice Cream"},{"floor":37.0,"key":"Nunchaku"},{"floor":42.0,"key":"Pear"}],"event_choices":[{"cards_removed":["Strike_B"],"damage_healed":0.0,"max_hp_gain":0.0,"max_hp_loss":0.0,"gold_gain":0.0,"event_name":"Living Wall","player_choice":"Forget","floor":5.0,"gold_loss":0.0,"damage_taken":0.0},{"damage_healed":0.0,"max_hp_gain":0.0,"max_hp_loss":0.0,"gold_gain":30.0,"event_name":"Dead Adventurer","player_choice":"Searched \u00273\u0027 times","floor":10.0,"gold_loss":0.0,"damage_taken":0.0,"relics_obtained":["Bird Faced Urn"]},{"damage_healed":0.0,"max_hp_gain":0.0,"max_hp_loss":0.0,"gold_gain":0.0,"event_name":"Forgotten Altar","player_choice":"Smashed Altar","floor":22.0,"gold_loss":0.0,"damage_taken":0.0,"cards_obtained":["Decay"]},{"damage_healed":0.0,"max_hp_gain":0.0,"max_hp_loss":0.0,"gold_gain":0.0,"event_name":"Vampires","player_choice":"Ignored","floor":28.0,"gold_loss":0.0,"damage_taken":0.0},{"damage_healed":0.0,"max_hp_gain":0.0,"max_hp_loss":0.0,"gold_gain":0.0,"event_name":"MindBloom","player_choice":"Fight","floor":37.0,"gold_loss":0.0,"damage_taken":0.0},{"damage_healed":0.0,"max_hp_gain":0.0,"max_hp_loss":0.0,"gold_gain":0.0,"event_name":"Designer","player_choice":"Upgraded Two","floor":38.0,"gold_loss":40.0,"damage_taken":0.0,"cards_upgraded":["Rebound","Core Surge"]}],"is_beta":false,"boss_relics":[{"not_picked":["Tiny House","Velvet Choker"],"picked":"Cursed Key"},{"not_picked":["Snecko Eye","White Beast Statue"],"picked":"Inserter"}],"items_purged_floors":[],"is_endless":false,"potions_floor_spawned":[1,7,8,16,18,21,23,33,36,37,45,48],"ascension_level":1}