{"gold_per_floor":[119,139,149,159,5,5,5,5,59,59,86,105,105,105,105,176,176,196,214,214,233,244,270,0,0,24,36,82,94,117,146,158,170],"floor_reached":33,"playtime":1007,"items_purged":["Defend_R"],"score":517,"play_id":"3eda4110-d7ca-4db7-8e33-f5a7aaaa424f","local_time":"20181110012302","is_ascension_mode":true,"campfire_choices":[{"data":"Perfected Strike","floor":6,"key":"SMITH"},{"data":"Disarm","floor":8,"key":"SMITH"},{"data":"Trip","floor":10,"key":"SMITH"},{"data":"Evolve","floor":13,"key":"SMITH"},{"data":"Headbutt","floor":15,"key":"SMITH"},{"floor":25,"key":"REST"},{"data":"Perfected Strike","floor":27,"key":"SMITH"},{"data":"Perfected Strike","floor":29,"key":"SMITH"},{"data":"Exhume","floor":32,"key":"SMITH"}],"neow_cost":"NONE","seed_source_timestamp":357737466801485,"circlet_count":0,"master_deck":["AscendersBane","Strike_R","Strike_R","Strike_R","Strike_R","Strike_R","Defend_R","Defend_R+1","Defend_R","Bash+1","Trip+1","Thunderclap","Disarm+1","Rampage","Perfected Strike+1","Evolve+1","Regret","Headbutt+1","Reaper","Perfected Strike+1","Perfected Strike+1","Exhume+1"],"relics":["Burning Blood","Pen Nib","Red Skull","Gambling Chip","Sozu","Bottled Lightning","MawBank","Meat on the Bone"],"potions_floor_usage":[16,16,23],"damage_taken":[{"damage":11,"enemies":"Cultist","floor":1,"turns":4},{"damage":4,"enemies":"2 Louse","floor":2,"turns":3},{"damage":7,"enemies":"Small Slimes","floor":3,"turns":2},{"damage":5,"enemies":"2 Fungi Beasts","floor":4,"turns":3},{"damage":24,"enemies":"Gremlin Nob","floor":11,"turns":4},{"damage":10,"enemies":"Exordium Wildlife","floor":12,"turns":3},{"damage":25,"enemies":"The Guardian","floor":16,"turns":8},{"damage":32,"enemies":"2 Thieves","floor":18,"turns":4},{"damage":17,"enemies":"Shell Parasite","floor":19,"turns":4},{"damage":13,"enemies":"Shelled Parasite and Fungi","floor":21,"turns":3},{"damage":31,"enemies":"Sentry and Sphere","floor":22,"turns":4},{"damage":31,"enemies":"Book of Stabbing","floor":23,"turns":4},{"damage":20,"enemies":"Gremlin Leader","floor":28,"turns":5},{"damage":18,"enemies":"Centurion and Healer","floor":30,"turns":3},{"damage":0,"enemies":"Snake Plant","floor":31,"turns":2},{"damage":93,"enemies":"Collector","floor":33,"turns":6}],"seed_played":"8991371067072850754","potions_obtained":[{"floor":4,"key":"Regen Potion"},{"floor":11,"key":"SkillPotion"},{"floor":16,"key":"Weak Potion"}],"is_trial":false,"path_per_floor":["M","M","M","M","$","R","?","R","T","R","E","M","R","?","R","B",null,"M","M","?","M","M","E","?","R","T","R","E","R","M","M","R","B"],"character_chosen":"IRONCLAD","items_purchased":["Evolve"],"campfire_rested":1,"item_purchase_floors":[5],"current_hp_per_floor":[63,65,64,65,65,65,65,65,65,65,47,43,43,20,20,16,60,46,35,50,43,24,9,9,31,31,31,50,50,48,60,60,0],"gold":170,"neow_bonus":"RANDOM_COLORLESS","is_prod":false,"is_daily":false,"chose_seed":false,"campfire_upgraded":8,"win_rate":0,"timestamp":1541809382,"path_taken":["M","M","M","M","$","R","?","R","T","R","E","M","R","?","R","BOSS","M","M","?","M","M","E","?","R","T","R","E","R","M","M","R","BOSS"],"build_version":"2018-11-08","purchased_purges":1,"victory":false,"max_hp_per_floor":[75,75,75,75,75,75,75,75,75,75,75,75,75,75,75,75,75,75,75,75,75,75,75,75,75,75,75,75,75,75,75,75,75],"card_choices":[{"not_picked":["Hemokinesis","Fire Breathing"],"picked":"Thunderclap","floor":1},{"not_picked":["Evolve","Havoc"],"picked":"Disarm","floor":2},{"not_picked":["Heavy Blade","Hemokinesis"],"picked":"Rampage","floor":3},{"not_picked":["Cleave","Rupture"],"picked":"Perfected Strike","floor":4},{"not_picked":["Body Slam","Heavy Blade"],"picked":"Headbutt","floor":11},{"not_picked":["Dropkick","Berserk","Flex"],"picked":"SKIP","floor":12},{"not_picked":["Feed","Impervious"],"picked":"Reaper","floor":16},{"not_picked":["Armaments","Sever Soul","Sentinel"],"picked":"SKIP","floor":18},{"not_picked":["Hemokinesis+1","Infernal Blade"],"picked":"Perfected Strike","floor":19},{"not_picked":["Sword Boomerang+1","Blood for Blood","Sever Soul"],"picked":"SKIP","floor":21},{"not_picked":["Armaments","Uppercut","True Grit"],"picked":"SKIP","floor":22},{"not_picked":["Flex","Shrug It Off"],"picked":"Perfected Strike","floor":23},{"not_picked":["Headbutt","Armaments"],"picked":"Exhume","floor":28},{"not_picked":["Heavy Blade+1","Havoc","Clothesline"],"picked":"SKIP","floor":30},{"not_picked":["Rampage","Anger","Flex"],"picked":"SKIP","floor":31}],"player_experience":324724,"relics_obtained":[{"floor":9,"key":"Red Skull"},{"floor":11,"key":"Gambling Chip"},{"floor":23,"key":"Bottled Lightning"},{"floor":26,"key":"MawBank"},{"floor":28,"key":"Meat on the Bone"}],"event_choices":[{"damage_healed":0,"gold_gain":0,"player_choice":"Box","damage_taken":0,"relics_obtained":["Pen Nib"],"max_hp_gain":0,"max_hp_loss":0,"event_name":"Big Fish","floor":7,"gold_loss":0,"cards_obtained":["Regret"]},{"damage_healed":0,"gold_gain":0,"player_choice":"Entered Light","damage_taken":23,"max_hp_gain":0,"max_hp_loss":0,"event_name":"Shining Light","floor":14,"gold_loss":0,"cards_upgraded":["Bash","Defend_R"]},{"damage_healed":15,"gold_gain":0,"player_choice":"Heal","damage_taken":0,"max_hp_gain":0,"max_hp_loss":0,"event_name":"The Library","floor":20,"gold_loss":0},{"damage_healed":0,"gold_gain":0,"player_choice":"Paid Fearfully","damage_taken":0,"max_hp_gain":0,"max_hp_loss":0,"event_name":"Masked Bandits","floor":24,"gold_loss":270}],"is_beta":false,"boss_relics":[{"not_picked":["Calling Bell","Black Blood"],"picked":"Sozu"}],"items_purged_floors":[5],"is_endless":false,"potions_floor_spawned":[4,11,16,18,19,22,28],"killed_by":"Collector","ascension_level":16}