{"gold_per_floor":[110,122,139,64,34,65,65,65,90,108,187,187,214,228,228,305,305,315,315,230,230,280,280,315,172,172,172,172,172,2,2,2,76,76,93,113,130,147,157,157,173,173,173,173,189,189,189,199,199,199],"floor_reached":51,"playtime":3492,"items_purged":["Strike_G","Defend_G"],"score":1140,"play_id":"5353e69d-8fa4-4398-a467-bfebbe8101ef","local_time":"20180729162853","is_ascension_mode":true,"campfire_choices":[{"floor":7,"key":"REST"},{"data":"Cloak And Dagger","floor":12,"key":"SMITH"},{"data":"Cloak And Dagger","floor":15,"key":"SMITH"},{"data":"After Image","floor":23,"key":"SMITH"},{"floor":27,"key":"REST"},{"data":"Tools of the Trade","floor":29,"key":"SMITH"},{"floor":32,"key":"REST"},{"data":"Skewer","floor":40,"key":"SMITH"},{"data":"Terror","floor":42,"key":"SMITH"},{"floor":44,"key":"REST"},{"data":"Malaise","floor":49,"key":"SMITH"}],"neow_cost":"NONE","seed_source_timestamp":29495086436812,"circlet_count":0,"master_deck":["Defend_G","Defend_G","Strike_G","Survivor","Neutralize","AscendersBane","Night Terror","Infinite Blades","Cloak And Dagger+1","Well Laid Plans","Cloak And Dagger+1","Dagger Throw","Glass Knife","After Image+1","Infinite Blades+1","Finisher+1","Corpse Explosion+1","Predator","Tools of the Trade+1","Terror+1","Leg Sweep","Malaise+1","Skewer+1","PiercingWail","Clumsy","Writhe"],"special_seed":0,"relics":["Ring of the Snake","Happy Flower","Ice Cream","Vajra","Darkstone Periapt","Juzu Bracelet","Astrolabe","Nunchaku","Strawberry","Mercury Hourglass","Cursed Key","Boot"],"potions_floor_usage":[6,16,24,50],"damage_taken":[{"damage":7.0,"enemies":"Small Slimes","floor":1.0,"turns":6.0},{"damage":2.0,"enemies":"Cultist","floor":2.0,"turns":5.0},{"damage":0.0,"enemies":"2 Louse","floor":3.0,"turns":4.0},{"damage":1.0,"enemies":"Looter","floor":5.0,"turns":4.0},{"damage":39,"enemies":"Gremlin Nob","floor":6,"turns":6},{"damage":2,"enemies":"Blue Slaver","floor":10,"turns":5},{"damage":3,"enemies":"3 Sentries","floor":13,"turns":7},{"damage":0,"enemies":"2 Fungi Beasts","floor":14,"turns":4},{"damage":3,"enemies":"The Guardian","floor":16,"turns":15},{"damage":8,"enemies":"3 Byrds","floor":18,"turns":3},{"damage":25,"enemies":"Gremlin Leader","floor":24,"turns":7},{"damage":23,"enemies":"Champ","floor":33,"turns":9},{"damage":0,"enemies":"Orb Walker","floor":35,"turns":4},{"damage":0,"enemies":"Flame Bruiser 1 Orb","floor":36,"turns":5},{"damage":0,"enemies":"Spire Growth","floor":37,"turns":4},{"damage":17,"enemies":"3 Darklings","floor":38,"turns":3},{"damage":10,"enemies":"Sphere and 2 Shapes","floor":39,"turns":6},{"damage":0,"enemies":"Maw","floor":41,"turns":6},{"damage":1,"enemies":"Spire Growth","floor":45,"turns":3},{"damage":3,"enemies":"Flame Bruiser 2 Orb","floor":48,"turns":5},{"damage":44,"enemies":"Time Eater","floor":50,"turns":12}],"seed_played":"5173934284813626503","potions_obtained":[{"floor":3.0,"key":"Explosive Potion"},{"floor":6,"key":"Ancient Potion"},{"floor":14,"key":"EssenceOfSteel"},{"floor":16,"key":"PowerPotion"},{"floor":24,"key":"Poison Potion"},{"floor":36,"key":"Swift Potion"},{"floor":38,"key":"PowerPotion"},{"floor":45,"key":"Strength Potion"}],"is_trial":false,"path_per_floor":["M","M","M","?","M","E","R","?","T","M","T","R","E","M","R","B",null,"M","?","?","?","?","R","E","$","T","R","$","R","$","?","R","B",null,"M","M","M","M","M","R","M","R","T","R","M","?","?","M","R","B"],"character_chosen":"THE_SILENT","items_purchased":["Terror","Leg Sweep"],"campfire_rested":4,"item_purchase_floors":[25,30],"current_hp_per_floor":[52,50,50,50,49,10,29,24,24,22,22,22,19,19,19,16,54,46,46,46,46,46,46,28,28,28,49,49,49,49,49,70,47,67,67,67,67,50,40,40,40,40,46,69,68,68,85,82,82,38],"gold":199,"neow_bonus":"ONE_RANDOM_RARE_CARD","is_prod":false,"is_daily":false,"chose_seed":false,"campfire_upgraded":7,"win_rate":0,"timestamp":1532906933,"path_taken":["M","M","M","?","?","E","R","?","T","M","?","R","E","M","R","BOSS","M","?","?","?","?","R","E","$","T","R","$","R","$","?","R","BOSS","M","M","M","M","M","R","M","R","T","R","M","?","?","M","R","BOSS"],"build_version":"2018-07-26","purchased_purges":2,"victory":true,"max_hp_per_floor":[66,66,66,66,66,66,66,66,66,66,66,66,66,66,66,66,66,66,66,66,66,66,66,73,73,73,73,73,73,73,73,73,73,73,73,73,73,73,73,73,73,73,79,79,79,79,85,85,85,85],"card_choices":[{"not_picked":["Prepared","Poisoned Stab"],"picked":"Infinite Blades","floor":1.0},{"not_picked":["Dodge and Roll","Deflect"],"picked":"Cloak And Dagger","floor":2.0},{"not_picked":["Flying Knee","Quick Slash"],"picked":"Well Laid Plans","floor":3.0},{"not_picked":["Crippling Poison","Bouncing Flask"],"picked":"Cloak And Dagger","floor":5.0},{"not_picked":["Calculated Gamble","Backflip"],"picked":"Dagger Throw","floor":6},{"not_picked":["All Out Attack","Flying Knee","Masterful Stab"],"picked":"SKIP","floor":10},{"not_picked":["Bane","Escape Plan","Dodge and Roll"],"picked":"SKIP","floor":13},{"not_picked":["Sucker Punch","Deflect"],"picked":"Glass Knife","floor":14},{"not_picked":["Malaise","Bullet Time"],"picked":"After Image","floor":16},{"not_picked":["Concentrate","Deadly Poison","Tactician"],"picked":"SKIP","floor":18},{"not_picked":["Bane","Backflip"],"picked":"Tools of the Trade","floor":24},{"not_picked":["Glass Knife","Die Die Die"],"picked":"Malaise","floor":33},{"not_picked":["Riddle With Holes","Deadly Poison","Dagger Spray"],"picked":"SKIP","floor":35},{"not_picked":["Flechettes+1","Deflect","Deadly Poison"],"picked":"SKIP","floor":36},{"not_picked":["Flying Knee","Dagger Spray","Acrobatics"],"picked":"SKIP","floor":37},{"not_picked":["Cloak And Dagger","Caltrops","Bullet Time"],"picked":"SKIP","floor":38},{"not_picked":["Deadly Poison","Finisher"],"picked":"Skewer","floor":39},{"not_picked":["Dodge and Roll+1","Deflect"],"picked":"PiercingWail","floor":41},{"not_picked":["Quick Slash","Distraction","Terror"],"picked":"SKIP","floor":45},{"not_picked":["Riddle With Holes","Dodge and Roll","Deflect"],"picked":"SKIP","floor":48}],"player_experience":945861,"relics_obtained":[{"floor":6,"key":"Happy Flower"},{"floor":9,"key":"Vajra"},{"floor":11,"key":"Darkstone Periapt"},{"floor":13,"key":"Juzu Bracelet"},{"floor":24,"key":"Strawberry"},{"floor":26,"key":"Mercury Hourglass"},{"floor":43,"key":"Boot"}],"event_choices":[{"event_name":"The Cleric","player_choice":"Card Removal","floor":4.0,"damage_taken":0.0},{"event_name":"Scrap Ooze","player_choice":"success","floor":8,"damage_taken":5},{"event_name":"Drug Dealer","player_choice":"Ignored","floor":19,"damage_taken":0},{"event_name":"Addict","player_choice":"Obtained Relic","floor":20,"damage_taken":0},{"event_name":"Transmorgrifier","player_choice":"Transform","floor":21,"damage_taken":0},{"event_name":"Nest","player_choice":"Stole From Cult","floor":22,"damage_taken":0},{"event_name":"Ghosts","player_choice":"Ignored","floor":31,"damage_taken":0},{"event_name":"Tomb of Lord Red Mask","player_choice":"Ignored","floor":46,"damage_taken":0},{"event_name":"Winding Halls","player_choice":"Writhe","floor":47,"damage_taken":0}],"is_beta":false,"boss_relics":[{"not_picked":["HoveringKite","Ectoplasm"],"picked":"Astrolabe"},{"not_picked":["Runic Pyramid","Lizard Tail"],"picked":"Cursed Key"}],"items_purged_floors":[25,30],"is_endless":false,"potions_floor_spawned":[3,6,14,16,24,33,36,38,45,48],"ascension_level":15}