{"gold_per_floor":[113,126,201,217,217,217,243,243,243,269,284,46,64,182,182,285,285,300,317,317,328,13,13],"floor_reached":23,"playtime":913,"items_purged":[],"score":305,"play_id":"af630081-f085-4aeb-ac87-5f3ee09e85ff","local_time":"25620206174815","is_ascension_mode":true,"campfire_choices":[{"data":"strawberrySpire:ReturnNull","floor":6.0,"key":"SMITH"},{"data":"Zap","floor":8.0,"key":"SMITH"},{"floor":15.0,"key":"REST"}],"neow_cost":"NONE","seed_source_timestamp":11115684773785,"circlet_count":0,"master_deck":["AscendersBane","Strike_B","Strike_B","Strike_B","Strike_B","Defend_B","Defend_B","Defend_B","Zap+1","Dualcast","BootSequence","Conserve Battery","jedi:BurstLightning","strawberrySpire:ReturnNull+1","Glacier","conspire:SharedLibrary","Ball Lightning","Panic Button","strawberrySpire:Gammacceleration","Loop","strawberrySpire:Disconnect+1","Defragment"],"special_seed":0,"relics":["Cracked Core","NeowsBlessing","infinitespire:Beetle Shell","hubris:SlimyHat","Kunai","Replay_Grab Bag","jedi:hotpepper","conspire:SpecialSausage","NitorisBag"],"potions_floor_usage":[16,16,21,23],"damage_taken":[{"damage":0.0,"enemies":"Small Slimes","floor":1.0,"turns":1.0},{"damage":0.0,"enemies":"2 Louse","floor":2.0,"turns":1.0},{"damage":0.0,"enemies":"Cultist","floor":4.0,"turns":1.0},{"damage":15.0,"enemies":"3 Sentries","floor":7.0,"turns":8.0},{"damage":20.0,"enemies":"Gremlin Nob","floor":10.0,"turns":4.0},{"damage":0.0,"enemies":"Blue Slaver","floor":11.0,"turns":2.0},{"damage":0.0,"enemies":"Large Slime","floor":13.0,"turns":3.0},{"damage":0.0,"enemies":"3 Louse","floor":14.0,"turns":3.0},{"damage":4,"enemies":"Slime Boss","floor":16,"turns":8},{"damage":6,"enemies":"theJungle:5_Spyders","floor":18,"turns":3},{"damage":14,"enemies":"theJungle:GiantWrat","floor":19,"turns":5},{"damage":2,"enemies":"theJungle:2_Snecko_Cultists","floor":21,"turns":4},{"damage":38,"enemies":"theJungle:2_Phrogs","floor":23,"turns":7}],"seed_played":"2741336619026984396","potions_obtained":[{"floor":2.0,"key":"Reflective Coating"},{"floor":7.0,"key":"Fire Potion"},{"floor":10.0,"key":"Explosive Potion"},{"floor":13.0,"key":"Block Potion"},{"floor":21,"key":"Milkshake"}],"is_trial":false,"path_per_floor":["M","M","?","M","?","R","E","R","T","E","M","$","M","M","R","B",null,"M","M","?","M","$","E"],"character_chosen":"DEFECT","items_purchased":["Kunai","Defragment","NitorisBag","Block Potion"],"campfire_rested":1,"item_purchase_floors":[12,22,22,22],"current_hp_per_floor":[68,68,57,57,57,57,42,42,42,22,22,22,22,22,44,40,46,40,26,32,30,30,0],"gold":13,"neow_bonus":"THREE_ENEMY_KILL","is_prod":false,"is_daily":false,"chose_seed":false,"campfire_upgraded":2,"win_rate":0,"timestamp":1549450095,"path_taken":["M","M","?","M","?","R","E","R","T","E","M","$","M","?","R","BOSS","M","M","?","M","$","E"],"build_version":"2019-01-23","purchased_purges":0,"victory":false,"max_hp_per_floor":[75,75,75,75,75,75,75,75,75,75,75,75,75,75,75,75,48,48,48,48,48,48,48],"card_choices":[{"not_picked":["Redo","jedi:BurstLightning"],"picked":"BootSequence","floor":1.0},{"not_picked":["Gash","strawberrySpire:Adapter"],"picked":"Conserve Battery","floor":2.0},{"not_picked":["jedi:BurstFrost","ReplayTheSpireMod:Reroute Power"],"picked":"jedi:BurstLightning","floor":4.0},{"not_picked":["Hello World","Panic Button"],"picked":"Glacier","floor":7.0},{"not_picked":["Heatsinks","All For One"],"picked":"conspire:SharedLibrary","floor":10.0},{"not_picked":["Steam","Recycle"],"picked":"Ball Lightning","floor":11.0},{"not_picked":["ReplayTheSpireMod:System Scan","Beam Cell","Scrape"],"picked":"SKIP","floor":13.0},{"not_picked":["strawberrySpire:NeonFlight","strawberrySpire:Disconnect"],"picked":"Panic Button","floor":14.0},{"not_picked":["ReplayRNGCard","Hyperbeam"],"picked":"strawberrySpire:Gammacceleration","floor":16},{"not_picked":["Go for the Eyes","Recycle","Compile Driver+1"],"picked":"SKIP","floor":18},{"not_picked":["strawberrySpire:NeonFlight","strawberrySpire:DataDump+1"],"picked":"Loop","floor":19},{"not_picked":["Leap","jedi:sharpshooter"],"picked":"strawberrySpire:Disconnect+1","floor":21}],"player_experience":339846,"relics_obtained":[{"floor":7.0,"key":"infinitespire:Beetle Shell"},{"floor":10.0,"key":"hubris:SlimyHat"}],"event_choices":[{"damage_healed":0.0,"max_hp_gain":0.0,"max_hp_loss":0.0,"gold_gain":75.0,"event_name":"World of Goop","player_choice":"Gather Gold","floor":3.0,"gold_loss":0.0,"damage_taken":11.0},{"damage_healed":0.0,"max_hp_gain":0.0,"max_hp_loss":0.0,"gold_gain":0.0,"cards_transformed":["Defend_B"],"event_name":"Transmorgrifier","player_choice":"Transformed","floor":5.0,"gold_loss":0.0,"damage_taken":0.0,"cards_obtained":["strawberrySpire:ReturnNull"]}],"is_beta":false,"boss_relics":[{"not_picked":["hubris:HollowSoul","strawberrySpire:RottenAvocado"],"picked":"Replay_Grab Bag"},{"not_picked":["Busted Crown","hubris:CrackedHourglass"],"picked":"jedi:hotpepper"},{"not_picked":["Nuclear Battery","strawberrySpire:CapacitorDischarge"],"picked":"conspire:SpecialSausage"}],"items_purged_floors":[],"is_endless":false,"potions_floor_spawned":[2,7,10,13,21],"killed_by":"theJungle:2_Phrogs","ascension_level":10}