{"gold_per_floor":[114,114,125,142,155,155,155,185,185,185,25,52,127,127,127,206,206,226,326,326,326,326,326,46,72,72,72,100,100,116,132,132,209,209,220,220,269,286,14,14,0,35,58,71,71,106,106,125,125,125],"floor_reached":51,"playtime":2298,"items_purged":["Strike_G","Parasite"],"score":1440,"play_id":"4c539c8c-3220-4bd1-a928-6143bc5fb57b","local_time":"20190205134621","is_ascension_mode":true,"campfire_choices":[{"data":"Riddle With Holes","floor":6,"key":"SMITH"},{"data":"Infinite Blades","floor":10,"key":"SMITH"},{"data":"Cloak And Dagger","floor":15,"key":"SMITH"},{"floor":23,"key":"REST"},{"floor":27,"key":"REST"},{"floor":29,"key":"REST"},{"data":"A Thousand Cuts","floor":32,"key":"SMITH"},{"floor":40,"key":"REST"},{"floor":49,"key":"REST"}],"neow_cost":"NONE","seed_source_timestamp":251493411029244,"circlet_count":0,"master_deck":["AscendersBane","Defend_G","Defend_G+1","Defend_G","Defend_G","Defend_G","Strike_G","Strike_G","Survivor+1","Neutralize+1","Riddle With Holes+1","Underhanded Strike+1","Terror","Infinite Blades+1","Blade Dance+1","Infinite Blades","Cloak And Dagger+1","A Thousand Cuts+1","Dodge and Roll+1","Escape Plan+1","Blade Dance+1","Prepared+1","Accuracy+1","Backflip+1","Cloak And Dagger+1","Cloak And Dagger+1","Footwork","PiercingWail+1","Blur+1","Regret","Accuracy","Crippling Poison+1"],"relics":["Ring of the Snake","Juzu Bracelet","Pear","Kunai","Happy Flower","Question Card","Cursed Key","Gambling Chip","Toxic Egg 2","ClockworkSouvenir","Centennial Puzzle","Bronze Scales","Blood Vial","Fusion Hammer","WingedGreaves","Pen Nib","Red Mask","War Paint","Whetstone","Bottled Lightning"],"potions_floor_usage":[8,8,18,18,25,33,50,50],"damage_taken":[{"damage":0,"enemies":"Cultist","floor":1,"turns":4},{"damage":1,"enemies":"2 Louse","floor":3,"turns":4},{"damage":0,"enemies":"Jaw Worm","floor":4,"turns":5},{"damage":8,"enemies":"2 Fungi Beasts","floor":5,"turns":5},{"damage":19,"enemies":"3 Sentries","floor":8,"turns":7},{"damage":8,"enemies":"Lagavulin","floor":12,"turns":5},{"damage":0,"enemies":"Hexaghost","floor":16,"turns":9},{"damage":2,"enemies":"Chosen","floor":18,"turns":4},{"damage":38,"enemies":"Colosseum Slavers","floor":19,"turns":4},{"damage":29,"enemies":"Colosseum Nobs","floor":19,"turns":5},{"damage":39,"enemies":"Slavers","floor":25,"turns":8},{"damage":12,"enemies":"Book of Stabbing","floor":28,"turns":4},{"damage":0,"enemies":"Shell Parasite","floor":30,"turns":4},{"damage":0,"enemies":"Chosen and Byrds","floor":31,"turns":4},{"damage":6,"enemies":"Champ","floor":33,"turns":7},{"damage":0,"enemies":"3 Shapes","floor":35,"turns":2},{"damage":13,"enemies":"2 Orb Walkers","floor":37,"turns":4},{"damage":0,"enemies":"Orb Walker","floor":38,"turns":3},{"damage":23,"enemies":"Reptomancer","floor":42,"turns":4},{"damage":2,"enemies":"3 Darklings","floor":44,"turns":5},{"damage":3,"enemies":"Giant Head","floor":46,"turns":5},{"damage":18,"enemies":"Jaw Worm Horde","floor":48,"turns":3},{"damage":29,"enemies":"Time Eater","floor":50,"turns":8}],"seed_played":"-8644842988140166269","potions_obtained":[{"floor":3,"key":"Dexterity Potion"},{"floor":4,"key":"Regen Potion"},{"floor":8,"key":"Explosive Potion"},{"floor":16,"key":"Fruit Juice"},{"floor":19,"key":"Regen Potion"},{"floor":25,"key":"Block Potion"},{"floor":28,"key":"LiquidBronze"},{"floor":33,"key":"SteroidPotion"}],"is_trial":false,"path_per_floor":["M","?","M","M","M","R","?","E","T","R","$","E","?","?","R","B",null,"M","?","?","?","?","R","$","E","T","R","E","R","M","M","R","B",null,"M","?","?","M","$","R","?","E","T","M","$","E","?","M","R","B",null],"character_chosen":"THE_SILENT","items_purchased":["Infinite Blades","ClockworkSouvenir","Prepared+1","Pen Nib"],"campfire_rested":5,"item_purchase_floors":[11,24,24,39],"current_hp_per_floor":[59,59,58,58,50,50,50,56,56,56,56,48,37,37,37,37,66,69,2,2,2,2,26,26,2,2,26,14,38,40,42,42,38,70,72,72,61,63,63,78,78,55,55,55,55,54,54,38,61,34],"gold":125,"neow_bonus":"RANDOM_COMMON_RELIC","is_prod":false,"is_daily":false,"chose_seed":false,"campfire_upgraded":4,"win_rate":0,"timestamp":1549370781,"path_taken":["M","?","M","M","M","R","?","E","T","R","$","E","?","?","R","BOSS","M","?","?","?","?","R","?","E","T","R","E","R","M","M","R","BOSS","M","?","?","M","$","R","?","E","T","M","?","E","?","M","R","BOSS"],"build_version":"2019-01-23","purchased_purges":2,"victory":true,"max_hp_per_floor":[66,66,66,66,66,66,66,76,76,76,76,76,76,76,76,76,76,81,81,81,81,81,81,81,81,81,81,81,81,81,81,81,81,81,81,81,81,81,78,78,78,78,78,78,78,78,78,78,78,78],"card_choices":[{"not_picked":["Quick Slash","Finisher"],"picked":"Riddle With Holes","floor":1},{"not_picked":["Underhanded Strike","Accuracy"],"picked":"Terror","floor":3},{"not_picked":["Backflip","Deadly Poison"],"picked":"Infinite Blades","floor":4},{"not_picked":["Acrobatics","Deflect"],"picked":"Blade Dance","floor":5},{"not_picked":["Distraction","Endless Agony","Dagger Spray"],"picked":"SKIP","floor":8},{"not_picked":["Dagger Throw","Deflect"],"picked":"Cloak And Dagger","floor":12},{"not_picked":["Bullet Time","Grand Finale","Wraith Form v2"],"picked":"A Thousand Cuts","floor":16},{"not_picked":["Tactician","Expertise","Flechettes","Sucker Punch"],"picked":"SKIP","floor":18},{"not_picked":["Bane","Deflect","Dash"],"picked":"Dodge and Roll+1","floor":19},{"not_picked":["Poisoned Stab","Choke","Malaise+1"],"picked":"Accuracy+1","floor":25},{"not_picked":["Outmaneuver+1","Noxious Fumes","Sucker Punch"],"picked":"Backflip+1","floor":28},{"not_picked":["Acrobatics+1","Skewer","Eviscerate"],"picked":"Cloak And Dagger+1","floor":30},{"not_picked":["Flechettes","Leg Sweep+1","Bullet Time+1"],"picked":"Cloak And Dagger+1","floor":31},{"not_picked":["Acrobatics+1","Deflect+1","Poisoned Stab+1","Dagger Spray"],"picked":"SKIP","floor":35},{"not_picked":["Dagger Throw","Dagger Spray","Choke"],"picked":"Footwork","floor":37},{"not_picked":["Prepared+1","Backstab+1","Underhanded Strike"],"picked":"PiercingWail+1","floor":38},{"not_picked":["Corpse Explosion+1","Infinite Blades","Accuracy"],"picked":"Blur+1","floor":42},{"not_picked":["Dagger Throw","Outmaneuver+1","Slice","Dash"],"picked":"SKIP","floor":44},{"not_picked":["Noxious Fumes","Prepared+1","Dagger Throw"],"picked":"Accuracy","floor":46},{"not_picked":["Slice+1","Endless Agony","Riddle With Holes+1"],"picked":"Crippling Poison+1","floor":48}],"player_experience":499664,"relics_obtained":[{"floor":8,"key":"Pear"},{"floor":9,"key":"Kunai"},{"floor":12,"key":"Happy Flower"},{"floor":19,"key":"Gambling Chip"},{"floor":19,"key":"Toxic Egg 2"},{"floor":25,"key":"Centennial Puzzle"},{"floor":26,"key":"Bronze Scales"},{"floor":28,"key":"Blood Vial"},{"floor":37,"key":"WingedGreaves"},{"floor":42,"key":"War Paint"},{"floor":43,"key":"Whetstone"},{"floor":46,"key":"Bottled Lightning"}],"event_choices":[{"damage_healed":0,"gold_gain":0,"cards_transformed":["Strike_G"],"player_choice":"Transformed","damage_taken":0,"max_hp_gain":0,"max_hp_loss":0,"event_name":"Transmorgrifier","floor":2,"gold_loss":0,"cards_obtained":["Underhanded Strike"]},{"damage_healed":0,"gold_gain":0,"player_choice":"Upgraded","damage_taken":0,"max_hp_gain":0,"max_hp_loss":0,"event_name":"Upgrade Shrine","floor":7,"gold_loss":0,"cards_upgraded":["Blade Dance"]},{"damage_healed":0,"gold_gain":75,"player_choice":"Gather Gold","damage_taken":11,"max_hp_gain":0,"max_hp_loss":0,"event_name":"World of Goop","floor":13,"gold_loss":0},{"damage_healed":0,"gold_gain":0,"player_choice":"Searched \u00271\u0027 times","damage_taken":0,"relics_obtained":["Question Card"],"max_hp_gain":0,"max_hp_loss":0,"event_name":"Dead Adventurer","floor":14,"gold_loss":0},{"damage_healed":0,"gold_gain":0,"player_choice":"Fight","damage_taken":0,"max_hp_gain":0,"max_hp_loss":0,"event_name":"Colosseum","floor":19,"gold_loss":0},{"damage_healed":0,"gold_gain":0,"player_choice":"Fought Nobs","damage_taken":0,"max_hp_gain":0,"max_hp_loss":0,"event_name":"Colosseum","floor":19,"gold_loss":0},{"damage_healed":0,"gold_gain":0,"player_choice":"Ignored","damage_taken":0,"max_hp_gain":0,"max_hp_loss":0,"event_name":"Cursed Tome","floor":20,"gold_loss":0},{"damage_healed":0,"gold_gain":0,"cards_transformed":["Strike_G"],"player_choice":"Transformed","damage_taken":0,"max_hp_gain":0,"max_hp_loss":0,"event_name":"Transmorgrifier","floor":21,"gold_loss":0,"cards_obtained":["Escape Plan"]},{"damage_healed":0,"gold_gain":0,"player_choice":"Copied","damage_taken":0,"max_hp_gain":0,"max_hp_loss":0,"event_name":"Duplicator","floor":22,"gold_loss":0,"cards_obtained":["Blade Dance"]},{"damage_healed":0,"gold_gain":0,"player_choice":"Ignored","damage_taken":0,"max_hp_gain":0,"max_hp_loss":0,"event_name":"SecretPortal","floor":36,"gold_loss":0},{"damage_healed":0,"gold_gain":0,"player_choice":"Fight","damage_taken":0,"max_hp_gain":0,"max_hp_loss":0,"event_name":"Mysterious Sphere","floor":37,"gold_loss":0},{"damage_healed":0,"gold_gain":0,"player_choice":"Paid","damage_taken":0,"relics_obtained":["Red Mask"],"max_hp_gain":0,"max_hp_loss":0,"event_name":"Tomb of Lord Red Mask","floor":41,"gold_loss":14},{"damage_healed":0,"gold_gain":0,"player_choice":"Got Potions","damage_taken":0,"max_hp_gain":0,"max_hp_loss":0,"event_name":"Lab","floor":47,"gold_loss":0}],"is_beta":false,"boss_relics":[{"not_picked":["Coffee Dripper","Calling Bell"],"picked":"Cursed Key"},{"not_picked":["Tiny House","HoveringKite"],"picked":"Fusion Hammer"}],"items_purged_floors":[11,39],"is_endless":false,"potions_floor_spawned":[3,4,8,16,19,25,28,31,33,46],"ascension_level":16}