{"gold_per_floor":[114,89,107,169,169,207,207,1,25,49,49,74,74,95,95,95],"floor_reached":16,"playtime":1152,"items_purged":[],"score":103,"play_id":"7e446afa-9193-471c-9943-94b84fac5d0c","local_time":"20190329004251","is_ascension_mode":true,"campfire_choices":[{"floor":7,"key":"REST"},{"floor":11,"key":"REST"},{"floor":15,"key":"REST"}],"neow_cost":"NONE","seed_source_timestamp":23680609619901,"circlet_count":0,"master_deck":["Strike_R","Strike_R","Strike_R","Strike_R","Defend_R","Defend_R","Defend_R","Defend_R","Bash","Heavy Blade","Pommel Strike","Flex","Rupture","Pommel Strike","Ghostly Armor","Rampage","Cleave"],"relics":["Burning Blood","Golden Idol","Bag of Preparation","Membership Card","Regal Pillow","Odd Mushroom"],"potions_floor_usage":[1,6,16],"damage_taken":[{"damage":3,"enemies":"Jaw Worm","floor":1,"turns":4},{"damage":0,"enemies":"2 Louse","floor":3,"turns":2},{"damage":50,"enemies":"Lagavulin","floor":6,"turns":9},{"damage":5,"enemies":"Small Slimes","floor":10,"turns":2},{"damage":18,"enemies":"The Mushroom Lair","floor":12,"turns":4},{"damage":12,"enemies":"Exordium Thugs","floor":14,"turns":5},{"damage":88,"enemies":"The Guardian","floor":16,"turns":16}],"seed_played":"-4363090329218216984","potions_obtained":[{"floor":0,"key":"Explosive Potion"},{"floor":0,"key":"LiquidBronze"},{"floor":0,"key":"SkillPotion"},{"floor":1,"key":"FearPotion"},{"floor":3,"key":"Regen Potion"},{"floor":6,"key":"Ancient Potion"}],"is_trial":false,"path_per_floor":["M","$","M","?","?","E","R","$","T","M","R","?","?","M","R","B"],"character_chosen":"IRONCLAD","items_purchased":["Pommel Strike","Membership Card","Pommel Strike"],"campfire_rested":3,"item_purchase_floors":[2,8,8],"current_hp_per_floor":[80,80,80,80,74,30,52,52,52,53,74,62,62,56,74,0],"gold":95,"neow_bonus":"THREE_SMALL_POTIONS","is_prod":false,"is_daily":false,"chose_seed":false,"campfire_upgraded":0,"win_rate":0,"timestamp":1553820171,"path_taken":["M","$","M","?","?","E","R","?","T","M","R","?","?","M","R","BOSS"],"build_version":"2019-01-23","purchased_purges":0,"victory":false,"max_hp_per_floor":[80,80,80,80,74,74,74,74,74,74,74,74,74,74,74,74],"card_choices":[{"not_picked":["Rupture","Body Slam"],"picked":"Heavy Blade","floor":1},{"not_picked":["Clash","Disarm"],"picked":"Flex","floor":3},{"not_picked":["Searing Blow","Perfected Strike"],"picked":"Rupture","floor":6},{"not_picked":["Hemokinesis","Uppercut"],"picked":"Ghostly Armor","floor":10},{"not_picked":["Headbutt","Feel No Pain"],"picked":"Rampage","floor":12},{"not_picked":["Heavy Blade","Cleave","Havoc"],"picked":"SKIP","floor":14}],"player_experience":441521,"relics_obtained":[{"floor":6,"key":"Bag of Preparation"},{"floor":9,"key":"Regal Pillow"},{"floor":12,"key":"Odd Mushroom"}],"event_choices":[{"damage_healed":0,"gold_gain":62,"player_choice":"Gained Gold","damage_taken":0,"max_hp_gain":0,"max_hp_loss":0,"event_name":"Golden Wing","floor":4,"gold_loss":0},{"damage_healed":0,"gold_gain":0,"player_choice":"Lose Max HP","damage_taken":0,"relics_obtained":["Golden Idol"],"max_hp_gain":0,"max_hp_loss":6,"event_name":"Golden Idol","floor":5,"gold_loss":0},{"damage_healed":0,"gold_gain":0,"player_choice":"Fought Mushrooms","damage_taken":0,"max_hp_gain":0,"max_hp_loss":0,"event_name":"Mushrooms","floor":12,"gold_loss":0},{"damage_healed":0,"gold_gain":0,"cards_transformed":["Strike_R"],"player_choice":"Transformed","damage_taken":0,"max_hp_gain":0,"max_hp_loss":0,"event_name":"Transmorgrifier","floor":13,"gold_loss":0,"cards_obtained":["Cleave"]}],"is_beta":false,"boss_relics":[],"items_purged_floors":[],"is_endless":false,"potions_floor_spawned":[1,3,6],"killed_by":"The Guardian","ascension_level":1}