{"gold_per_floor":[114,129,142,159,159,159,199,211,223,304,330,363,390,417,429,441],"floor_reached":16,"playtime":557,"items_purged":[],"score":196,"play_id":"26520845-cedc-4fec-9132-167da4aa8d0a","local_time":"20181123014318","is_ascension_mode":true,"campfire_choices":[{"data":"Perfected Strike","floor":6,"key":"SMITH"},{"floor":8,"key":"REST"},{"data":"Corruption","floor":15,"key":"SMITH"}],"neow_cost":"NONE","seed_source_timestamp":233392919675150,"circlet_count":0,"master_deck":["AscendersBane","Strike_R","Strike_R","Strike_R","Strike_R","Strike_R","Defend_R","Defend_R","Defend_R","Defend_R","Bash","Corruption+1","Perfected Strike+1","Pommel Strike","Battle Trance","Twin Strike","Dual Wield","Feel No Pain","Power Through"],"relics":["Burning Blood","Golden Idol","MawBank","Letter Opener","Thread and Needle"],"potions_floor_usage":[4,7,12,13,16],"damage_taken":[{"damage":8,"enemies":"2 Louse","floor":1,"turns":3},{"damage":14,"enemies":"Jaw Worm","floor":2,"turns":3},{"damage":2,"enemies":"Cultist","floor":3,"turns":4},{"damage":16,"enemies":"Blue Slaver","floor":4,"turns":4},{"damage":25,"enemies":"Gremlin Nob","floor":7,"turns":4},{"damage":30,"enemies":"3 Sentries","floor":10,"turns":6},{"damage":5,"enemies":"Red Slaver","floor":11,"turns":2},{"damage":4,"enemies":"Large Slime","floor":12,"turns":4},{"damage":10,"enemies":"Exordium Thugs","floor":13,"turns":5},{"damage":0,"enemies":"Red Slaver","floor":14,"turns":2},{"damage":30,"enemies":"Hexaghost","floor":16,"turns":8}],"seed_played":"3615351246180780058","potions_obtained":[{"floor":1,"key":"BloodPotion"},{"floor":3,"key":"Regen Potion"},{"floor":10,"key":"Strength Potion"},{"floor":11,"key":"SteroidPotion"},{"floor":12,"key":"PowerPotion"}],"is_trial":false,"path_per_floor":["M","M","M","M","?","R","E","R","T","?","M","M","M","M","R","B"],"character_chosen":"IRONCLAD","items_purchased":[],"campfire_rested":1,"item_purchase_floors":[],"current_hp_per_floor":[66,58,62,59,33,33,26,48,48,24,25,27,23,29,29,0],"gold":441,"neow_bonus":"THREE_CARDS","is_prod":false,"is_daily":false,"chose_seed":false,"campfire_upgraded":2,"win_rate":0,"timestamp":1542933798,"path_taken":["M","M","M","M","?","R","E","R","T","?","M","?","M","M","R","BOSS"],"build_version":"2018-11-15","purchased_purges":0,"victory":false,"max_hp_per_floor":[75,75,75,75,75,75,75,75,75,75,75,75,75,75,75,75],"card_choices":[{"not_picked":["Entrench","Hemokinesis"],"picked":"Corruption","floor":0},{"not_picked":["Shockwave","Warcry"],"picked":"Perfected Strike","floor":1},{"not_picked":["Warcry","Thunderclap"],"picked":"Pommel Strike","floor":2},{"not_picked":["Pummel","Armaments"],"picked":"Battle Trance","floor":3},{"not_picked":["True Grit","Clash","Sword Boomerang"],"picked":"SKIP","floor":4},{"not_picked":["Sword Boomerang","Power Through"],"picked":"Twin Strike","floor":7},{"not_picked":["Clash","Body Slam"],"picked":"Dual Wield","floor":10},{"not_picked":["Cleave","Rage","True Grit"],"picked":"SKIP","floor":11},{"not_picked":["Corruption","Anger"],"picked":"Feel No Pain","floor":12},{"not_picked":["True Grit","Exhume"],"picked":"Power Through","floor":13},{"not_picked":["Clash","Evolve","Havoc"],"picked":"SKIP","floor":14}],"player_experience":352684,"relics_obtained":[{"floor":7,"key":"MawBank"},{"floor":9,"key":"Letter Opener"},{"floor":10,"key":"Thread and Needle"}],"event_choices":[{"damage_healed":0,"gold_gain":0,"player_choice":"Take Damage","damage_taken":26,"relics_obtained":["Golden Idol"],"max_hp_gain":0,"max_hp_loss":0,"event_name":"Golden Idol","floor":5,"gold_loss":0},{"damage_healed":0,"gold_gain":0,"player_choice":"Searched \u00272\u0027 times","damage_taken":0,"max_hp_gain":0,"max_hp_loss":0,"event_name":"Dead Adventurer","floor":10,"gold_loss":0}],"is_beta":false,"boss_relics":[],"items_purged_floors":[],"is_endless":false,"potions_floor_spawned":[1,3,10,11,12],"killed_by":"Hexaghost","ascension_level":17}