{"gold_per_floor":[116,126,126,145,145,145,156,173,173,185,185,198,212,229,229,331,331,342,342,352,64,64,83,83,83,83,83,83,83,101,118,118,221,221,234,234],"floor_reached":36,"playtime":2340,"items_purged":[],"score":385,"play_id":"f8b74fe9-7fb2-4981-922d-0dafdeded0ca","local_time":"20181031230040","daily_mods":["Allstar","Hoarder","Terminal"],"is_ascension_mode":false,"campfire_choices":[{"floor":6,"key":"REST"},{"floor":11,"key":"REST"},{"floor":15,"key":"REST"},{"floor":27,"key":"DIG"},{"floor":29,"key":"DIG"},{"floor":32,"key":"REST"}],"neow_cost":"","seed_source_timestamp":0,"circlet_count":0,"master_deck":["Strike_B+1","Strike_B+1","Strike_B+1","Strike_B+1","Defend_B+1","Defend_B+1","Defend_B+1","Defend_B+1","Zap","Dualcast","Trip","Trip","Trip","Secret Weapon","Secret Weapon","Secret Weapon","Forethought","Forethought","Forethought","Mayhem","Mayhem","Mayhem","Finesse+1","Finesse","Finesse","Gash","Gash","Gash","Ball Lightning","Ball Lightning","Ball Lightning","Conserve Battery","Conserve Battery","Conserve Battery","Self Repair","Self Repair","Self Repair","RitualDagger","RitualDagger","RitualDagger"],"relics":["Cracked Core","Shuriken","Busted Crown","GremlinMask","Shovel","Ornamental Fan","Pantograph","Potion Belt","Runic Pyramid"],"potions_floor_usage":[14,16,23,23,33],"damage_taken":[{"damage":0,"enemies":"Small Slimes","floor":1,"turns":3},{"damage":0,"enemies":"Cultist","floor":2,"turns":3},{"damage":0,"enemies":"2 Louse","floor":4,"turns":2},{"damage":12,"enemies":"Large Slime","floor":7,"turns":5},{"damage":16,"enemies":"Exordium Thugs","floor":8,"turns":3},{"damage":11,"enemies":"Lots of Slimes","floor":10,"turns":4},{"damage":0,"enemies":"3 Louse","floor":12,"turns":3},{"damage":11,"enemies":"Looter","floor":13,"turns":3},{"damage":0,"enemies":"Large Slime","floor":14,"turns":4},{"damage":19,"enemies":"The Guardian","floor":16,"turns":10},{"damage":17,"enemies":"Shell Parasite","floor":18,"turns":4},{"damage":30,"enemies":"3 Byrds","floor":20,"turns":6},{"damage":19,"enemies":"Snake Plant","floor":23,"turns":4},{"damage":8,"enemies":"Cultist and Chosen","floor":30,"turns":5},{"damage":22,"enemies":"Shelled Parasite and Fungi","floor":31,"turns":4},{"damage":16,"enemies":"Champ","floor":33,"turns":9},{"damage":10,"enemies":"3 Shapes","floor":35,"turns":5},{"damage":40,"enemies":"3 Darklings","floor":36,"turns":4}],"seed_played":"-7949056959327938934","potions_obtained":[{"floor":2,"key":"GamblersBrew"},{"floor":7,"key":"Ancient Potion"},{"floor":10,"key":"EssenceOfSteel"},{"floor":12,"key":"Block Potion"},{"floor":14,"key":"Regen Potion"},{"floor":18,"key":"Ancient Potion"},{"floor":31,"key":"PowerPotion"},{"floor":33,"key":"SteroidPotion"},{"floor":35,"key":"FocusPotion"}],"is_trial":true,"path_per_floor":["M","M","?","M","?","R","M","M","T","M","R","M","M","M","R","B",null,"M","?","M","$","?","M","?","$","T","R","?","R","M","M","R","B",null,"M"],"character_chosen":"DEFECT","items_purchased":["Shovel"],"campfire_rested":4,"item_purchase_floors":[21],"current_hp_per_floor":[73,72,58,58,58,68,56,40,40,29,48,48,37,37,55,50,57,56,55,46,46,46,46,46,46,46,46,40,40,32,24,36,41,40,39,0],"gold":234,"neow_bonus":"","is_prod":false,"is_daily":false,"chose_seed":false,"campfire_upgraded":0,"win_rate":0,"timestamp":1541026840,"path_taken":["M","M","?","M","?","R","M","?","T","M","R","?","M","M","R","BOSS","M","?","M","$","?","M","?","?","T","R","?","R","M","M","R","BOSS","M","M"],"build_version":"2018-10-25v2","purchased_purges":0,"victory":false,"max_hp_per_floor":[73,72,71,70,69,68,67,66,65,64,63,62,61,60,59,58,57,56,55,54,53,52,51,50,49,48,47,46,45,44,43,42,41,40,39,39],"card_choices":[{"not_picked":["Skim","Auto Shields","Static Discharge"],"picked":"SKIP","floor":1},{"not_picked":["Compile Driver","Redo"],"picked":"Gash","floor":2},{"not_picked":["Steam Power","Cold Snap"],"picked":"Ball Lightning","floor":4},{"not_picked":["Recycle","Sweeping Beam","Consume"],"picked":"SKIP","floor":7},{"not_picked":["Scrape","Barrage"],"picked":"Conserve Battery","floor":8},{"not_picked":["Aggregate","Static Discharge","Leap"],"picked":"SKIP","floor":10},{"not_picked":["Recycle","Rebound"],"picked":"Self Repair","floor":12},{"not_picked":["FTL","Sweeping Beam","Skim"],"picked":"SKIP","floor":13},{"not_picked":["Turbo","Ball Lightning","Chaos"],"picked":"SKIP","floor":14},{"not_picked":["Sweeping Beam"],"picked":"SKIP","floor":18},{"not_picked":["Undo"],"picked":"SKIP","floor":20},{"not_picked":["Beam Cell+1"],"picked":"SKIP","floor":23},{"not_picked":["Cold Snap"],"picked":"SKIP","floor":30},{"not_picked":["Stack"],"picked":"SKIP","floor":31},{"not_picked":["Compile Driver+1"],"picked":"SKIP","floor":35}],"player_experience":259896,"relics_obtained":[{"floor":9,"key":"Shuriken"},{"floor":26,"key":"Ornamental Fan"},{"floor":27,"key":"Pantograph"},{"floor":29,"key":"Potion Belt"}],"event_choices":[{"damage_healed":0,"gold_gain":0,"player_choice":"Entered Light","damage_taken":14,"max_hp_gain":0,"max_hp_loss":0,"event_name":"Shining Light","floor":3,"gold_loss":0,"cards_upgraded":["Strike_B","Finesse"]},{"damage_healed":0,"gold_gain":0,"player_choice":"Ignored","damage_taken":0,"max_hp_gain":0,"max_hp_loss":0,"event_name":"Liars Game","floor":5,"gold_loss":0},{"damage_healed":0,"gold_gain":0,"player_choice":"Trade","damage_taken":0,"relics_obtained":["GremlinMask"],"max_hp_gain":0,"max_hp_loss":0,"event_name":"FaceTrader","floor":19,"gold_loss":0},{"damage_healed":0,"gold_gain":0,"player_choice":"Simplicity","damage_taken":0,"max_hp_gain":0,"max_hp_loss":0,"event_name":"Back to Basics","floor":22,"gold_loss":0,"cards_upgraded":["Strike_B","Strike_B","Strike_B","Defend_B","Defend_B","Defend_B","Defend_B"]},{"damage_healed":0,"gold_gain":0,"player_choice":"Ignored","damage_taken":0,"max_hp_gain":0,"max_hp_loss":0,"event_name":"Ghosts","floor":24,"gold_loss":0},{"damage_healed":0,"gold_gain":0,"player_choice":"Joined the Cult","damage_taken":6,"max_hp_gain":0,"max_hp_loss":0,"event_name":"Nest","floor":28,"gold_loss":0,"cards_obtained":["RitualDagger"]}],"is_beta":false,"boss_relics":[{"not_picked":["Tiny House","Velvet Choker"],"picked":"Busted Crown"},{"not_picked":["Sozu","Snecko Eye"],"picked":"Runic Pyramid"}],"items_purged_floors":[],"is_endless":false,"potions_floor_spawned":[2,7,10,12,14,18,31,33,35],"killed_by":"3 Darklings","ascension_level":0}