{"gold_per_floor":[14,28,28,40,57,84,98,98,123,133,150,150,75,150,150,250,250,260,359,377,395,42,67,67,97,148,168,168,184,8,27,27,27],"floor_reached":33,"playtime":1059,"items_purged":["Strike_R","Strike_R","Defend_R"],"score":349,"play_id":"7ca36ec6-4f8a-4aac-9bd0-3880bf9cda91","local_time":"25610720203812","is_ascension_mode":true,"campfire_choices":[{"data":"Reaper","floor":12,"key":"SMITH"},{"data":"Bash","floor":15,"key":"SMITH"},{"floor":24,"key":"REST"},{"data":"Immolate","floor":28,"key":"SMITH"},{"floor":32,"key":"REST"}],"neow_cost":"NO_GOLD","seed_source_timestamp":33573829526474,"circlet_count":0,"master_deck":["Strike_R","Strike_R","Strike_R+1","Defend_R","Defend_R","Defend_R","Bash+1","Flex","Sword Boomerang","Perfected Strike","Reaper+1","Immolate+1","Thunderclap+1","Infernal Blade","Whirlwind+1","Pummel+1","Burning Pact+1"],"relics":["Burning Blood","Thread and Needle","Ice Cream","Blood Vial","Orichalcum","Runic Cube","Pear","Whetstone","Letter Opener","Dream Catcher"],"potions_floor_usage":[6,10,21,23,31,31,33],"damage_taken":[{"damage":3,"enemies":"2 Louse","floor":1,"turns":3},{"damage":5,"enemies":"Small Slimes","floor":2,"turns":4},{"damage":2,"enemies":"Jaw Worm","floor":4,"turns":3},{"damage":18,"enemies":"Lots of Slimes","floor":5,"turns":3},{"damage":28,"enemies":"Lagavulin","floor":6,"turns":5},{"damage":9,"enemies":"2 Fungi Beasts","floor":7,"turns":4},{"damage":4,"enemies":"Exordium Thugs","floor":10,"turns":4},{"damage":10,"enemies":"3 Louse","floor":11,"turns":3},{"damage":54,"enemies":"Slime Boss","floor":16,"turns":13},{"damage":12,"enemies":"2 Thieves","floor":18,"turns":3},{"damage":10,"enemies":"3 Byrds","floor":20,"turns":4},{"damage":26,"enemies":"Snake Plant","floor":21,"turns":4},{"damage":74,"enemies":"Book of Stabbing","floor":23,"turns":6},{"damage":35,"enemies":"Gremlin Leader","floor":25,"turns":7},{"damage":12,"enemies":"Snecko","floor":27,"turns":4},{"damage":7,"enemies":"Centurion and Healer","floor":29,"turns":4},{"damage":0,"enemies":"Sentry and Sphere","floor":31,"turns":3},{"damage":81,"enemies":"Automaton","floor":33,"turns":8}],"seed_played":"3024377587175629412","potions_obtained":[{"floor":5,"key":"SkillPotion"},{"floor":6,"key":"SteroidPotion"},{"floor":11,"key":"SpeedPotion"},{"floor":21,"key":"Block Potion"},{"floor":29,"key":"PowerPotion"},{"floor":31,"key":"SkillPotion"}],"is_trial":false,"path_per_floor":["M","M","?","M","M","E","M","?","T","M","M","R","$","?","R","B",null,"M","?","M","M","$","E","R","E","T","M","R","M","$","M","R"],"character_chosen":"IRONCLAD","items_purchased":["Pear","SkillPotion"],"campfire_rested":2,"item_purchase_floors":[22,30],"current_hp_per_floor":[80,80,80,80,68,46,55,55,55,63,73,73,73,62,62,30,80,80,80,76,60,70,11,38,28,28,31,31,32,32,40,67,0],"gold":27,"neow_bonus":"ONE_RARE_RELIC","is_prod":false,"is_daily":false,"chose_seed":false,"campfire_upgraded":3,"win_rate":0,"timestamp":1532093892,"path_taken":["M","M","?","?","M","E","M","?","T","?","M","R","$","?","R","BOSS","M","?","M","M","?","E","R","E","T","M","R","M","$","M","R","BOSS"],"build_version":"2018-07-19v2","purchased_purges":3,"victory":false,"max_hp_per_floor":[80,80,80,80,80,80,80,80,80,80,80,80,80,80,80,80,80,80,80,80,80,90,90,90,90,90,90,90,90,90,90,90,90],"card_choices":[{"not_picked":["Heavy Blade","True Grit"],"picked":"Flex","floor":1},{"not_picked":["Pummel","Havoc"],"picked":"Sword Boomerang","floor":2},{"not_picked":["Searing Blow","Heavy Blade"],"picked":"Perfected Strike","floor":4},{"not_picked":["Anger","Twin Strike","Evolve"],"picked":"SKIP","floor":5},{"not_picked":["Sever Soul","Havoc"],"picked":"Reaper","floor":6},{"not_picked":["Clash","Warcry","Feel No Pain"],"picked":"SKIP","floor":7},{"not_picked":["Cleave","Flex","Clothesline"],"picked":"SKIP","floor":10},{"not_picked":["Headbutt","Sword Boomerang","Body Slam"],"picked":"SKIP","floor":11},{"not_picked":["Berserk","Offering"],"picked":"Immolate","floor":16},{"not_picked":["Pommel Strike","Rage"],"picked":"Thunderclap","floor":18},{"not_picked":["Anger","Dual Wield","Iron Wave"],"picked":"SKIP","floor":20},{"not_picked":["True Grit","Fire Breathing+1"],"picked":"Infernal Blade","floor":21},{"not_picked":["Thunderclap+1","Burning Pact"],"picked":"Whirlwind+1","floor":23},{"not_picked":["Headbutt","Flex","Pummel"],"picked":"SKIP","floor":25},{"not_picked":["Reckless Charge","Iron Wave"],"picked":"Pummel+1","floor":27},{"not_picked":["Rupture","Havoc"],"picked":"Burning Pact+1","floor":29},{"not_picked":["Limit Break","Anger+1","Heavy Blade"],"picked":"SKIP","floor":31}],"player_experience":104591,"relics_obtained":[{"floor":6,"key":"Blood Vial"},{"floor":9,"key":"Orichalcum"},{"floor":23,"key":"Whetstone"},{"floor":25,"key":"Letter Opener"},{"floor":26,"key":"Dream Catcher"}],"event_choices":[{"event_name":"Big Fish","player_choice":"Box","floor":3,"damage_taken":0},{"event_name":"Purifier","player_choice":"One Purge","floor":8,"damage_taken":0},{"event_name":"World of Goop","player_choice":"Gather Gold","floor":14,"damage_taken":0},{"event_name":"Nest","player_choice":"Stole From Cult","floor":19,"damage_taken":0}],"is_beta":false,"boss_relics":[{"not_picked":["Fusion Hammer","Runic Dome"],"picked":"Runic Cube"}],"items_purged_floors":[13,22,30],"is_endless":false,"potions_floor_spawned":[5,6,11,21,29,31],"killed_by":"Automaton","ascension_level":4}