{"path_per_floor":["M","M","M","T","M","R","E","$","T","M","?","E","M","M","R"],"character_chosen":"THE_SILENT","items_purchased":["Backflip"],"gold_per_floor":[111,121,141,141,151,151,184,84,84,98,98,131,146,161,161,161],"floor_reached":16,"campfire_rested":1,"playtime":1039,"item_purchase_floors":[8],"current_hp_per_floor":[70,70,69,69,52,52,47,47,47,45,45,29,29,24,45,0],"items_purged":["Injury"],"gold":161,"score":114,"play_id":"7f959132-0eff-4dd3-8917-d8ddb4598b47","local_time":"20180529204215","is_prod":false,"is_daily":false,"chose_seed":false,"is_ascension_mode":false,"campfire_upgraded":1,"win_rate":0,"timestamp":1527651735,"campfire_choices":[{"data":"All Out Attack","floor":6,"key":"SMITH"},{"floor":15,"key":"REST"}],"path_taken":["M","?","M","?","M","R","E","$","T","M","?","E","M","M","R","BOSS"],"build_version":"2018-05-24","seed_source_timestamp":28928565447780,"purchased_purges":1,"victory":false,"master_deck":["Defend_G","Defend_G","Defend_G","Defend_G","Defend_G","Strike_G+1","Strike_G","Strike_G+1","Strike_G","Survivor","Neutralize","All Out Attack+1","Well Laid Plans","Escape Plan","Crippling Poison","Die Die Die","Backflip","Writhe","Wraith Form v2"],"max_hp_per_floor":[70,70,70,70,70,70,70,70,70,70,70,70,70,70,70,70],"relics":["Cursed Key","Bottled Lightning","Juzu Bracelet","Peace Pipe","Whetstone"],"card_choices":[{"not_picked":["Outmaneuver","Slice"],"picked":"All Out Attack","floor":1},{"not_picked":["Dodge and Roll","Infinite Blades"],"picked":"Well Laid Plans","floor":2},{"not_picked":["Terror","Slice"],"picked":"Escape Plan","floor":3},{"not_picked":["Dagger Spray","Underhanded Strike"],"picked":"Crippling Poison","floor":5},{"not_picked":["Terror","Distraction"],"picked":"Die Die Die","floor":7},{"not_picked":["Deadly Poison","Bane","Acrobatics"],"picked":"SKIP","floor":10},{"not_picked":["Crippling Poison","Poisoned Stab"],"picked":"Wraith Form v2","floor":12},{"not_picked":["Skewer","Sucker Punch","Underhanded Strike"],"picked":"SKIP","floor":13},{"not_picked":["Deflect","Dagger Throw","Poisoned Stab"],"picked":"SKIP","floor":14}],"player_experience":377738,"potions_floor_usage":[12,16],"damage_taken":[{"damage":0,"enemies":"Cultist","floor":1,"turns":5},{"damage":0,"enemies":"2 Louse","floor":2,"turns":2},{"damage":1,"enemies":"Jaw Worm","floor":3,"turns":3},{"damage":17,"enemies":"Large Slime","floor":5,"turns":7},{"damage":5,"enemies":"3 Sentries","floor":7,"turns":7},{"damage":2,"enemies":"Looter","floor":10,"turns":3},{"damage":16,"enemies":"Lagavulin","floor":12,"turns":7},{"damage":0,"enemies":"Gremlin Gang","floor":13,"turns":2},{"damage":5,"enemies":"Blue Slaver","floor":14,"turns":3},{"damage":48,"enemies":"Hexaghost","floor":16,"turns":14}],"relics_obtained":[{"floor":4,"key":"Bottled Lightning"},{"floor":7,"key":"Juzu Bracelet"},{"floor":9,"key":"Peace Pipe"},{"floor":12,"key":"Whetstone"}],"event_choices":[{"event_name":"Living Wall","player_choice":"Forget","floor":11,"damage_taken":0}],"boss_relics":[],"items_purged_floors":[8],"potions_floor_spawned":[2,5,7,13,14],"seed_played":"-1818112582619465836","killed_by":"Hexaghost","ascension_level":0,"potions_obtained":[{"floor":2,"key":"FearPotion"},{"floor":5,"key":"SteroidPotion"},{"floor":7,"key":"Poison Potion"},{"floor":13,"key":"AttackPotion"}],"is_trial":false}