{"gold_per_floor":[115,115,126,48,67,67,81,114,159,173,173,188,218,218,218,295,295,312,16,42,42,58,58,93,93,93,93,104,133,133,143,143,219,219,236,136,152,168,168,168,200,220,267,299,299,332,343,146,146,146,146,146,11,39,39],"floor_reached":56,"playtime":3183,"items_purged":["Strike_G","Strike_G","Normality"],"score":2225,"play_id":"a1326529-a4af-49a1-96c1-de85eee04043","local_time":"20181206204659","is_ascension_mode":true,"campfire_choices":[{"data":"Noxious Fumes","floor":6.0,"key":"SMITH"},{"floor":11.0,"key":"REST"},{"data":"Bouncing Flask","floor":15.0,"key":"SMITH"},{"data":"Crippling Poison","floor":23.0,"key":"SMITH"},{"data":"Neutralize","floor":25.0,"key":"SMITH"},{"floor":32.0,"key":"REST"},{"data":"Well Laid Plans","floor":40.0,"key":"SMITH"},{"floor":45.0,"key":"RECALL"},{"floor":49.0,"key":"REST"},{"data":"Leg Sweep","floor":52.0,"key":"SMITH"}],"neow_cost":"NONE","seed_source_timestamp":43074377785910,"circlet_count":0,"master_deck":["AscendersBane","Defend_G","Defend_G","Defend_G","Defend_G","Defend_G","Strike_G","Survivor","Neutralize+1","Poisoned Stab","Corpse Explosion","Well Laid Plans+1","Noxious Fumes+1","Bouncing Flask+1","Backflip","Dodge and Roll","Cloak And Dagger","Acrobatics","Envenom","Backflip","Apotheosis","Backflip","Crippling Poison+1","Dash","Glass Knife","Leg Sweep+1","Night Terror","Dodge and Roll+1","Leg Sweep","Blur+1","PiercingWail","Dark Shackles","Storm of Steel"],"special_seed":0,"relics":["Cursed Key","Bottled Lightning","Ancient Tea Set","Bag of Preparation","Snecko Eye","Red Mask","Dead Branch","Spirit Poop","Incense Burner","Lizard Tail","Anchor","Pen Nib","Bag of Marbles","Vajra"],"potions_floor_usage":[55,55,55,55],"damage_taken":[{"damage":1.0,"enemies":"2 Louse","floor":1.0,"turns":4.0},{"damage":0.0,"enemies":"Cultist","floor":3.0,"turns":3.0},{"damage":8.0,"enemies":"Small Slimes","floor":5.0,"turns":3.0},{"damage":3.0,"enemies":"Blue Slaver","floor":7.0,"turns":3.0},{"damage":13.0,"enemies":"Gremlin Nob","floor":8.0,"turns":4.0},{"damage":12.0,"enemies":"2 Fungi Beasts","floor":10.0,"turns":2.0},{"damage":0.0,"enemies":"Gremlin Gang","floor":12.0,"turns":2.0},{"damage":19.0,"enemies":"Lagavulin","floor":13.0,"turns":5.0},{"damage":7.0,"enemies":"The Guardian","floor":16.0,"turns":9.0},{"damage":0.0,"enemies":"Spheric Guardian","floor":18.0,"turns":3.0},{"damage":6.0,"enemies":"Masked Bandits","floor":20.0,"turns":2.0},{"damage":1.0,"enemies":"2 Thieves","floor":22.0,"turns":4.0},{"damage":7.0,"enemies":"Gremlin Leader","floor":24.0,"turns":7.0},{"damage":0.0,"enemies":"Snecko","floor":28.0,"turns":4.0},{"damage":27.0,"enemies":"Slavers","floor":29.0,"turns":3.0},{"damage":3.0,"enemies":"Shelled Parasite and Fungi","floor":31.0,"turns":4.0},{"damage":0.0,"enemies":"Collector","floor":33.0,"turns":8.0},{"damage":0.0,"enemies":"3 Darklings","floor":35.0,"turns":2.0},{"damage":1.0,"enemies":"3 Shapes","floor":37.0,"turns":4.0},{"damage":0.0,"enemies":"Sphere and 2 Shapes","floor":38.0,"turns":4.0},{"damage":0.0,"enemies":"Nemesis","floor":41.0,"turns":5.0},{"damage":2.0,"enemies":"3 Darklings","floor":42.0,"turns":3.0},{"damage":0.0,"enemies":"Reptomancer","floor":44.0,"turns":5.0},{"damage":17.0,"enemies":"Nemesis","floor":46.0,"turns":9.0},{"damage":0.0,"enemies":"4 Shapes","floor":47.0,"turns":4.0},{"damage":10.0,"enemies":"Awakened One","floor":50.0,"turns":18.0},{"damage":18.0,"enemies":"Shield and Spear","floor":54.0,"turns":8.0},{"damage":11,"enemies":"The Heart","floor":55,"turns":9}],"seed_played":"-7103310417343068233","potions_obtained":[{"floor":3.0,"key":"AttackPotion"},{"floor":7.0,"key":"Explosive Potion"},{"floor":10.0,"key":"SkillPotion"},{"floor":13.0,"key":"Explosive Potion"},{"floor":18.0,"key":"Swift Potion"},{"floor":20.0,"key":"Swift Potion"},{"floor":22.0,"key":"SkillPotion"},{"floor":44.0,"key":"Block Potion"},{"floor":54.0,"key":"EntropicBrew"}],"is_trial":false,"path_per_floor":["M","?","M","$","M","R","M","E","E","T","M","R","M","E","?","R","B",null,"M","$","?","?","M","R","E","R","T","?","M","E","?","M","R","B",null,"M","$","M","M","?","R","E","M","T","E","R","E","M","$","R","B",null,"R","$","E","B",null],"character_chosen":"THE_SILENT","items_purchased":["Noxious Fumes","Backflip","Apotheosis","Regen Potion","PiercingWail","Dark Shackles"],"campfire_rested":3,"item_purchase_floors":[4,19,19,48,53,53],"current_hp_per_floor":[58,58,58,58,50,50,47,34,34,22,41,41,22,27,27,20,58,58,58,52,52,51,51,44,44,44,44,44,17,17,14,34,34,60,60,60,59,59,59,59,59,57,57,57,57,40,40,40,60,50,64,64,64,46,50],"gold":39,"neow_bonus":"BOSS_RELIC","is_prod":false,"is_daily":false,"chose_seed":false,"campfire_upgraded":6,"win_rate":0,"timestamp":1544158019,"path_taken":["M","?","M","?","M","R","?","E","T","M","R","M","E","?","R","BOSS","M","$","?","?","M","R","E","R","T","?","?","E","?","M","R","BOSS","M","$","M","M","?","R","E","M","T","E","R","E","M","$","R","BOSS","R","$","E","BOSS"],"build_version":"2018-12-06","purchased_purges":3,"victory":true,"max_hp_per_floor":[66,66,66,66,66,66,66,66,66,66,66,66,66,71,71,71,71,71,71,71,71,71,71,71,71,71,68,68,68,68,68,68,68,68,68,68,68,68,68,68,68,68,68,68,68,68,68,68,68,68,68,68,68,68,68],"card_choices":[{"not_picked":["PiercingWail","Slice"],"picked":"Poisoned Stab","floor":1.0},{"not_picked":["Dagger Throw","Blur"],"picked":"Well Laid Plans","floor":3.0},{"not_picked":["Outmaneuver","Flechettes"],"picked":"Bouncing Flask","floor":5.0},{"not_picked":["Deflect","Dagger Spray"],"picked":"Backflip","floor":7.0},{"not_picked":["Concentrate","Finisher","Skewer"],"picked":"SKIP","floor":8.0},{"not_picked":["Accuracy","Underhanded Strike"],"picked":"Dodge and Roll","floor":10.0},{"not_picked":["Terror","Prepared"],"picked":"Cloak And Dagger","floor":12.0},{"not_picked":["Bane","Cloak And Dagger"],"picked":"Acrobatics","floor":13.0},{"not_picked":["Unload","A Thousand Cuts"],"picked":"Envenom","floor":16.0},{"not_picked":["Acrobatics+1","Well Laid Plans","Sucker Punch"],"picked":"SKIP","floor":18.0},{"not_picked":["Flying Knee","Accuracy"],"picked":"Backflip","floor":20.0},{"not_picked":["Acrobatics","Dodge and Roll"],"picked":"Crippling Poison","floor":22.0},{"not_picked":["Expertise","Dagger Spray","All Out Attack"],"picked":"SKIP","floor":24.0},{"not_picked":["Quick Slash","Poisoned Stab","Cloak And Dagger"],"picked":"SKIP","floor":28.0},{"not_picked":["Reflex","Slice"],"picked":"Dash","floor":29.0},{"not_picked":["Accuracy","Quick Slash","Blade Dance"],"picked":"SKIP","floor":31.0},{"not_picked":["Grand Finale","Corpse Explosion"],"picked":"Night Terror","floor":33.0},{"not_picked":["Acrobatics+1","Crippling Poison","Outmaneuver"],"picked":"SKIP","floor":35.0},{"not_picked":["Prepared","Underhanded Strike","Deflect"],"picked":"SKIP","floor":37.0},{"not_picked":["Blade Dance","Acrobatics+1"],"picked":"Dodge and Roll+1","floor":38.0},{"not_picked":["Calculated Gamble","Dagger Spray+1","Prepared"],"picked":"SKIP","floor":41.0},{"not_picked":["Prepared","Deflect","Blade Dance"],"picked":"SKIP","floor":42.0},{"not_picked":["Well Laid Plans+1","Distraction+1","Backstab"],"picked":"SKIP","floor":44.0},{"not_picked":["Skewer","Infinite Blades+1","Dodge and Roll"],"picked":"SKIP","floor":46.0},{"not_picked":["Noxious Fumes","Distraction"],"picked":"Blur+1","floor":47.0},{"not_picked":["Heel Hook+1","Prepared"],"picked":"Storm of Steel","floor":54.0}],"player_experience":1746452,"relics_obtained":[{"floor":8.0,"key":"Bottled Lightning"},{"floor":9.0,"key":"Ancient Tea Set"},{"floor":13.0,"key":"Bag of Preparation"},{"floor":20.0,"key":"Red Mask"},{"floor":24.0,"key":"Dead Branch"},{"floor":29.0,"key":"Incense Burner"},{"floor":41.0,"key":"Anchor"},{"floor":44.0,"key":"Pen Nib"},{"floor":46.0,"key":"Bag of Marbles"},{"floor":54.0,"key":"Vajra"}],"event_choices":[{"damage_healed":0.0,"max_hp_gain":0.0,"max_hp_loss":0.0,"gold_gain":0.0,"event_name":"Match and Keep!","player_choice":"1 cards matched","floor":2.0,"gold_loss":0.0,"damage_taken":0.0,"cards_obtained":["Corpse Explosion"]},{"damage_healed":0.0,"max_hp_gain":5.0,"max_hp_loss":0.0,"gold_gain":0.0,"event_name":"Big Fish","player_choice":"Donut","floor":14.0,"gold_loss":0.0,"damage_taken":0.0},{"damage_healed":0.0,"max_hp_gain":0.0,"max_hp_loss":0.0,"gold_gain":0.0,"event_name":"Masked Bandits","player_choice":"Fought Bandits","floor":20.0,"gold_loss":0.0,"damage_taken":0.0},{"damage_healed":0.0,"max_hp_gain":0.0,"max_hp_loss":0.0,"gold_gain":0.0,"event_name":"Vampires","player_choice":"Ignored","floor":21.0,"gold_loss":0.0,"damage_taken":0.0},{"cards_removed":["Parasite"],"damage_healed":0.0,"max_hp_gain":0.0,"max_hp_loss":0.0,"gold_gain":0.0,"event_name":"Bonfire Elementals","player_choice":"Offered Curse","floor":27.0,"gold_loss":0.0,"damage_taken":0.0,"relics_obtained":["Spirit Poop"]},{"damage_healed":0.0,"max_hp_gain":0.0,"max_hp_loss":0.0,"gold_gain":0.0,"cards_transformed":["Strike_G","Strike_G"],"event_name":"Drug Dealer","player_choice":"Became Test Subject","floor":30.0,"gold_loss":0.0,"damage_taken":0.0,"cards_obtained":["Glass Knife","Leg Sweep"]},{"damage_healed":0.0,"max_hp_gain":0.0,"max_hp_loss":0.0,"gold_gain":0.0,"event_name":"Duplicator","player_choice":"Copied","floor":39.0,"gold_loss":0.0,"damage_taken":0.0,"cards_obtained":["Leg Sweep"]}],"is_beta":false,"boss_relics":[{"not_picked":["WristBlade","Coffee Dripper"],"picked":"Snecko Eye"},{"not_picked":["HoveringKite","Runic Pyramid"],"picked":"Lizard Tail"}],"items_purged_floors":[19,36,48],"is_endless":false,"potions_floor_spawned":[3,7,10,13,18,20,22,44,54],"ascension_level":15}