{"gold_per_floor":[111,111,127,127,141,141,75,100,100,17,33,33,68,83,83,159,159,179,193,193,118,118,118,144,19,19,19,38,38,54,84,84,155,155,167,85,97,144,159,159,194,194,244,276,276,276,293,312,312,312],"floor_reached":51,"playtime":2724,"items_purged":["Decay"],"score":1324,"play_id":"b5a61022-3a25-414f-a2a8-eac482c836e2","local_time":"20190202125826","is_ascension_mode":true,"campfire_choices":[{"data":"Zap","floor":6.0,"key":"SMITH"},{"data":"Genetic Algorithm","floor":12.0,"key":"SMITH"},{"data":"Double Energy","floor":15.0,"key":"SMITH"},{"data":"Go for the Eyes","floor":23,"key":"SMITH"},{"data":"Fission","floor":27,"key":"SMITH"},{"floor":32,"key":"REST"},{"data":"Recycle","floor":40,"key":"SMITH"},{"data":"Hologram","floor":42,"key":"SMITH"},{"data":"Defragment","floor":49,"key":"SMITH"}],"neow_cost":"NONE","seed_source_timestamp":105662998313963,"circlet_count":0,"master_deck":["AscendersBane","Strike_B","Strike_B","Strike_B","Defend_B+1","Defend_B","Defend_B","Defend_B","Zap+1","Dualcast+1","Reinforced Body","Gash","Genetic Algorithm+1","BootSequence","Gash","Self Repair","FTL","All For One","Double Energy+1","Echo Form","Ball Lightning","Go for the Eyes+1","Hologram","Turbo","Seek","Defragment+1","Fission+1","Recycle+1","Loop+1","Creative AI+1","Hologram+1","Cold Snap","Skim","Glacier+1","Undo","Core Surge","Deep Breath","Parasite","White Noise"],"special_seed":0,"relics":["Cracked Core","Art of War","Dead Branch","Anchor","Shuriken","Ginger","Orrery","Frozen Egg 2","Centennial Puzzle","Blood Vial","Inserter","Thread and Needle","Smiling Mask","Lantern","Bottled Tornado"],"potions_floor_usage":[24,31,33,38,44,50,50],"damage_taken":[{"damage":2.0,"enemies":"2 Louse","floor":1.0,"turns":3.0},{"damage":7.0,"enemies":"Jaw Worm","floor":3.0,"turns":4.0},{"damage":0.0,"enemies":"Cultist","floor":5.0,"turns":3.0},{"damage":1.0,"enemies":"Lagavulin","floor":8.0,"turns":9.0},{"damage":9.0,"enemies":"Exordium Wildlife","floor":11.0,"turns":4.0},{"damage":8.0,"enemies":"3 Sentries","floor":13.0,"turns":5.0},{"damage":0.0,"enemies":"2 Fungi Beasts","floor":14.0,"turns":3.0},{"damage":10.0,"enemies":"Slime Boss","floor":16.0,"turns":6.0},{"damage":2,"enemies":"Shell Parasite","floor":18,"turns":5},{"damage":0,"enemies":"Chosen","floor":19,"turns":3},{"damage":28,"enemies":"Slavers","floor":24,"turns":5},{"damage":12,"enemies":"Centurion and Healer","floor":28,"turns":5},{"damage":13,"enemies":"Shelled Parasite and Fungi","floor":30,"turns":3},{"damage":25,"enemies":"Gremlin Leader","floor":31,"turns":5},{"damage":52,"enemies":"Champ","floor":33,"turns":9},{"damage":17,"enemies":"3 Darklings","floor":35,"turns":5},{"damage":9,"enemies":"Orb Walker","floor":37,"turns":3},{"damage":0,"enemies":"2 Orb Walkers","floor":38,"turns":3},{"damage":7,"enemies":"4 Shapes","floor":39,"turns":6},{"damage":22,"enemies":"Nemesis","floor":41,"turns":5},{"damage":0,"enemies":"Giant Head","floor":44,"turns":10},{"damage":3,"enemies":"Transient","floor":47,"turns":5},{"damage":0,"enemies":"Writhing Mass","floor":48,"turns":5},{"damage":43,"enemies":"Time Eater","floor":50,"turns":12}],"seed_played":"3135630876899943187","potions_obtained":[{"floor":1.0,"key":"Explosive Potion"},{"floor":5.0,"key":"EssenceOfSteel"},{"floor":14.0,"key":"Weak Potion"},{"floor":19,"key":"FearPotion"},{"floor":31,"key":"Ancient Potion"},{"floor":33,"key":"PowerPotion"},{"floor":41,"key":"Explosive Potion"},{"floor":47,"key":"Fire Potion"},{"floor":48,"key":"Regen Potion"}],"is_trial":false,"path_per_floor":["M","?","M","?","M","R","?","E","T","$","M","R","E","M","R","B",null,"M","M","?","?","?","R","E","$","T","R","M","$","M","E","R","B",null,"M","$","M","?","M","R","E","R","T","E","?","?","M","M","R","B",null],"character_chosen":"DEFECT","items_purchased":["Gash","Self Repair","PowerPotion","Cold Snap","Skim"],"campfire_rested":1,"item_purchase_floors":[10,10,25,36,36],"current_hp_per_floor":[62,67,60,37,37,37,37,36,36,36,34,34,33,40,40,37,66,71,76,76,76,76,76,55,55,55,55,50,50,51,33,55,12,60,45,45,45,54,56,56,43,43,43,52,52,52,65,72,72,44],"gold":312,"neow_bonus":"RANDOM_COMMON_RELIC","is_prod":false,"is_daily":false,"chose_seed":false,"campfire_upgraded":8,"win_rate":0,"timestamp":1549141106,"path_taken":["M","?","M","?","M","R","?","E","T","$","M","R","E","?","R","BOSS","M","M","?","?","?","R","E","$","T","R","M","?","?","E","R","BOSS","M","?","M","?","M","R","E","R","T","E","?","?","M","M","R","BOSS"],"build_version":"2019-01-23","purchased_purges":1,"victory":true,"max_hp_per_floor":[71,76,76,76,76,76,76,76,76,76,76,76,76,76,76,76,76,76,76,76,76,76,76,76,76,76,76,76,76,76,76,76,76,76,76,76,76,76,76,76,76,76,76,76,72,72,72,72,72,72],"card_choices":[{"not_picked":["Lockon","Barrage"],"picked":"Reinforced Body","floor":1.0},{"not_picked":["Chaos","Streamline"],"picked":"Gash","floor":3.0},{"not_picked":["Sweeping Beam","Multi-Cast"],"picked":"Genetic Algorithm","floor":5.0},{"not_picked":["Barrage","Stack"],"picked":"BootSequence","floor":8.0},{"not_picked":["Lockon","Stack"],"picked":"FTL","floor":11.0},{"not_picked":["Redo","Beam Cell"],"picked":"All For One","floor":13.0},{"not_picked":["Aggregate","Conserve Battery"],"picked":"Double Energy","floor":14.0},{"not_picked":["Amplify","Meteor Strike"],"picked":"Echo Form","floor":16.0},{"not_picked":["Turbo","Reinforced Body"],"picked":"Ball Lightning","floor":17},{"not_picked":["Hologram","Force Field"],"picked":"Go for the Eyes","floor":17},{"not_picked":["Steam","Leap"],"picked":"Hologram","floor":17},{"not_picked":["Barrage","Sunder"],"picked":"Turbo","floor":17},{"not_picked":["Steam","Conserve Battery","Rebound"],"picked":"SKIP","floor":18},{"not_picked":["Turbo","Rebound"],"picked":"Seek","floor":19},{"not_picked":["Ball Lightning","Auto Shields"],"picked":"Fission","floor":24},{"not_picked":["Stack","Hello World+1"],"picked":"Recycle","floor":28},{"not_picked":["Rebound","Fusion","Ball Lightning"],"picked":"SKIP","floor":30},{"not_picked":["Doom and Gloom","Compile Driver"],"picked":"Loop+1","floor":31},{"not_picked":["Reboot","Seek"],"picked":"Creative AI+1","floor":33},{"not_picked":["Turbo","Ball Lightning"],"picked":"Hologram","floor":35},{"not_picked":["Compile Driver","Hologram","Darkness"],"picked":"SKIP","floor":37},{"not_picked":["Hyperbeam","Beam Cell"],"picked":"Glacier+1","floor":39},{"not_picked":["Streamline+1","Rip and Tear"],"picked":"Undo","floor":41},{"not_picked":["Chaos","Rebound"],"picked":"Core Surge","floor":44},{"not_picked":["Enlightenment","Jack Of All Trades"],"picked":"Deep Breath","floor":46},{"not_picked":["Cold Snap","Rebound","Aggregate"],"picked":"SKIP","floor":47},{"not_picked":["Stack","Gash"],"picked":"White Noise","floor":48}],"player_experience":2129221,"relics_obtained":[{"floor":8.0,"key":"Anchor"},{"floor":9.0,"key":"Shuriken"},{"floor":13.0,"key":"Ginger"},{"floor":24,"key":"Frozen Egg 2"},{"floor":26,"key":"Centennial Puzzle"},{"floor":31,"key":"Blood Vial"},{"floor":38,"key":"Thread and Needle"},{"floor":41,"key":"Smiling Mask"},{"floor":43,"key":"Lantern"},{"floor":44,"key":"Bottled Tornado"}],"event_choices":[{"damage_healed":0.0,"max_hp_gain":5.0,"max_hp_loss":0.0,"gold_gain":0.0,"event_name":"Big Fish","player_choice":"Donut","floor":2.0,"gold_loss":0.0,"damage_taken":0.0},{"damage_healed":0.0,"max_hp_gain":0.0,"max_hp_loss":0.0,"gold_gain":0.0,"event_name":"Shining Light","player_choice":"Entered Light","floor":4.0,"gold_loss":0.0,"damage_taken":23.0,"cards_upgraded":["Defend_B","Dualcast"]},{"damage_healed":0.0,"max_hp_gain":0.0,"max_hp_loss":0.0,"gold_gain":0.0,"event_name":"WeMeetAgain","player_choice":"Paid Gold","floor":7.0,"gold_loss":66.0,"damage_taken":0.0,"relics_obtained":["Dead Branch"]},{"damage_healed":0,"gold_gain":0,"player_choice":"Read","damage_taken":0,"max_hp_gain":0,"max_hp_loss":0,"event_name":"The Library","floor":20,"gold_loss":0,"cards_obtained":["Defragment"]},{"cards_removed":["Strike_B"],"damage_healed":0,"gold_gain":0,"player_choice":"Gave Gold","damage_taken":0,"max_hp_gain":0,"max_hp_loss":0,"event_name":"Beggar","floor":21,"gold_loss":75},{"damage_healed":0,"gold_gain":0,"player_choice":"Smashed Altar","damage_taken":0,"max_hp_gain":0,"max_hp_loss":0,"event_name":"Forgotten Altar","floor":22,"gold_loss":0,"cards_obtained":["Decay"]},{"damage_healed":0,"gold_gain":0,"player_choice":"Fight","damage_taken":0,"max_hp_gain":0,"max_hp_loss":0,"event_name":"Mysterious Sphere","floor":38,"gold_loss":0},{"damage_healed":0,"gold_gain":0,"player_choice":"Max HP","damage_taken":0,"max_hp_gain":0,"max_hp_loss":4,"event_name":"Winding Halls","floor":45,"gold_loss":0},{"damage_healed":0,"gold_gain":0,"player_choice":"Memory 1","damage_taken":0,"max_hp_gain":0,"max_hp_loss":0,"event_name":"SensoryStone","floor":46,"gold_loss":0}],"is_beta":false,"boss_relics":[{"not_picked":["Astrolabe","White Beast Statue"],"picked":"Orrery"},{"not_picked":["Snecko Eye","Coffee Dripper"],"picked":"Inserter"}],"items_purged_floors":[25],"is_endless":false,"potions_floor_spawned":[1,5,14,19,30,31,33,37,41,47,48],"ascension_level":15}