{"gold_per_floor":[118,118,150,162,189,201,247,259,342,354,366,413,440,492,504,614,626,659,671,709,47,322,356,13,44,44,78,78,97,120,133,133,229,229,242,242,257,157,173,206,230,273,273,273,273,293,337,337,337,337,337,337,337,128,163,163],"floor_reached":57,"playtime":4351,"items_purged":["Strike_B","Regret","Strike_B"],"score":3507,"play_id":"84af284f-85e4-452c-99df-fc24f45d7fc1","local_time":"20190319004947","is_ascension_mode":true,"campfire_choices":[{"data":"Zap","floor":6.0,"key":"SMITH"},{"data":"Coolheaded","floor":8.0,"key":"SMITH"},{"data":"Beam Cell","floor":11.0,"key":"SMITH"},{"data":"Barrage","floor":15.0,"key":"SMITH"},{"data":"Heatsinks","floor":28.0,"key":"SMITH"},{"data":"Biased Cognition","floor":32.0,"key":"SMITH"},{"floor":49.0,"key":"RECALL"},{"data":"Dualcast","floor":53.0,"key":"SMITH"}],"neow_cost":"TEN_PERCENT_HP_LOSS","seed_source_timestamp":49439682875500,"circlet_count":0,"master_deck":["AscendersBane","Defend_B","Defend_B","Defend_B","Defend_B","Zap+1","Dualcast+1","Coolheaded+1","Ball Lightning","Beam Cell+1","Barrage+1","Fusion+1","Biased Cognition+1","Turbo+1","Skim+1","Coolheaded+1","Glacier+1","Redo+1","Heatsinks+1","Core Surge","Self Repair","Aggregate+1","Hologram+1","Seek+1","All For One","Capacitor+1","Recycle+1","Capacitor+1","Fission+1","Coolheaded+1","Discovery+1","Apotheosis+1","Coolheaded+1","Glacier+1","White Noise+1","Heatsinks+1","Echo Form+1"],"special_seed":0,"relics":["Cracked Core","Torii","MawBank","Potion Belt","Pear","Golden Idol","FossilizedHelix","Toxic Egg 2","Orrery","Oddly Smooth Stone","PreservedInsect","Cauldron","Orichalcum","Ice Cream","Centennial Puzzle","Bird Faced Urn","Regal Pillow","Runic Dome","Strawberry","Anchor","Du-Vu Doll","Frozen Egg 2","Symbiotic Virus"],"potions_floor_usage":[56,56,56,56],"damage_taken":[{"damage":1.0,"enemies":"2 Louse","floor":1.0,"turns":3.0},{"damage":1.0,"enemies":"Small Slimes","floor":3.0,"turns":3.0},{"damage":0.0,"enemies":"Jaw Worm","floor":5.0,"turns":4.0},{"damage":9.0,"enemies":"Lagavulin","floor":7.0,"turns":6.0},{"damage":27.0,"enemies":"Gremlin Nob","floor":12.0,"turns":4.0},{"damage":0.0,"enemies":"Exordium Thugs","floor":13.0,"turns":4.0},{"damage":12.0,"enemies":"3 Sentries","floor":14.0,"turns":7.0},{"damage":1.0,"enemies":"Slime Boss","floor":16.0,"turns":7.0},{"damage":0.0,"enemies":"Spheric Guardian","floor":18.0,"turns":6.0},{"damage":15.0,"enemies":"Slavers","floor":23.0,"turns":6.0},{"damage":0.0,"enemies":"Book of Stabbing","floor":25.0,"turns":4.0},{"damage":0.0,"enemies":"Gremlin Leader","floor":27.0,"turns":5.0},{"damage":8.0,"enemies":"Shell Parasite","floor":29.0,"turns":3.0},{"damage":13.0,"enemies":"Chosen and Byrds","floor":30.0,"turns":7.0},{"damage":0.0,"enemies":"Snake Plant","floor":31.0,"turns":4.0},{"damage":0.0,"enemies":"Automaton","floor":33.0,"turns":6.0},{"damage":0.0,"enemies":"3 Shapes","floor":35.0,"turns":3.0},{"damage":0.0,"enemies":"Orb Walker","floor":37.0,"turns":3.0},{"damage":0.0,"enemies":"Transient","floor":39.0,"turns":6.0},{"damage":0.0,"enemies":"Nemesis","floor":40.0,"turns":3.0},{"damage":0.0,"enemies":"3 Darklings","floor":41.0,"turns":4.0},{"damage":0.0,"enemies":"Reptomancer","floor":42.0,"turns":4.0},{"damage":0.0,"enemies":"Spire Growth","floor":46.0,"turns":4.0},{"damage":0.0,"enemies":"Giant Head","floor":47.0,"turns":1.0},{"damage":0.0,"enemies":"Donu and Deca","floor":50.0,"turns":7.0},{"damage":0.0,"enemies":"Awakened One","floor":51.0,"turns":11.0},{"damage":40,"enemies":"Shield and Spear","floor":55,"turns":7},{"damage":0,"enemies":"The Heart","floor":56,"turns":8}],"seed_played":"-5528584754762522806","potions_obtained":[{"floor":13.0,"key":"PowerPotion"},{"floor":14.0,"key":"PowerPotion"},{"floor":16.0,"key":"Fruit Juice"},{"floor":21.0,"key":"FocusPotion"},{"floor":21.0,"key":"Dexterity Potion"},{"floor":21.0,"key":"GamblersBrew"},{"floor":21.0,"key":"Ancient Potion"},{"floor":25.0,"key":"Poison Potion"},{"floor":30.0,"key":"Fire Potion"},{"floor":31.0,"key":"Energy Potion"},{"floor":33.0,"key":"Block Potion"},{"floor":37.0,"key":"FocusPotion"}],"is_trial":false,"path_per_floor":["M","?","M","?","M","R","E","R","T","?","R","E","M","E","R","B",null,"M","?","T","$","?","E","$","E","T","E","R","M","M","M","R","B",null,"M","?","M","$","M","E","M","E","T","?","?","M","E","T","R","B","B",null,"R","$","E","B",null],"character_chosen":"DEFECT","items_purchased":["PreservedInsect","Self Repair","Cauldron","Aggregate+1","Hologram+1","Ice Cream","FocusPotion"],"campfire_rested":0,"item_purchase_floors":[21,21,21,21,21,24,54],"current_hp_per_floor":[63,58,57,50,50,50,41,41,51,51,51,24,24,12,12,16,58,58,58,58,58,58,50,50,50,50,63,63,70,66,72,72,72,72,72,62,72,72,72,79,79,79,79,79,79,79,79,79,79,79,79,79,79,79,69,79],"gold":163,"neow_bonus":"ONE_RARE_RELIC","is_prod":false,"is_daily":false,"chose_seed":false,"campfire_upgraded":7,"win_rate":0,"timestamp":1552927787,"path_taken":["M","?","M","?","M","R","E","R","T","?","R","E","M","E","R","BOSS","M","?","?","$","?","E","$","E","T","E","R","M","?","?","R","BOSS","M","?","M","$","M","E","M","E","T","?","?","?","E","?","R","BOSS","BOSS","R","$","E","BOSS"],"build_version":"2019-01-23","purchased_purges":3,"victory":true,"max_hp_per_floor":[64,64,64,64,64,64,64,64,74,67,67,67,67,67,67,72,72,72,72,72,72,72,72,72,72,72,72,72,72,72,72,72,72,72,72,72,72,72,72,79,79,79,79,79,79,79,79,79,79,79,79,79,79,79,79,79],"card_choices":[{"not_picked":["Rebound","Hologram","Sweeping Beam"],"picked":"SKIP","floor":1.0},{"not_picked":["Aggregate","Redo"],"picked":"Coolheaded","floor":3.0},{"not_picked":["Undo","Heatsinks"],"picked":"Ball Lightning","floor":5.0},{"not_picked":["Hyperbeam","Gash"],"picked":"Beam Cell","floor":7.0},{"not_picked":["Leap","BootSequence"],"picked":"Barrage","floor":12.0},{"not_picked":["Gash","Streamline","Cold Snap"],"picked":"SKIP","floor":13.0},{"not_picked":["Gash","Streamline","Cold Snap"],"picked":"SKIP","floor":13.0},{"not_picked":["Gash","Streamline","Cold Snap"],"picked":"SKIP","floor":13.0},{"not_picked":["Scrape","Ball Lightning"],"picked":"Fusion","floor":14.0},{"not_picked":["Fission+1","Buffer"],"picked":"Biased Cognition","floor":16.0},{"not_picked":["Streamline","Conserve Battery+1"],"picked":"Turbo+1","floor":17.0},{"not_picked":["Reboot+1","Stack+1"],"picked":"Skim+1","floor":17.0},{"not_picked":["Turbo+1","Hologram+1"],"picked":"Coolheaded+1","floor":17.0},{"not_picked":["Consume+1","Rebound"],"picked":"Glacier+1","floor":17.0},{"not_picked":["Leap+1","Go for the Eyes"],"picked":"Redo+1","floor":17.0},{"not_picked":["Tempest+1","Beam Cell"],"picked":"Heatsinks","floor":18.0},{"not_picked":["Barrage","Blizzard"],"picked":"Seek+1","floor":23.0},{"not_picked":["Conserve Battery+1","Machine Learning"],"picked":"All For One","floor":25.0},{"not_picked":["Seek+1","Steam+1"],"picked":"Capacitor","floor":27.0},{"not_picked":["Blizzard","Auto Shields+1"],"picked":"Recycle+1","floor":29.0},{"not_picked":["Fusion+1","Turbo+1","Steam Power+1"],"picked":"SKIP","floor":30.0},{"not_picked":["Coolheaded+1","Hologram+1"],"picked":"Capacitor+1","floor":31.0},{"not_picked":["Hyperbeam","All For One"],"picked":"Fission+1","floor":33.0},{"not_picked":["Redo+1","Sweeping Beam"],"picked":"Coolheaded+1","floor":35.0},{"not_picked":["Madness+1","Deep Breath+1"],"picked":"Discovery+1","floor":36.0},{"not_picked":["Purity+1","Mind Blast"],"picked":"Apotheosis+1","floor":36.0},{"not_picked":["Stack+1","Heatsinks"],"picked":"Coolheaded+1","floor":37.0},{"not_picked":["Coolheaded+1","Doom and Gloom"],"picked":"Glacier+1","floor":39.0},{"not_picked":["Barrage+1","Rebound+1","Aggregate+1"],"picked":"SKIP","floor":40.0},{"not_picked":["Go for the Eyes","Rainbow+1","Compile Driver"],"picked":"SKIP","floor":41.0},{"not_picked":["FTL","Hyperbeam","Ball Lightning"],"picked":"SKIP","floor":42.0},{"not_picked":["FTL","Hyperbeam","Ball Lightning"],"picked":"SKIP","floor":42.0},{"not_picked":["Compile Driver","Steam+1"],"picked":"White Noise+1","floor":46.0},{"not_picked":["Leap+1","Beam Cell"],"picked":"Heatsinks+1","floor":47.0},{"not_picked":["Beam Cell","Coolheaded+1"],"picked":"Echo Form+1","floor":55}],"player_experience":2860776,"relics_obtained":[{"floor":7.0,"key":"Potion Belt"},{"floor":9.0,"key":"Pear"},{"floor":12.0,"key":"FossilizedHelix"},{"floor":14.0,"key":"Toxic Egg 2"},{"floor":20.0,"key":"Oddly Smooth Stone"},{"floor":23.0,"key":"Orichalcum"},{"floor":25.0,"key":"Centennial Puzzle"},{"floor":26.0,"key":"Bird Faced Urn"},{"floor":27.0,"key":"Regal Pillow"},{"floor":40.0,"key":"Strawberry"},{"floor":42.0,"key":"Anchor"},{"floor":47.0,"key":"Du-Vu Doll"},{"floor":48.0,"key":"Frozen Egg 2"},{"floor":55,"key":"Symbiotic Virus"}],"event_choices":[{"damage_healed":0.0,"max_hp_gain":0.0,"max_hp_loss":0.0,"gold_gain":0.0,"event_name":"Scrap Ooze","player_choice":"Success","floor":2.0,"gold_loss":0.0,"damage_taken":5.0,"relics_obtained":["MawBank"]},{"cards_removed":["Strike_B"],"damage_healed":0.0,"max_hp_gain":0.0,"max_hp_loss":0.0,"gold_gain":0.0,"event_name":"Golden Wing","player_choice":"Card Removal","floor":4.0,"gold_loss":0.0,"damage_taken":7.0},{"damage_healed":0.0,"max_hp_gain":0.0,"max_hp_loss":7.0,"gold_gain":0.0,"event_name":"Golden Idol","player_choice":"Lose Max HP","floor":10.0,"gold_loss":0.0,"damage_taken":0.0,"relics_obtained":["Golden Idol"]},{"damage_healed":0.0,"max_hp_gain":0.0,"max_hp_loss":0.0,"gold_gain":0.0,"event_name":"The Library","player_choice":"Read","floor":19.0,"gold_loss":0.0,"damage_taken":0.0,"cards_obtained":["Core Surge"]},{"damage_healed":0.0,"max_hp_gain":0.0,"max_hp_loss":0.0,"gold_gain":275.0,"event_name":"Golden Shrine","player_choice":"Desecrate","floor":22.0,"gold_loss":0.0,"damage_taken":0.0,"cards_obtained":["Regret"]},{"damage_healed":0.0,"max_hp_gain":0.0,"max_hp_loss":0.0,"gold_gain":0.0,"event_name":"SensoryStone","player_choice":"Memory 3","floor":36.0,"gold_loss":0.0,"damage_taken":10.0},{"cards_removed":["Strike_B"],"damage_healed":0.0,"max_hp_gain":0.0,"max_hp_loss":0.0,"gold_gain":0.0,"event_name":"Falling","player_choice":"Removed Attack","floor":44.0,"gold_loss":0.0,"damage_taken":0.0},{"damage_healed":0.0,"max_hp_gain":0.0,"max_hp_loss":0.0,"gold_gain":0.0,"event_name":"Accursed Blacksmith","player_choice":"Forge","floor":45.0,"gold_loss":0.0,"damage_taken":0.0,"cards_upgraded":["Capacitor"]}],"is_beta":false,"boss_relics":[{"not_picked":["Velvet Choker","Cursed Key"],"picked":"Orrery"},{"not_picked":["FrozenCore","Inserter"],"picked":"Runic Dome"}],"items_purged_floors":[21,38,54],"is_endless":false,"potions_floor_spawned":[13,14,16,25,30,31,33,37,42,47,55],"ascension_level":20}