{"gold_per_floor":[213,225,225,237,255,283,283,316,340,340,355,8,28,55,55,126,126,110,60,70,70,80,106,116,116,116,116,148,148,168,193,193,265,265,283,183,195,208,253,284,298,298,298,298,331,346,381,8,8,8],"floor_reached":51,"playtime":2305,"items_purged":["Strike_R","Decay","Bash"],"score":1505,"play_id":"c2781867-df96-4fca-8c09-0c80abd1dca4","local_time":"20190221211651","is_ascension_mode":true,"campfire_choices":[{"data":"Uppercut","floor":7,"key":"SMITH"},{"data":"Uppercut","floor":10,"key":"SMITH"},{"data":"Anger","floor":15,"key":"SMITH"},{"data":"Corruption","floor":25,"key":"SMITH"},{"data":"Feel No Pain","floor":27,"key":"SMITH"},{"data":"Pommel Strike","floor":29,"key":"SMITH"},{"data":"Sword Boomerang","floor":32,"key":"SMITH"},{"data":"Dark Embrace","floor":42,"key":"SMITH"},{"data":"Feel No Pain","floor":49,"key":"SMITH"}],"neow_cost":"NONE","seed_source_timestamp":44806367924806,"circlet_count":0,"master_deck":["AscendersBane","Defend_R+1","Defend_R","Defend_R","Defend_R+1","Anger+1","Cleave","Uppercut+1","Uppercut+1","Sword Boomerang+1","Flame Barrier+1","Pommel Strike+1","Feel No Pain+1","Reaper","Corruption+1","Shrug It Off+1","True Grit+1","Second Wind+1","Shrug It Off+1","Spot Weakness+1","Headbutt","Inflame+1","Dark Embrace+1","Warcry+1","Sever Soul+1","Offering+1","Shrug It Off+1","Limit Break+1","Shrug It Off+1","Pummel","Whirlwind","Finesse+1","Feel No Pain+1"],"special_seed":0,"relics":["Burning Blood","Vajra","Oddly Smooth Stone","Boot","Toxic Egg 2","Strawberry","Cursed Key","War Paint","StoneCalendar","Turnip","Pantograph","Astrolabe","Thread and Needle","Smiling Mask","Letter Opener","Ginger","Anchor"],"potions_floor_usage":[6,8,18,23,23,31,38,39,41,46,50,50],"damage_taken":[{"damage":7.0,"enemies":"Jaw Worm","floor":1.0,"turns":3.0},{"damage":1.0,"enemies":"Cultist","floor":2.0,"turns":4.0},{"damage":5.0,"enemies":"2 Louse","floor":4.0,"turns":4.0},{"damage":9,"enemies":"Red Slaver","floor":5,"turns":4},{"damage":6,"enemies":"Gremlin Nob","floor":6,"turns":3},{"damage":15,"enemies":"Lagavulin","floor":8,"turns":6},{"damage":8,"enemies":"3 Louse","floor":11,"turns":3},{"damage":3,"enemies":"Blue Slaver","floor":13,"turns":3},{"damage":12,"enemies":"Gremlin Nob","floor":14,"turns":3},{"damage":30,"enemies":"The Guardian","floor":16,"turns":10},{"damage":27,"enemies":"2 Thieves","floor":18,"turns":4},{"damage":0,"enemies":"Spheric Guardian","floor":20,"turns":3},{"damage":10,"enemies":"Centurion and Healer","floor":22,"turns":7},{"damage":17,"enemies":"Book of Stabbing","floor":23,"turns":7},{"damage":7,"enemies":"Snecko","floor":24,"turns":5},{"damage":15,"enemies":"Slavers","floor":28,"turns":5},{"damage":12,"enemies":"Cultist and Chosen","floor":30,"turns":7},{"damage":26,"enemies":"Gremlin Leader","floor":31,"turns":7},{"damage":88,"enemies":"Collector","floor":33,"turns":9},{"damage":13,"enemies":"3 Darklings","floor":35,"turns":6},{"damage":6,"enemies":"Orb Walker","floor":37,"turns":2},{"damage":46,"enemies":"Jaw Worm Horde","floor":38,"turns":4},{"damage":25,"enemies":"2 Orb Walkers","floor":39,"turns":5},{"damage":44,"enemies":"Reptomancer","floor":40,"turns":7},{"damage":26,"enemies":"Spire Growth","floor":41,"turns":5},{"damage":8,"enemies":"Nemesis","floor":45,"turns":7},{"damage":13,"enemies":"4 Shapes","floor":46,"turns":5},{"damage":8,"enemies":"Giant Head","floor":47,"turns":6},{"damage":6,"enemies":"Donu and Deca","floor":50,"turns":6}],"seed_played":"8007616256699620442","potions_obtained":[{"floor":5,"key":"Explosive Potion"},{"floor":6,"key":"PowerPotion"},{"floor":13,"key":"EssenceOfSteel"},{"floor":14,"key":"FairyPotion"},{"floor":16,"key":"Fruit Juice"},{"floor":18,"key":"Energy Potion"},{"floor":28,"key":"Dexterity Potion"},{"floor":30,"key":"Explosive Potion"},{"floor":35,"key":"AttackPotion"},{"floor":38,"key":"Weak Potion"},{"floor":40,"key":"AttackPotion"},{"floor":41,"key":"AttackPotion"},{"floor":47,"key":"SkillPotion"}],"is_trial":false,"path_per_floor":["M","M","?","M","M","E","R","E","T","R","M","$","M","E","R","B",null,"M","$","M","?","M","E","M","R","T","R","E","R","M","E","R","B",null,"M","$","M","M","?","E","M","R","T","?","E","M","E","$","R","B",null],"character_chosen":"IRONCLAD","items_purchased":["Toxic Egg 2","Flame Barrier+1","Shrug It Off+1","Anchor","Finesse+1","Feel No Pain"],"campfire_rested":0,"item_purchase_floors":[12,12,19,48,48,48],"current_hp_per_floor":[67,72,72,73,70,70,70,61,61,61,59,59,62,63,63,39,71,67,67,73,73,83,79,86,86,86,86,87,87,81,73,73,24,71,87,87,87,65,68,70,74,74,74,74,81,87,85,85,85,87],"gold":8,"neow_bonus":"HUNDRED_GOLD","is_prod":false,"is_daily":false,"chose_seed":false,"campfire_upgraded":9,"win_rate":0,"timestamp":1550812611,"path_taken":["M","M","?","M","M","E","R","E","T","R","?","$","M","E","R","BOSS","M","$","M","?","M","E","M","R","T","R","E","R","?","E","R","BOSS","M","$","M","M","?","E","M","R","T","?","E","M","E","$","R","BOSS"],"build_version":"2019-01-23","purchased_purges":3,"victory":true,"max_hp_per_floor":[75,75,75,75,75,75,75,75,75,75,75,75,75,82,82,82,82,87,87,87,87,87,87,87,87,87,87,87,87,87,87,87,87,87,87,87,87,87,87,87,87,87,87,87,87,87,87,87,87,87],"card_choices":[{"not_picked":["Iron Wave","Power Through"],"picked":"Anger","floor":1.0},{"not_picked":["Perfected Strike","Warcry"],"picked":"Cleave","floor":2.0},{"not_picked":["Anger","Pommel Strike"],"picked":"Uppercut","floor":4.0},{"not_picked":["Cleave","Wild Strike"],"picked":"Uppercut","floor":5},{"not_picked":["Berserk","Heavy Blade","Searing Blow"],"picked":"SKIP","floor":6},{"not_picked":["Clash","Second Wind","Rupture"],"picked":"SKIP","floor":8},{"not_picked":["Clash","Rage"],"picked":"Sword Boomerang","floor":11},{"not_picked":["Power Through+1","Feed"],"picked":"Pommel Strike","floor":13},{"not_picked":["Reaper","Clash"],"picked":"Feel No Pain","floor":14},{"not_picked":["Dark Embrace","Berserk"],"picked":"Reaper","floor":16},{"not_picked":["Sword Boomerang","Havoc+1"],"picked":"Corruption","floor":18},{"not_picked":["Corruption","Sword Boomerang"],"picked":"True Grit+1","floor":20},{"not_picked":["Clash","Warcry+1"],"picked":"Shrug It Off+1","floor":22},{"not_picked":["Havoc+1","Dark Embrace"],"picked":"Spot Weakness+1","floor":23},{"not_picked":["Intimidate+1","Dropkick"],"picked":"Headbutt","floor":24},{"not_picked":["Bloodletting+1","Rupture","Infernal Blade+1"],"picked":"SKIP","floor":28},{"not_picked":["Bloodletting+1","Rupture","Infernal Blade+1"],"picked":"SKIP","floor":28},{"not_picked":["Bloodletting+1","Rupture","Infernal Blade+1"],"picked":"SKIP","floor":28},{"not_picked":["Rupture","Sword Boomerang","Rage+1"],"picked":"SKIP","floor":30},{"not_picked":["Sever Soul","Clothesline"],"picked":"Inflame+1","floor":31},{"not_picked":["Demon Form","Immolate"],"picked":"Dark Embrace","floor":33},{"not_picked":["Cleave","Inflame+1","Clash"],"picked":"SKIP","floor":35},{"not_picked":["Cleave","Sword Boomerang+1"],"picked":"Shrug It Off+1","floor":37},{"not_picked":["Thunderclap","Rupture","Clothesline+1"],"picked":"SKIP","floor":38},{"not_picked":["Pummel+1","Cleave"],"picked":"Limit Break+1","floor":39},{"not_picked":["Seeing Red+1","Sever Soul","Sword Boomerang"],"picked":"SKIP","floor":40},{"not_picked":["Headbutt+1","Intimidate+1","Rage+1"],"picked":"SKIP","floor":41},{"not_picked":["Pommel Strike","Anger"],"picked":"Shrug It Off+1","floor":45},{"not_picked":["Rage+1","Cleave+1"],"picked":"Pummel","floor":46},{"not_picked":["Twin Strike","Seeing Red+1"],"picked":"Whirlwind","floor":47}],"player_experience":2240682,"relics_obtained":[{"floor":6,"key":"Vajra"},{"floor":8,"key":"Oddly Smooth Stone"},{"floor":9,"key":"Boot"},{"floor":14,"key":"Strawberry"},{"floor":23,"key":"War Paint"},{"floor":26,"key":"StoneCalendar"},{"floor":28,"key":"Turnip"},{"floor":31,"key":"Pantograph"},{"floor":39,"key":"Thread and Needle"},{"floor":40,"key":"Smiling Mask"},{"floor":45,"key":"Letter Opener"},{"floor":47,"key":"Ginger"}],"event_choices":[{"cards_removed":["Strike_R"],"damage_healed":0.0,"max_hp_gain":0.0,"max_hp_loss":0.0,"gold_gain":0.0,"event_name":"Purifier","player_choice":"Purged","floor":3.0,"gold_loss":0.0,"damage_taken":0.0},{"damage_healed":0,"gold_gain":0,"player_choice":"1 cards matched","damage_taken":0,"max_hp_gain":0,"max_hp_loss":0,"event_name":"Match and Keep!","floor":21,"gold_loss":0,"cards_obtained":["Second Wind"]},{"damage_healed":0,"gold_gain":0,"player_choice":"Fight","damage_taken":0,"max_hp_gain":0,"max_hp_loss":0,"event_name":"Mysterious Sphere","floor":39,"gold_loss":0},{"damage_healed":0,"gold_gain":0,"player_choice":"Ignored","damage_taken":0,"max_hp_gain":0,"max_hp_loss":0,"event_name":"Tomb of Lord Red Mask","floor":44,"gold_loss":0}],"is_beta":false,"boss_relics":[{"not_picked":["Lizard Tail","Eternal Feather"],"picked":"Cursed Key"},{"not_picked":["Runic Cube","Fusion Hammer"],"picked":"Astrolabe"}],"items_purged_floors":[12,36,48],"is_endless":false,"potions_floor_spawned":[5,6,13,14,16,18,22,28,30,35,38,40,41,47],"ascension_level":15}