{"gold_per_floor":[113,83,100,112,132,132,57,57,57,77,102,102,137,150,150,224,224,243,243,275,287,297,297,297],"floor_reached":24,"playtime":1606,"items_purged":["Strike_G"],"score":364,"play_id":"21351f87-c3cb-436f-b4ba-a3caff6f9bcc","local_time":"20180803160318","is_ascension_mode":true,"campfire_choices":[{"data":"Terror","floor":6.0,"key":"SMITH"},{"data":"Cloak And Dagger","floor":12.0,"key":"SMITH"},{"data":"Noxious Fumes","floor":15.0,"key":"SMITH"},{"floor":23,"key":"REST"}],"neow_cost":"NONE","seed_source_timestamp":27608210403418,"circlet_count":0,"master_deck":["Defend_G","Defend_G","Defend_G","Defend_G","Defend_G","Strike_G","Strike_G","Strike_G","Survivor","Neutralize","AscendersBane","Riddle With Holes","Sucker Punch","Dagger Spray","Terror+1","Slice","Cloak And Dagger+1","Noxious Fumes+1","Cloak And Dagger","A Thousand Cuts","Footwork","Well Laid Plans"],"special_seed":0,"relics":["Ring of the Snake","Letter Opener","Mummified Hand","Happy Flower","Sozu","CultistMask","Red Mask"],"potions_floor_usage":[],"damage_taken":[{"damage":5.0,"enemies":"Cultist","floor":1.0,"turns":4.0},{"damage":0.0,"enemies":"2 Louse","floor":3.0,"turns":2.0},{"damage":0.0,"enemies":"Jaw Worm","floor":4.0,"turns":5.0},{"damage":9.0,"enemies":"3 Louse","floor":5.0,"turns":3.0},{"damage":0.0,"enemies":"Looter","floor":10.0,"turns":4.0},{"damage":5.0,"enemies":"Gremlin Nob","floor":11.0,"turns":3.0},{"damage":19.0,"enemies":"3 Sentries","floor":13.0,"turns":6.0},{"damage":4.0,"enemies":"Blue Slaver","floor":14.0,"turns":3.0},{"damage":24.0,"enemies":"The Guardian","floor":16.0,"turns":11.0},{"damage":2.0,"enemies":"Chosen","floor":18.0,"turns":5.0},{"damage":23,"floor":20,"turns":5},{"damage":2,"enemies":"3 Byrds","floor":21,"turns":4},{"damage":16,"enemies":"Snecko","floor":22,"turns":5},{"damage":31,"enemies":"Book of Stabbing","floor":24,"turns":5}],"seed_played":"474469507919009984","potions_obtained":[{"floor":2.0,"key":"Weak Potion"},{"floor":2.0,"key":"FairyPotion"},{"floor":3.0,"key":"AttackPotion"},{"floor":5.0,"key":"Strength Potion"},{"floor":13.0,"key":"FairyPotion"},{"floor":14.0,"key":"Swift Potion"}],"is_trial":false,"path_per_floor":["M","?","M","M","M","R","$","?","T","M","E","R","E","M","R","B",null,"M","?","?","M","M","R"],"character_chosen":"THE_SILENT","items_purchased":[],"campfire_rested":1,"item_purchase_floors":[],"current_hp_per_floor":[54,54,54,54,45,45,45,45,45,45,40,40,21,17,17,1,50,48,48,25,23,7,26,0],"gold":297,"neow_bonus":"TRANSFORM_CARD","is_prod":false,"is_daily":false,"chose_seed":false,"campfire_upgraded":3,"win_rate":0,"timestamp":1533337398,"path_taken":["M","?","M","?","M","R","$","?","T","M","E","R","E","M","R","BOSS","M","?","?","?","M","R","E"],"build_version":"2018-08-02","purchased_purges":1,"victory":false,"max_hp_per_floor":[66,66,66,66,66,66,66,66,66,66,66,66,66,66,66,66,66,66,66,66,66,66,66,66],"card_choices":[{"not_picked":["PiercingWail","Riddle With Holes"],"picked":"Sucker Punch","floor":1.0},{"not_picked":["Deflect","Terror"],"picked":"Dagger Spray","floor":3.0},{"not_picked":["Blade Dance","Tactician","Finisher"],"picked":"SKIP","floor":4.0},{"not_picked":["Underhanded Strike","Bouncing Flask"],"picked":"Terror","floor":5.0},{"not_picked":["Flying Knee","Bouncing Flask"],"picked":"Slice","floor":10.0},{"not_picked":["PiercingWail","Eviscerate"],"picked":"Cloak And Dagger","floor":11.0},{"not_picked":["Venomology","Poisoned Stab"],"picked":"Noxious Fumes","floor":13.0},{"not_picked":["Finisher","Setup"],"picked":"Cloak And Dagger","floor":14.0},{"not_picked":["Burst","Corpse Explosion"],"picked":"A Thousand Cuts","floor":16.0},{"not_picked":["Deflect+1","Bane"],"picked":"Footwork","floor":18.0},{"not_picked":["Tactician","Accuracy"],"picked":"Well Laid Plans","floor":21},{"not_picked":["PiercingWail","Bane","Masterful Stab"],"picked":"SKIP","floor":22}],"player_experience":992644,"relics_obtained":[{"floor":9.0,"key":"Letter Opener"},{"floor":11.0,"key":"Mummified Hand"},{"floor":13.0,"key":"Happy Flower"},{"floor":20,"key":"Red Mask"}],"event_choices":[{"event_name":"The Woman in Blue","player_choice":"Bought 2 Potions","floor":2.0,"damage_taken":0.0},{"event_name":"Shining Light","player_choice":"Ignored","floor":8.0,"damage_taken":0.0},{"event_name":"FaceTrader","player_choice":"Trade","floor":19.0,"damage_taken":0.0},{"event_name":"Masked Bandits","player_choice":"Fought over 243 gold","floor":20,"damage_taken":0}],"is_beta":false,"boss_relics":[{"not_picked":["Coffee Dripper","Runic Pyramid"],"picked":"Sozu"}],"items_purged_floors":[7],"is_endless":false,"potions_floor_spawned":[3,5,13,14,18,22],"killed_by":"Book of Stabbing","ascension_level":15}