{"gold_per_floor":[114,114,114,129,129,129,161,181,205,205,222,222,222,239,239,316,316,336,251,301,301,63,97,117,130,130,130],"floor_reached":27,"playtime":867,"items_purged":["Strike_G"],"score":562,"play_id":"6f9aec81-c9e7-4f61-a1ab-291743aa2c9e","local_time":"20190507174614","is_ascension_mode":true,"campfire_choices":[{"data":"Neutralize","floor":6.0,"key":"SMITH"},{"data":"Finisher","floor":13.0,"key":"SMITH"},{"data":"Night Terror","floor":15.0,"key":"SMITH"}],"neow_cost":"NONE","seed_source_timestamp":325666541600,"circlet_count":0,"master_deck":["AscendersBane","Defend_G","Defend_G","Defend_G","Defend_G","Defend_G","Strike_G","Strike_G+1","Strike_G+1","Survivor","Neutralize+1","Finisher+1","Terror","Blade Dance+1","Tactician","Night Terror+1","A Thousand Cuts","Infinite Blades","Blade Dance","Parasite"],"special_seed":0,"relics":["Ring of the Snake","NeowsBlessing","Boot","Orichalcum","Cursed Key","Ancient Tea Set","Molten Egg 2"],"potions_floor_usage":[],"damage_taken":[{"damage":0.0,"enemies":"Small Slimes","floor":1.0,"turns":1.0},{"damage":0.0,"enemies":"2 Louse","floor":4.0,"turns":1.0},{"damage":0.0,"enemies":"Gremlin Nob","floor":7.0,"turns":1.0},{"damage":0.0,"enemies":"Cultist","floor":8.0,"turns":3.0},{"damage":0.0,"enemies":"Blue Slaver","floor":11.0,"turns":1.0},{"damage":0.0,"enemies":"Exordium Wildlife","floor":14.0,"turns":2.0},{"damage":22.0,"enemies":"Slime Boss","floor":16.0,"turns":4.0},{"damage":3.0,"enemies":"Chosen","floor":18.0,"turns":3.0},{"damage":0.0,"enemies":"Gremlin Leader","floor":23.0,"turns":3.0},{"damage":24.0,"enemies":"2 Thieves","floor":24.0,"turns":4.0},{"damage":0.0,"enemies":"Cultist and Chosen","floor":25.0,"turns":3.0},{"damage":34,"enemies":"Slavers","floor":27,"turns":3}],"seed_played":"325669395856664983","potions_obtained":[{"floor":11.0,"key":"SteroidPotion"},{"floor":16.0,"key":"PowerPotion"},{"floor":18.0,"key":"Explosive Potion"},{"floor":23.0,"key":"SteroidPotion"}],"is_trial":false,"path_per_floor":["M","?","?","M","?","R","E","M","T","?","M","?","R","M","R","B",null,"M","?","?","?","$","E","M","M","T","E"],"character_chosen":"THE_SILENT","items_purchased":["Infinite Blades","GamblersBrew"],"campfire_rested":0,"item_purchase_floors":[22,22],"current_hp_per_floor":[59,39,39,39,32,32,32,32,32,32,32,54,54,54,54,32,58,55,55,55,55,55,55,31,31,31,0],"gold":130,"neow_bonus":"THREE_ENEMY_KILL","is_prod":false,"is_daily":false,"chose_seed":false,"campfire_upgraded":3,"win_rate":0,"timestamp":1557222374,"path_taken":["M","?","?","M","?","R","E","M","T","?","?","?","R","M","R","BOSS","M","?","?","?","$","E","M","M","T","E"],"build_version":"2019-04-23","purchased_purges":1,"victory":false,"max_hp_per_floor":[66,66,66,66,66,66,66,66,66,66,66,66,66,66,66,66,66,66,66,66,66,66,66,66,66,66,66],"card_choices":[{"not_picked":["Quick Slash","Backflip","Distraction"],"picked":"SKIP","floor":1.0},{"not_picked":["Endless Agony","Concentrate"],"picked":"Finisher","floor":4.0},{"not_picked":["Setup","Slice"],"picked":"Terror","floor":7.0},{"not_picked":["Dagger Spray","Accuracy"],"picked":"Blade Dance","floor":8.0},{"not_picked":["Dagger Throw","Blur"],"picked":"Tactician","floor":11.0},{"not_picked":["Outmaneuver","Dagger Throw"],"picked":"Night Terror","floor":14.0},{"not_picked":["Corpse Explosion","Venomology"],"picked":"A Thousand Cuts","floor":16.0},{"not_picked":["Noxious Fumes+1","Deflect","Concentrate"],"picked":"SKIP","floor":18.0},{"not_picked":["Predator","Noxious Fumes","Sucker Punch"],"picked":"SKIP","floor":23.0},{"not_picked":["Slice+1","Deflect","Flying Knee+1"],"picked":"SKIP","floor":24.0},{"not_picked":["Slice+1","Crippling Poison+1"],"picked":"Blade Dance","floor":25.0}],"player_experience":1424041,"relics_obtained":[{"floor":7.0,"key":"Boot"},{"floor":9.0,"key":"Orichalcum"},{"floor":23.0,"key":"Molten Egg 2"}],"event_choices":[{"damage_healed":0.0,"max_hp_gain":0.0,"max_hp_loss":0.0,"gold_gain":0.0,"event_name":"Shining Light","player_choice":"Entered Light","floor":2.0,"gold_loss":0.0,"damage_taken":20.0,"cards_upgraded":["Strike_G","Strike_G"]},{"damage_healed":0.0,"max_hp_gain":0.0,"max_hp_loss":0.0,"gold_gain":0.0,"event_name":"Liars Game","player_choice":"Ignored","floor":3.0,"gold_loss":0.0,"damage_taken":0.0},{"cards_removed":["Strike_G"],"damage_healed":0.0,"max_hp_gain":0.0,"max_hp_loss":0.0,"gold_gain":0.0,"event_name":"Golden Wing","player_choice":"Card Removal","floor":5.0,"gold_loss":0.0,"damage_taken":7.0},{"damage_healed":0.0,"max_hp_gain":0.0,"max_hp_loss":0.0,"gold_gain":0.0,"event_name":"Accursed Blacksmith","player_choice":"Forge","floor":10.0,"gold_loss":0.0,"damage_taken":0.0,"cards_upgraded":["Blade Dance"]},{"damage_healed":22.0,"max_hp_gain":0.0,"max_hp_loss":0.0,"gold_gain":0.0,"event_name":"Big Fish","player_choice":"Banana","floor":12.0,"gold_loss":0.0,"damage_taken":0.0},{"damage_healed":0.0,"max_hp_gain":0.0,"max_hp_loss":0.0,"gold_gain":0.0,"event_name":"Addict","player_choice":"Obtained Relic","floor":19.0,"gold_loss":85.0,"damage_taken":0.0,"relics_obtained":["Ancient Tea Set"]},{"damage_healed":0.0,"max_hp_gain":0.0,"max_hp_loss":0.0,"gold_gain":50.0,"event_name":"Nest","player_choice":"Stole From Cult","floor":20.0,"gold_loss":0.0,"damage_taken":0.0},{"damage_healed":0.0,"max_hp_gain":0.0,"max_hp_loss":0.0,"gold_gain":0.0,"event_name":"The Mausoleum","player_choice":"Ignored","floor":21.0,"gold_loss":0.0,"damage_taken":0.0}],"is_beta":true,"boss_relics":[{"not_picked":["Tiny House","Velvet Choker"],"picked":"Cursed Key"}],"items_purged_floors":[22],"is_endless":false,"potions_floor_spawned":[11,16,18,23],"killed_by":"Slavers","ascension_level":20}