{"gold_per_floor":[115,39,39,52,3,34,46,77,150,167,167,52,52,66,66,140,140,153,53,53,73,87,87,87,114,114,114,129,7,25,75,75,150,150,166,116,129,79,0,54,54,85,85,85,119,139,153,182,182,182],"floor_reached":51,"playtime":2186,"items_purged":["Pain","Strike_G","Strike_G","Strike_G","Strike_G"],"score":1585,"play_id":"a765b40d-1c52-44d9-9653-e6b411b91e0e","local_time":"20190301132510","is_ascension_mode":true,"campfire_choices":[{"data":"Noxious Fumes","floor":11.0,"key":"SMITH"},{"data":"Bouncing Flask","floor":13.0,"key":"SMITH"},{"data":"Burst","floor":15.0,"key":"SMITH"},{"floor":23.0,"key":"REST"},{"data":"Catalyst","floor":27.0,"key":"SMITH"},{"data":"Well Laid Plans","floor":32,"key":"SMITH"},{"data":"Wraith Form v2","floor":41,"key":"SMITH"},{"data":"Crippling Poison","floor":44,"key":"SMITH"},{"floor":49,"key":"REST"}],"neow_cost":"NONE","seed_source_timestamp":18062918120595,"circlet_count":0,"master_deck":["AscendersBane","Defend_G","Defend_G","Defend_G","Defend_G","Defend_G","Strike_G","Survivor","Neutralize","Bouncing Flask+1","Quick Slash","Crippling Poison+1","Noxious Fumes+1","Backflip","Catalyst+1","Burst+1","After Image","Acrobatics","PiercingWail","PiercingWail","Concentrate+1","Well Laid Plans+1","Wraith Form v2+1","PiercingWail","Sucker Punch+1","Bouncing Flask+1","Backflip+1","PiercingWail+1"],"special_seed":0,"relics":["Ring of the Snake","Centennial Puzzle","WarpedTongs","Gambling Chip","PreservedInsect","Mercury Hourglass","Runic Dome","Smiling Mask","Sozu","Red Mask","Dead Branch","Ornamental Fan","Pocketwatch","Happy Flower","Lantern"],"potions_floor_usage":[50,50],"damage_taken":[{"damage":9.0,"enemies":"Cultist","floor":1.0,"turns":5.0},{"damage":8.0,"enemies":"Small Slimes","floor":4.0,"turns":4.0},{"damage":14.0,"enemies":"Lagavulin","floor":6.0,"turns":6.0},{"damage":4.0,"enemies":"2 Louse","floor":7.0,"turns":3.0},{"damage":2.0,"enemies":"Gremlin Nob","floor":8.0,"turns":4.0},{"damage":1.0,"enemies":"Blue Slaver","floor":10.0,"turns":3.0},{"damage":0.0,"enemies":"Red Slaver","floor":14.0,"turns":4.0},{"damage":0.0,"enemies":"The Guardian","floor":16.0,"turns":4.0},{"damage":13.0,"enemies":"2 Thieves","floor":18.0,"turns":4.0},{"damage":7.0,"enemies":"3 Byrds","floor":21.0,"turns":3.0},{"damage":2.0,"enemies":"Shelled Parasite and Fungi","floor":22.0,"turns":6.0},{"damage":24.0,"enemies":"Slavers","floor":25.0,"turns":5.0},{"damage":0.0,"enemies":"Snake Plant","floor":28.0,"turns":3.0},{"damage":0.0,"enemies":"Snecko","floor":30.0,"turns":1.0},{"damage":5,"enemies":"Champ","floor":33,"turns":5},{"damage":0,"enemies":"3 Shapes","floor":35,"turns":4},{"damage":0,"enemies":"3 Darklings","floor":37,"turns":5},{"damage":1,"enemies":"2 Orb Walkers","floor":40,"turns":6},{"damage":0,"enemies":"Giant Head","floor":42,"turns":3},{"damage":0,"enemies":"Reptomancer","floor":45,"turns":2},{"damage":4,"enemies":"4 Shapes","floor":46,"turns":4},{"damage":2,"enemies":"Sphere and 2 Shapes","floor":47,"turns":3},{"damage":9,"enemies":"Giant Head","floor":48,"turns":3},{"damage":2,"enemies":"Time Eater","floor":50,"turns":6}],"seed_played":"-5933388501506107566","potions_obtained":[{"floor":6.0,"key":"Block Potion"},{"floor":10.0,"key":"Dexterity Potion"},{"floor":16.0,"key":"GhostInAJar"},{"floor":28.0,"key":"LiquidBronze"},{"floor":30.0,"key":"Swift Potion"}],"is_trial":false,"path_per_floor":["M","$","?","M","$","E","M","E","T","M","R","$","R","M","R","B",null,"M","$","?","M","M","R","?","E","T","R","M","$","M","?","R","B",null,"M","$","M","$","?","?","R","E","T","R","E","M","M","E","R","B",null],"character_chosen":"THE_SILENT","items_purchased":["Regen Potion","Explosive Potion","Catalyst","Well Laid Plans"],"campfire_rested":2,"item_purchase_floors":[2,5,12,29],"current_hp_per_floor":[50,50,50,42,42,43,39,37,37,36,36,36,36,36,36,36,59,46,46,46,39,37,56,56,32,32,32,32,32,32,26,26,21,55,55,55,55,55,55,54,54,54,54,54,54,50,48,39,58,56],"gold":182,"neow_bonus":"RANDOM_COMMON_RELIC","is_prod":false,"is_daily":false,"chose_seed":false,"campfire_upgraded":7,"win_rate":0,"timestamp":1551475510,"path_taken":["M","$","?","M","$","E","M","E","T","M","R","$","R","M","R","BOSS","M","?","?","?","M","R","?","E","T","R","M","$","M","?","R","BOSS","M","$","M","$","?","?","R","E","T","R","E","M","M","E","R","BOSS"],"build_version":"2019-01-23","purchased_purges":5,"victory":true,"max_hp_per_floor":[66,66,66,66,66,66,66,66,66,66,66,66,66,66,66,66,66,66,66,66,66,66,66,66,66,66,66,66,66,66,66,66,66,66,66,66,66,66,66,66,66,66,66,66,66,66,66,66,66,66],"card_choices":[{"not_picked":["Sucker Punch","Acrobatics"],"picked":"Bouncing Flask","floor":1.0},{"not_picked":["PiercingWail","Expertise"],"picked":"Quick Slash","floor":4.0},{"not_picked":["Slice","Flechettes"],"picked":"Crippling Poison","floor":6.0},{"not_picked":["Blur","Dash"],"picked":"Noxious Fumes","floor":7.0},{"not_picked":["Flying Knee","Underhanded Strike","Dagger Spray"],"picked":"SKIP","floor":8.0},{"not_picked":["Concentrate","Sucker Punch"],"picked":"Backflip","floor":10.0},{"not_picked":["Outmaneuver","Blade Dance"],"picked":"Burst","floor":14.0},{"not_picked":["Grand Finale","Doppelganger"],"picked":"After Image","floor":16.0},{"not_picked":["Slice","Terror"],"picked":"Acrobatics","floor":18.0},{"not_picked":["Footwork","Caltrops"],"picked":"PiercingWail","floor":21.0},{"not_picked":["Sucker Punch","Masterful Stab+1","Dagger Throw+1"],"picked":"SKIP","floor":22.0},{"not_picked":["Poisoned Stab","Skewer"],"picked":"PiercingWail","floor":25.0},{"not_picked":["Slice+1","Choke"],"picked":"Concentrate+1","floor":28.0},{"not_picked":["Slice","Blade Dance","Accuracy"],"picked":"SKIP","floor":30.0},{"not_picked":["Die Die Die","Glass Knife"],"picked":"Wraith Form v2","floor":33},{"not_picked":["Eviscerate+1","Blade Dance+1"],"picked":"PiercingWail","floor":35},{"not_picked":["Poisoned Stab","Underhanded Strike+1"],"picked":"Sucker Punch+1","floor":37},{"not_picked":["Slice","Accuracy"],"picked":"Bouncing Flask+1","floor":40},{"not_picked":["Sucker Punch","Well Laid Plans","Glass Knife"],"picked":"SKIP","floor":42},{"not_picked":["Quick Slash","Outmaneuver","Doppelganger"],"picked":"SKIP","floor":45},{"not_picked":["Underhanded Strike","Crippling Poison"],"picked":"Backflip+1","floor":46},{"not_picked":["Sucker Punch","Flying Knee","Dagger Spray"],"picked":"SKIP","floor":47},{"not_picked":["Dagger Throw","Deflect"],"picked":"PiercingWail+1","floor":48}],"player_experience":2300773,"relics_obtained":[{"floor":6.0,"key":"Gambling Chip"},{"floor":8.0,"key":"PreservedInsect"},{"floor":9.0,"key":"Mercury Hourglass"},{"floor":25.0,"key":"Smiling Mask"},{"floor":40,"key":"Dead Branch"},{"floor":42,"key":"Ornamental Fan"},{"floor":43,"key":"Pocketwatch"},{"floor":45,"key":"Happy Flower"},{"floor":48,"key":"Lantern"}],"event_choices":[{"damage_healed":0.0,"max_hp_gain":0.0,"max_hp_loss":0.0,"gold_gain":0.0,"event_name":"Accursed Blacksmith","player_choice":"Rummage","floor":3.0,"gold_loss":0.0,"damage_taken":0.0,"relics_obtained":["WarpedTongs"],"cards_obtained":["Pain"]},{"damage_healed":0.0,"max_hp_gain":0.0,"max_hp_loss":0.0,"gold_gain":0.0,"event_name":"N\u0027loth","player_choice":"Ignored","floor":20.0,"gold_loss":0.0,"damage_taken":0.0},{"damage_healed":0.0,"max_hp_gain":0.0,"max_hp_loss":0.0,"gold_gain":0.0,"event_name":"Ghosts","player_choice":"Ignored","floor":24.0,"gold_loss":0.0,"damage_taken":0.0},{"damage_healed":0,"gold_gain":50,"player_choice":"Touch","damage_taken":6,"max_hp_gain":0,"max_hp_loss":0,"event_name":"FaceTrader","floor":31,"gold_loss":0},{"damage_healed":0,"gold_gain":0,"player_choice":"Paid","damage_taken":0,"relics_obtained":["Red Mask"],"max_hp_gain":0,"max_hp_loss":0,"event_name":"Tomb of Lord Red Mask","floor":39,"gold_loss":79},{"damage_healed":0,"gold_gain":0,"player_choice":"Fight","damage_taken":0,"max_hp_gain":0,"max_hp_loss":0,"event_name":"Mysterious Sphere","floor":40,"gold_loss":0}],"is_beta":false,"boss_relics":[{"not_picked":["Empty Cage","Pandora\u0027s Box"],"picked":"Runic Dome"},{"not_picked":["Orrery","HoveringKite"],"picked":"Sozu"}],"items_purged_floors":[12,19,29,36,38],"is_endless":false,"potions_floor_spawned":[6,10,16,21,25,28,30,37,42,47,48],"ascension_level":15}