{"gold_per_floor":[112,112,123,142,142,142,162,162,162,175,192,192,205,232,232,337,337,356,367,385,69,69,69,83,96,96,114,128,128,128,144,144,246,246,259,206,206,226,239,239,274,274,274,285,285,285,285,4,4,4],"floor_reached":51,"playtime":4596,"items_purged":["Strike_G","Strike_G"],"score":1041,"play_id":"e3816384-3c89-4e10-a5e4-0aadd8a2cfa3","local_time":"20180702145408","is_ascension_mode":true,"campfire_choices":[{"data":"Quick Slash","floor":6.0,"key":"SMITH"},{"data":"Noxious Fumes","floor":8.0,"key":"SMITH"},{"data":"Backflip","floor":12.0,"key":"SMITH"},{"floor":15.0,"key":"REST"},{"data":"Cloak And Dagger","floor":23.0,"key":"SMITH"},{"data":"Cloak And Dagger","floor":29,"key":"SMITH"},{"floor":32,"key":"REST"},{"data":"After Image","floor":40,"key":"SMITH"},{"data":"A Thousand Cuts","floor":42,"key":"SMITH"},{"data":"Burst","floor":45,"key":"SMITH"},{"floor":49,"key":"REST"}],"neow_cost":"","seed_source_timestamp":37937330118007,"circlet_count":0,"master_deck":["Defend_G","Defend_G","Defend_G","Defend_G","Defend_G","Strike_G","Strike_G","Strike_G","Survivor","Neutralize+1","Flying Knee","Quick Slash+1","Caltrops+1","Noxious Fumes+1","Backflip+1","Backstab","Cloak And Dagger+1","After Image+1","A Thousand Cuts+1","Bane+1","Crippling Poison+1","Adrenaline","Bandage Up","Endless Agony","Cloak And Dagger+1","Malaise","Dash","Burst+1","PiercingWail","Acrobatics","Bane+1","Bouncing Flask+1","Sadistic Nature","Slice"],"special_seed":0,"relics":["Ring of the Snake","Toolbox","Kunai","Cursed Key","White Beast Statue","Incense Burner","Ornamental Fan"],"potions_floor_usage":[33,35,37,41,44,44,50,50,50],"damage_taken":[{"damage":3.0,"enemies":"Small Slimes","floor":1.0,"turns":4.0},{"damage":0.0,"enemies":"Cultist","floor":3.0,"turns":4.0},{"damage":1.0,"enemies":"Jaw Worm","floor":4.0,"turns":3.0},{"damage":11.0,"enemies":"Lots of Slimes","floor":7.0,"turns":4.0},{"damage":21.0,"enemies":"Exordium Thugs","floor":10.0,"turns":4.0},{"damage":2.0,"enemies":"3 Louse","floor":11.0,"turns":3.0},{"damage":10.0,"enemies":"Large Slime","floor":13.0,"turns":4.0},{"damage":7.0,"enemies":"Lagavulin","floor":14.0,"turns":6.0},{"damage":1.0,"enemies":"Slime Boss","floor":16.0,"turns":9.0},{"damage":21.0,"enemies":"Chosen","floor":18.0,"turns":5.0},{"damage":8.0,"enemies":"3 Byrds","floor":19.0,"turns":5.0},{"damage":10.0,"enemies":"Slaver and Parasite","floor":20.0,"turns":7.0},{"damage":0.0,"enemies":"Snecko","floor":24.0,"turns":4.0},{"damage":23.0,"enemies":"Cultist and Chosen","floor":25.0,"turns":5.0},{"damage":0,"enemies":"Snake Plant","floor":27,"turns":4},{"damage":10,"enemies":"Slaver and Parasite","floor":28,"turns":5},{"damage":0,"enemies":"3 Cultists","floor":31,"turns":4},{"damage":30,"enemies":"Collector","floor":33,"turns":10},{"damage":6,"enemies":"Orb Walker","floor":35,"turns":5},{"damage":7,"floor":37,"turns":6},{"damage":11,"enemies":"3 Darklings","floor":38,"turns":6},{"damage":10,"enemies":"Sphere and 2 Shapes","floor":39,"turns":5},{"damage":3,"enemies":"2 Orb Walkers","floor":41,"turns":6},{"damage":0,"enemies":"Maw","floor":44,"turns":8},{"damage":40,"enemies":"Donu and Deca","floor":50,"turns":11}],"seed_played":"7558925231038044846","potions_obtained":[{"floor":7.0,"key":"Ancient Potion"},{"floor":11.0,"key":"GhostInAJar"},{"floor":16.0,"key":"Energy Potion"},{"floor":18.0,"key":"Strength Potion"},{"floor":25,"key":"GamblersBrew"},{"floor":31,"key":"Dexterity Potion"},{"floor":35,"key":"GamblersBrew"},{"floor":37,"key":"FearPotion"},{"floor":38,"key":"SpeedPotion"},{"floor":39,"key":"Swift Potion"},{"floor":41,"key":"Explosive Potion"},{"floor":44,"key":"Weak Potion"}],"is_trial":false,"path_per_floor":["M","?","M","M","?","R","M","R","T","M","M","R","M","E","R","B",null,"M","M","M","$","?","R","M","M","T","M","M","R","?","M","R","B",null,"M","$","?","M","M","R","E","R","T","M","R","?","?","$","R","B"],"character_chosen":"THE_SILENT","items_purchased":["Adrenaline","Bandage Up","PiercingWail","Dexterity Potion","GhostInAJar","Slice"],"campfire_rested":3,"item_purchase_floors":[],"current_hp_per_floor":[67,67,67,66,66,66,55,55,55,34,32,32,22,15,36,35,61,40,32,22,22,45,45,49,30,30,34,28,28,28,32,53,27,59,61,61,58,51,45,45,46,46,46,50,50,50,50,50,70,34],"gold":4,"neow_bonus":"","is_prod":false,"is_daily":false,"chose_seed":false,"campfire_upgraded":8,"win_rate":0,"timestamp":1530568448,"path_taken":["M","?","M","M","?","R","M","R","T","M","?","R","M","E","R","BOSS","M","M","?","$","?","R","M","M","T","?","M","R","?","?","R","BOSS","M","$","?","?","M","R","E","R","T","M","R","?","?","$","R","BOSS"],"build_version":"2018-06-28","purchased_purges":2,"victory":true,"max_hp_per_floor":[70,70,70,70,70,70,70,70,70,70,70,70,70,70,70,70,70,70,70,70,70,70,70,70,70,70,70,70,70,70,70,70,70,70,70,70,70,70,70,70,70,70,70,70,70,70,70,70,70,70],"card_choices":[{"not_picked":["Bane","Poisoned Stab"],"picked":"Flying Knee","floor":1.0},{"not_picked":["Bouncing Flask","Prepared"],"picked":"Quick Slash","floor":3.0},{"not_picked":["PiercingWail","Blur"],"picked":"Caltrops","floor":4.0},{"not_picked":["Concentrate","Bane"],"picked":"Noxious Fumes","floor":7.0},{"not_picked":["Quick Slash","Bane"],"picked":"Backflip","floor":10.0},{"not_picked":["Escape Plan","Slice"],"picked":"Backstab","floor":11.0},{"not_picked":["Accuracy","Skewer"],"picked":"Cloak And Dagger","floor":13.0},{"not_picked":["Dagger Throw","Infinite Blades"],"picked":"After Image","floor":14.0},{"not_picked":["Bullet Time","Doppelganger"],"picked":"A Thousand Cuts","floor":16.0},{"not_picked":["Setup","Flechettes"],"picked":"Bane+1","floor":18.0},{"not_picked":["Flying Knee","Dodge and Roll","Quick Slash+1"],"picked":"SKIP","floor":19.0},{"not_picked":["Cloak And Dagger","Distraction"],"picked":"Crippling Poison+1","floor":20.0},{"not_picked":["Deadly Poison","Dash"],"picked":"Endless Agony","floor":24.0},{"not_picked":["Dodge and Roll","All Out Attack"],"picked":"Cloak And Dagger","floor":25},{"not_picked":["Finisher","Corpse Explosion"],"picked":"Malaise","floor":27},{"not_picked":["Setup+1","Choke","Cloak And Dagger"],"picked":"SKIP","floor":28},{"not_picked":["Cloak And Dagger","Deflect"],"picked":"Dash","floor":31},{"not_picked":["Wraith Form v2","Venomology"],"picked":"Burst","floor":33},{"not_picked":["Catalyst+1","Outmaneuver","Dagger Spray"],"picked":"SKIP","floor":35},{"not_picked":["Sucker Punch","Riddle With Holes+1"],"picked":"Acrobatics","floor":38},{"not_picked":["Dagger Throw+1","Sucker Punch"],"picked":"Bane+1","floor":39},{"not_picked":["PiercingWail","Underhanded Strike+1","Dodge and Roll"],"picked":"SKIP","floor":41},{"not_picked":["Quick Slash+1","Dash"],"picked":"Bouncing Flask+1","floor":44},{"not_picked":["Secret Weapon","Madness"],"picked":"Sadistic Nature","floor":46}],"player_experience":660691,"relics_obtained":[{"floor":9.0,"key":"Toolbox"},{"floor":14.0,"key":"Kunai"},{"floor":37,"key":"Incense Burner"},{"floor":41,"key":"Ornamental Fan"}],"event_choices":[{"event_name":"Liars Game","player_choice":"disagreed","floor":2.0,"damage_taken":0.0},{"event_name":"Living Wall","player_choice":"Grow","floor":5.0,"damage_taken":0.0},{"event_name":"The Library","player_choice":"Heal","floor":22.0,"damage_taken":0.0},{"event_name":"Cursed Tome","player_choice":"Ignored","floor":30,"damage_taken":0},{"event_name":"MindBloom","player_choice":"Fight","floor":37,"damage_taken":0},{"event_name":"SensoryStone","player_choice":"Memory 1","floor":46,"damage_taken":0},{"event_name":"Mysterious Sphere","player_choice":"Ignore","floor":47,"damage_taken":0}],"boss_relics":[{"not_picked":["Philosopher\u0027s Stone","Coffee Dripper"],"picked":"Cursed Key"},{"not_picked":["Runic Pyramid","Velvet Choker"],"picked":"White Beast Statue"}],"items_purged_floors":[],"is_endless":false,"potions_floor_spawned":[7,11,16,18,25,27,28,31,35,37,38,39,41,44],"ascension_level":5}