{"gold_per_floor":[112,128,148,148,165,165,198,198,225,242,242,255,282,75,75,152,152,152,52,52,52,52,52,52,52,52,52,52,52,52,52,52,52,52,52,52,52,52,52,52,52,52,52,52,52,52,52,52,52,52],"floor_reached":50,"playtime":4254,"items_purged":["Strike_G","Strike_G"],"score":861,"play_id":"8f089a82-f983-4af0-bed4-23f2a25f21ec","local_time":"20180803134142","is_ascension_mode":true,"campfire_choices":[{"data":"Neutralize","floor":6.0,"key":"SMITH"},{"data":"Cloak And Dagger","floor":8.0,"key":"SMITH"},{"data":"Footwork","floor":11.0,"key":"SMITH"},{"data":"Glass Knife","floor":15.0,"key":"SMITH"},{"data":"Cloak And Dagger","floor":23.0,"key":"SMITH"},{"floor":32.0,"key":"REST"},{"floor":40.0,"key":"REST"},{"floor":46,"key":"REST"},{"floor":49,"key":"REST"}],"neow_cost":"NONE","seed_source_timestamp":16815717679350,"circlet_count":0,"master_deck":["Defend_G","Defend_G","Defend_G","Defend_G","Defend_G","Strike_G","Strike_G","Strike_G","Survivor","Neutralize+1","AscendersBane","Footwork+1","Quick Slash","Dagger Throw","Cloak And Dagger+1","Glass Knife+1","Well Laid Plans","Glass Knife","Dagger Spray+1","Dodge and Roll","Cloak And Dagger+1","Decay","Acrobatics+1","Reflex+1","Night Terror","Envenom+1","Noxious Fumes+1","Finisher","Cloak And Dagger+1","Escape Plan+1","After Image"],"special_seed":0,"relics":["Ring of the Snake","Vajra","Pen Nib","Lantern","Ancient Tea Set","Ectoplasm","Kunai","Tiny House","The Specimen","Nunchaku","Prayer Wheel"],"potions_floor_usage":[50,50],"damage_taken":[{"damage":1.0,"enemies":"Cultist","floor":1.0,"turns":4.0},{"damage":1.0,"enemies":"Small Slimes","floor":2.0,"turns":4.0},{"damage":0.0,"enemies":"Jaw Worm","floor":3.0,"turns":4.0},{"damage":3.0,"enemies":"Blue Slaver","floor":5.0,"turns":5.0},{"damage":3.0,"enemies":"Lagavulin","floor":7.0,"turns":9.0},{"damage":4.0,"enemies":"3 Louse","floor":10.0,"turns":3.0},{"damage":2.0,"enemies":"Large Slime","floor":12.0,"turns":7.0},{"damage":12.0,"enemies":"Gremlin Nob","floor":13.0,"turns":4.0},{"damage":5.0,"enemies":"The Guardian","floor":16.0,"turns":11.0},{"damage":1.0,"enemies":"3 Byrds","floor":18.0,"turns":4.0},{"damage":0.0,"enemies":"Chosen","floor":20.0,"turns":3.0},{"damage":18.0,"enemies":"Snecko","floor":21.0,"turns":6.0},{"damage":0.0,"enemies":"Centurion and Healer","floor":24.0,"turns":4.0},{"damage":5.0,"enemies":"Slaver and Parasite","floor":25.0,"turns":4.0},{"damage":3.0,"enemies":"3 Cultists","floor":27.0,"turns":4.0},{"damage":0.0,"enemies":"Centurion and Healer","floor":28.0,"turns":4.0},{"damage":8.0,"enemies":"Sentry and Sphere","floor":29.0,"turns":4.0},{"damage":25.0,"enemies":"Collector","floor":33.0,"turns":14.0},{"damage":2.0,"enemies":"3 Shapes","floor":35.0,"turns":10.0},{"damage":0.0,"floor":36.0,"turns":7.0},{"damage":11.0,"enemies":"3 Darklings","floor":37.0,"turns":3.0},{"damage":9.0,"enemies":"Spire Growth","floor":41.0,"turns":4.0},{"damage":3.0,"enemies":"4 Shapes","floor":42.0,"turns":7.0},{"damage":45.0,"enemies":"Giant Head","floor":44.0,"turns":10.0},{"damage":7,"enemies":"Sphere and 2 Shapes","floor":45,"turns":6},{"damage":0,"enemies":"Flame Bruiser 2 Orb","floor":47,"turns":4},{"damage":0,"enemies":"Spire Growth","floor":48,"turns":6},{"damage":45,"enemies":"Awakened One","floor":50,"turns":3}],"seed_played":"5349105012809080602","potions_obtained":[{"floor":2.0,"key":"Energy Potion"},{"floor":10.0,"key":"SpeedPotion"},{"floor":16.0,"key":"Explosive Potion"},{"floor":20.0,"key":"Fire Potion"},{"floor":25.0,"key":"Block Potion"},{"floor":28.0,"key":"Dexterity Potion"},{"floor":37.0,"key":"Strength Potion"}],"is_trial":false,"path_per_floor":["M","M","M","?","M","R","E","R","T","M","R","M","E","$","R","B",null,"M","$","M","M","?","R","M","M","T","M","M","M","?","?","R","B",null,"M","?","M","?","$","R","M","M","T","E","M","R","M","M","R"],"character_chosen":"THE_SILENT","items_purchased":["Well Laid Plans","Dexterity Potion"],"campfire_rested":4,"item_purchase_floors":[14,14],"current_hp_per_floor":[58,57,57,57,54,54,51,51,51,47,47,45,33,33,33,28,57,56,56,56,38,38,38,38,33,33,30,30,22,22,22,41,16,59,57,57,46,46,46,67,58,55,55,10,3,24,24,24,45,0],"gold":52,"neow_bonus":"RANDOM_COMMON_RELIC","is_prod":false,"is_daily":false,"chose_seed":false,"campfire_upgraded":5,"win_rate":0,"timestamp":1533328902,"path_taken":["M","M","M","?","M","R","E","R","T","M","R","M","E","$","R","BOSS","M","$","M","?","?","R","M","M","T","M","M","M","?","?","R","BOSS","M","?","M","?","?","R","M","M","T","E","M","R","M","M","R","BOSS"],"build_version":"2018-08-02","purchased_purges":2,"victory":false,"max_hp_per_floor":[66,66,66,66,66,66,66,66,66,66,66,66,66,66,66,66,66,66,66,66,66,66,66,66,66,66,66,66,66,66,66,66,66,71,71,71,71,71,71,71,71,71,71,71,71,71,71,71,71,71],"card_choices":[{"not_picked":["Dodge and Roll","Prepared"],"picked":"Footwork","floor":1.0},{"not_picked":["PiercingWail","Prepared"],"picked":"Quick Slash","floor":2.0},{"not_picked":["Reflex","Setup","Outmaneuver"],"picked":"SKIP","floor":3.0},{"not_picked":["Dodge and Roll","Poisoned Stab"],"picked":"Dagger Throw","floor":5.0},{"not_picked":["Calculated Gamble","Dagger Throw"],"picked":"Cloak And Dagger","floor":7.0},{"not_picked":["Deflect","Accuracy","Tactician"],"picked":"SKIP","floor":10.0},{"not_picked":["Blur","Slice"],"picked":"Glass Knife","floor":12.0},{"not_picked":["Sucker Punch","Bouncing Flask","Outmaneuver"],"picked":"SKIP","floor":13.0},{"not_picked":["Venomology","Doppelganger"],"picked":"Glass Knife","floor":16.0},{"not_picked":["Acrobatics","Predator"],"picked":"Dagger Spray+1","floor":18.0},{"not_picked":["Dagger Throw","Outmaneuver"],"picked":"Dodge and Roll","floor":20.0},{"not_picked":["Poisoned Stab","Dagger Spray"],"picked":"Cloak And Dagger","floor":21.0},{"not_picked":["Slice+1","Underhanded Strike"],"picked":"Acrobatics+1","floor":24.0},{"not_picked":["All Out Attack+1","Endless Agony"],"picked":"Reflex+1","floor":25.0},{"not_picked":["All Out Attack","Acrobatics","Quick Slash"],"picked":"SKIP","floor":27.0},{"not_picked":["Dagger Throw","Bane","Underhanded Strike"],"picked":"SKIP","floor":28.0},{"not_picked":["All Out Attack","Sucker Punch"],"picked":"Night Terror","floor":29.0},{"not_picked":["Doppelganger","Burst"],"picked":"Envenom","floor":33.0},{"not_picked":["Deflect","All Out Attack+1"],"picked":"Noxious Fumes+1","floor":35.0},{"not_picked":["Dagger Throw","Slice+1"],"picked":"Finisher","floor":36.0},{"not_picked":["Blade Dance","Deadly Poison","Well Laid Plans"],"picked":"SKIP","floor":37.0},{"not_picked":["Blade Dance","Deadly Poison","Well Laid Plans"],"picked":"SKIP","floor":37.0},{"not_picked":["Sucker Punch","Outmaneuver+1","Acrobatics+1"],"picked":"SKIP","floor":41.0},{"not_picked":["Underhanded Strike","Deflect","Tactician"],"picked":"SKIP","floor":42.0},{"not_picked":["Cloak And Dagger","Dagger Spray","Blade Dance"],"picked":"SKIP","floor":44.0},{"not_picked":["Noxious Fumes+1","Flying Knee"],"picked":"Cloak And Dagger+1","floor":45},{"not_picked":["Dagger Spray+1","Underhanded Strike"],"picked":"Escape Plan+1","floor":45},{"not_picked":["Finisher+1","Masterful Stab"],"picked":"After Image","floor":47},{"not_picked":["Flying Knee+1","Outmaneuver","Prepared"],"picked":"SKIP","floor":47},{"not_picked":["Outmaneuver","Catalyst","Finisher"],"picked":"SKIP","floor":48},{"not_picked":["Footwork","Dagger Throw","Underhanded Strike"],"picked":"SKIP","floor":48}],"player_experience":986151,"relics_obtained":[{"floor":7.0,"key":"Pen Nib"},{"floor":9.0,"key":"Lantern"},{"floor":13.0,"key":"Ancient Tea Set"},{"floor":26.0,"key":"Kunai"},{"floor":36.0,"key":"The Specimen"},{"floor":43.0,"key":"Nunchaku"},{"floor":44.0,"key":"Prayer Wheel"}],"event_choices":[{"event_name":"Liars Game","player_choice":"disagreed","floor":4.0,"damage_taken":0.0},{"event_name":"Forgotten Altar","player_choice":"Smashed Altar","floor":22.0,"damage_taken":0.0},{"event_name":"Cursed Tome","player_choice":"Ignored","floor":30.0,"damage_taken":0.0},{"event_name":"Drug Dealer","player_choice":"Ignored","floor":31.0,"damage_taken":0.0},{"event_name":"MindBloom","player_choice":"Fight","floor":36.0,"damage_taken":0.0},{"event_name":"Mysterious Sphere","player_choice":"Ignore","floor":38.0,"damage_taken":0.0}],"is_beta":false,"boss_relics":[{"not_picked":["Velvet Choker","Busted Crown"],"picked":"Ectoplasm"},{"not_picked":["Coffee Dripper","Fusion Hammer"],"picked":"Tiny House"}],"items_purged_floors":[14,19],"is_endless":false,"potions_floor_spawned":[2,10,16,20,25,28,29,36,37,45,48],"killed_by":"Awakened One","ascension_level":15}