{"gold_per_floor":[119,134,43,60,60,60,89,107,107,124,159,172,200,275,275,354,354,370,295,314,314,325,354,366,227,227,258,258,290,290,306,306,383,383,399,425,25,39,57,57,82,82,82,112,132,147,177,177,177,177],"floor_reached":50,"playtime":1841,"items_purged":["Injury"],"score":1320,"play_id":"a8bd36a9-d622-42bd-8fbd-96a9c9bb9b40","local_time":"20181202135603","is_ascension_mode":true,"campfire_choices":[{"data":"Wild Strike","floor":6.0,"key":"SMITH"},{"data":"Perfected Strike","floor":15.0,"key":"SMITH"},{"data":"Limit Break","floor":24.0,"key":"SMITH"},{"data":"Shockwave","floor":28.0,"key":"SMITH"},{"data":"Bash","floor":30.0,"key":"SMITH"},{"data":"Discovery","floor":32.0,"key":"SMITH"},{"floor":40.0,"key":"REST"},{"floor":49.0,"key":"REST"}],"neow_cost":"TEN_PERCENT_HP_LOSS","seed_source_timestamp":6123031343097,"circlet_count":0,"master_deck":["AscendersBane","Strike_R","Strike_R","Strike_R","Strike_R","Strike_R","Defend_R","Defend_R","Defend_R","Defend_R","Bash+1","Shockwave+1","Wild Strike+1","Discovery+1","Headbutt","Perfected Strike+1","Feed","Perfected Strike+1","Limit Break+1","Swift Strike","Shrug It Off+1","Inflame+1","Battle Trance+1","Immolate","Metallicize+1","Master of Strategy","Shrug It Off","Twin Strike","Pommel Strike","Perfected Strike+1","Reaper","Sword Boomerang","Exhume"],"special_seed":0,"relics":["Burning Blood","Torii","Ancient Tea Set","Frozen Egg 2","Gremlin Horn","Cursed Key","Mercury Hourglass","MawBank","Nunchaku","Gambling Chip","Mark of Pain","Blood Vial","Strawberry","Bottled Lightning","Juzu Bracelet"],"potions_floor_usage":[],"damage_taken":[{"damage":1.0,"enemies":"2 Louse","floor":1.0,"turns":4.0},{"damage":1.0,"enemies":"Small Slimes","floor":2.0,"turns":4.0},{"damage":4.0,"enemies":"Jaw Worm","floor":4.0,"turns":2.0},{"damage":24.0,"enemies":"Gremlin Nob","floor":7.0,"turns":4.0},{"damage":9.0,"enemies":"2 Fungi Beasts","floor":8.0,"turns":3.0},{"damage":1.0,"enemies":"Red Slaver","floor":10.0,"turns":2.0},{"damage":15.0,"enemies":"3 Sentries","floor":11.0,"turns":5.0},{"damage":11.0,"enemies":"Lots of Slimes","floor":12.0,"turns":4.0},{"damage":10.0,"enemies":"Lagavulin","floor":13.0,"turns":5.0},{"damage":15.0,"enemies":"Slime Boss","floor":16.0,"turns":6.0},{"damage":10.0,"enemies":"2 Thieves","floor":18.0,"turns":3.0},{"damage":14.0,"enemies":"3 Byrds","floor":20.0,"turns":5.0},{"damage":10.0,"enemies":"3 Cultists","floor":22.0,"turns":4.0},{"damage":0.0,"enemies":"Gremlin Leader","floor":23.0,"turns":5.0},{"damage":9.0,"enemies":"Slavers","floor":27.0,"turns":4.0},{"damage":6.0,"enemies":"Book of Stabbing","floor":29.0,"turns":4.0},{"damage":13.0,"enemies":"Snecko","floor":31.0,"turns":3.0},{"damage":15.0,"enemies":"Champ","floor":33.0,"turns":6.0},{"damage":11.0,"enemies":"Orb Walker","floor":35.0,"turns":2.0},{"damage":9.0,"enemies":"3 Shapes","floor":38.0,"turns":4.0},{"damage":54.0,"enemies":"Maw","floor":39.0,"turns":8.0},{"damage":26.0,"enemies":"Giant Head","floor":41.0,"turns":5.0},{"damage":14.0,"enemies":"Reptomancer","floor":44.0,"turns":4.0},{"damage":10.0,"enemies":"Writhing Mass","floor":45.0,"turns":3.0},{"damage":0.0,"enemies":"Sphere and 2 Shapes","floor":46.0,"turns":1.0},{"damage":30.0,"enemies":"Nemesis","floor":47.0,"turns":5.0},{"damage":131,"enemies":"Donu and Deca","floor":50,"turns":6}],"seed_played":"-4350126844855951705","potions_obtained":[{"floor":1.0,"key":"GamblersBrew"},{"floor":4.0,"key":"Energy Potion"},{"floor":10.0,"key":"AttackPotion"},{"floor":11.0,"key":"GamblersBrew"},{"floor":18.0,"key":"Block Potion"},{"floor":22.0,"key":"Dexterity Potion"},{"floor":29.0,"key":"Swift Potion"},{"floor":33.0,"key":"GamblersBrew"},{"floor":44.0,"key":"SteroidPotion"}],"is_trial":false,"path_per_floor":["M","M","$","M","?","R","E","M","T","M","E","M","E","?","R","B",null,"M","?","M","?","M","E","R","$","T","E","R","E","R","M","R","B",null,"M","T","$","M","M","R","E","?","T","E","M","M","E","?","R","B"],"character_chosen":"IRONCLAD","items_purchased":["Discovery","Strength Potion","Swift Strike","Master of Strategy","FairyPotion","Shrug It Off"],"campfire_rested":2,"item_purchase_floors":[3,25,25,37,37,37],"current_hp_per_floor":[68,68,68,68,68,68,50,47,47,52,43,38,34,23,23,14,55,54,54,49,49,48,54,54,54,54,54,54,57,57,50,50,41,73,71,71,71,73,27,53,42,42,42,39,37,45,38,38,65,0],"gold":177,"neow_bonus":"ONE_RARE_RELIC","is_prod":false,"is_daily":false,"chose_seed":false,"campfire_upgraded":6,"win_rate":0,"timestamp":1543730163,"path_taken":["M","M","$","M","?","R","E","M","T","M","E","M","E","?","R","BOSS","M","?","M","?","M","E","R","$","T","E","R","E","R","?","R","BOSS","M","?","$","M","?","R","E","?","T","E","M","M","E","?","R","BOSS"],"build_version":"2018-11-15","purchased_purges":1,"victory":false,"max_hp_per_floor":[68,68,68,68,68,68,68,68,68,68,68,68,68,68,68,68,68,71,71,74,74,77,77,77,77,77,80,80,83,83,83,83,83,83,86,86,86,89,89,89,96,91,91,94,94,94,94,91,91,91],"card_choices":[{"not_picked":["Feel No Pain","Dual Wield"],"picked":"Shockwave","floor":1.0},{"not_picked":["Clothesline","Anger"],"picked":"Wild Strike","floor":2.0},{"not_picked":["Thunderclap","Anger","Warcry"],"picked":"SKIP","floor":4.0},{"not_picked":["Heavy Blade","Disarm"],"picked":"Combust","floor":7.0},{"not_picked":["Armaments","Seeing Red","True Grit"],"picked":"SKIP","floor":8.0},{"not_picked":["Armaments","Headbutt","Clothesline"],"picked":"SKIP","floor":10.0},{"not_picked":["Exhume","Pommel Strike"],"picked":"Headbutt","floor":11.0},{"not_picked":["Shrug It Off","Clothesline"],"picked":"Perfected Strike","floor":12.0},{"not_picked":["Havoc","Searing Blow","Rampage"],"picked":"SKIP","floor":13.0},{"not_picked":["Impervious","Brutality+1"],"picked":"Feed","floor":16.0},{"not_picked":["Warcry","Wild Strike","Cleave"],"picked":"SKIP","floor":18.0},{"not_picked":["Body Slam","Clash","Havoc"],"picked":"SKIP","floor":20.0},{"not_picked":["Heavy Blade+1","Bloodletting"],"picked":"Perfected Strike+1","floor":22.0},{"not_picked":["Anger","Fire Breathing+1"],"picked":"Limit Break","floor":23.0},{"not_picked":["Blood for Blood","Thunderclap+1"],"picked":"Shrug It Off+1","floor":27.0},{"not_picked":["Pommel Strike+1","Sword Boomerang"],"picked":"Inflame+1","floor":29.0},{"not_picked":["Twin Strike","Havoc"],"picked":"Battle Trance+1","floor":31.0},{"not_picked":["Demon Form+1","Juggernaut+1"],"picked":"Immolate","floor":33.0},{"not_picked":["Clothesline","Clash"],"picked":"Metallicize+1","floor":35.0},{"not_picked":["Flex","Rage"],"picked":"Twin Strike","floor":38.0},{"not_picked":["Seeing Red","Bloodletting"],"picked":"Pommel Strike","floor":39.0},{"not_picked":["Pummel","Warcry+1"],"picked":"Perfected Strike+1","floor":41.0},{"not_picked":["Second Wind","Heavy Blade"],"picked":"Reaper","floor":44.0},{"not_picked":["Warcry","Flex"],"picked":"Sword Boomerang","floor":45.0},{"not_picked":["Blood for Blood","Infernal Blade+1","Clash+1"],"picked":"SKIP","floor":46.0},{"not_picked":["Shrug It Off","Warcry+1"],"picked":"Exhume","floor":47.0}],"player_experience":2261868,"relics_obtained":[{"floor":7.0,"key":"Ancient Tea Set"},{"floor":11.0,"key":"Frozen Egg 2"},{"floor":13.0,"key":"Gremlin Horn"},{"floor":21.0,"key":"Mercury Hourglass"},{"floor":23.0,"key":"MawBank"},{"floor":27.0,"key":"Nunchaku"},{"floor":29.0,"key":"Gambling Chip"},{"floor":36.0,"key":"Blood Vial"},{"floor":41.0,"key":"Strawberry"},{"floor":44.0,"key":"Bottled Lightning"},{"floor":47.0,"key":"Juzu Bracelet"}],"event_choices":[{"damage_healed":0.0,"max_hp_gain":0.0,"max_hp_loss":0.0,"gold_gain":0.0,"event_name":"Liars Game","player_choice":"Ignored","floor":5.0,"gold_loss":0.0,"damage_taken":0.0},{"damage_healed":0.0,"max_hp_gain":0.0,"max_hp_loss":0.0,"gold_gain":75.0,"event_name":"World of Goop","player_choice":"Gather Gold","floor":14.0,"gold_loss":0.0,"damage_taken":11.0},{"cards_removed":["Combust"],"damage_healed":0.0,"max_hp_gain":0.0,"max_hp_loss":0.0,"gold_gain":0.0,"event_name":"Beggar","player_choice":"Gave Gold","floor":19.0,"gold_loss":75.0,"damage_taken":0.0},{"damage_healed":0.0,"max_hp_gain":0.0,"max_hp_loss":0.0,"gold_gain":0.0,"event_name":"Wheel of Change","player_choice":"Relic","floor":21.0,"gold_loss":0.0,"damage_taken":0.0},{"damage_healed":0.0,"max_hp_gain":0.0,"max_hp_loss":5.0,"gold_gain":0.0,"event_name":"Winding Halls","player_choice":"Max HP","floor":42.0,"gold_loss":0.0,"damage_taken":0.0},{"cards_removed":["Parasite"],"damage_healed":0.0,"max_hp_gain":0.0,"max_hp_loss":0.0,"gold_gain":0.0,"event_name":"Purifier","player_choice":"Purged","floor":48.0,"gold_loss":0.0,"damage_taken":0.0}],"is_beta":false,"boss_relics":[{"not_picked":["Orrery","Runic Cube"],"picked":"Cursed Key"},{"not_picked":["Busted Crown","Philosopher\u0027s Stone"],"picked":"Mark of Pain"}],"items_purged_floors":[37],"is_endless":false,"potions_floor_spawned":[1,4,10,11,18,22,29,33,41,44,45],"killed_by":"Donu and Deca","ascension_level":20}