{"gold_per_floor":[117,192,10,10,10,10,39,39,62,80,112,112,124,134,134,211,211,227,239,18,18,18,18,46,46,70,82,95,121,121,151,151,151],"floor_reached":33,"playtime":1075,"items_purged":[],"score":772,"play_id":"c0694d5f-6c5c-4ed0-bdb4-4602debc27ed","local_time":"20190407151835","is_ascension_mode":true,"campfire_choices":[{"data":"The Bomb","floor":6.0,"key":"SMITH"},{"data":"Predator","floor":8.0,"key":"SMITH"},{"data":"Bouncing Flask","floor":15.0,"key":"SMITH"},{"data":"Doppelganger","floor":23.0,"key":"SMITH"},{"floor":25.0,"key":"REST"},{"data":"Blur","floor":30.0,"key":"SMITH"},{"floor":32.0,"key":"RECALL"}],"neow_cost":"NONE","seed_source_timestamp":11709826019700,"circlet_count":0,"master_deck":["AscendersBane","Defend_G","Defend_G","Defend_G","Defend_G","Defend_G","Strike_G","Strike_G","Strike_G","Survivor","Neutralize","Blur+1","The Bomb+1","Predator+1","Night Terror+1","Deadly Poison","Bouncing Flask+1","Venomology","Doppelganger+1"],"special_seed":0,"relics":["Velvet Choker","Meat on the Bone","Letter Opener","Snecko Eye","PrismaticShard","Pantograph","Lantern","Frozen Egg 2","Omamori"],"potions_floor_usage":[33,33,33,33,33],"damage_taken":[{"damage":9.0,"enemies":"Jaw Worm","floor":1.0,"turns":5.0},{"damage":12.0,"enemies":"3 Sentries","floor":7.0,"turns":5.0},{"damage":0.0,"enemies":"2 Louse","floor":10.0,"turns":3.0},{"damage":10.0,"enemies":"Lagavulin","floor":11.0,"turns":6.0},{"damage":0.0,"enemies":"Small Slimes","floor":13.0,"turns":3.0},{"damage":7.0,"enemies":"Blue Slaver","floor":14.0,"turns":3.0},{"damage":0.0,"enemies":"Hexaghost","floor":16.0,"turns":8.0},{"damage":12.0,"enemies":"Spheric Guardian","floor":18.0,"turns":6.0},{"damage":17.0,"enemies":"2 Thieves","floor":19.0,"turns":3.0},{"damage":39.0,"enemies":"Slavers","floor":24.0,"turns":5.0},{"damage":9.0,"enemies":"3 Cultists","floor":27.0,"turns":4.0},{"damage":8.0,"enemies":"Snecko","floor":28.0,"turns":3.0},{"damage":0.0,"enemies":"Gremlin Leader","floor":29.0,"turns":5.0},{"damage":21.0,"enemies":"Slavers","floor":31.0,"turns":4.0},{"damage":88,"enemies":"Collector","floor":33,"turns":6}],"seed_played":"1047153746305751088","potions_obtained":[{"floor":7.0,"key":"Poison Potion"},{"floor":10.0,"key":"SpeedPotion"},{"floor":13.0,"key":"Fire Potion"},{"floor":27.0,"key":"AttackPotion"},{"floor":28.0,"key":"PowerPotion"}],"is_trial":false,"path_per_floor":["M","?","$","?","?","R","E","R","T","M","E","?","M","M","R","B",null,"M","M","$","$","?","R","E","R","T","M","M","E","R","E","R","B"],"character_chosen":"THE_SILENT","items_purchased":["The Bomb","PrismaticShard"],"campfire_rested":1,"item_purchase_floors":[3,20],"current_hp_per_floor":[50,39,39,32,54,54,42,42,42,42,44,44,44,37,37,37,59,47,42,42,42,42,42,15,34,34,37,41,41,41,32,32,0],"gold":151,"neow_bonus":"BOSS_RELIC","is_prod":false,"is_daily":false,"chose_seed":false,"campfire_upgraded":5,"win_rate":0,"timestamp":1554621515,"path_taken":["M","?","$","?","?","R","E","R","T","M","E","?","M","M","R","BOSS","M","M","?","$","?","R","E","R","T","M","?","E","R","E","R","BOSS"],"build_version":"2019-04-04","purchased_purges":0,"victory":false,"max_hp_per_floor":[66,66,66,66,66,66,66,66,66,66,66,66,66,66,66,66,66,66,66,66,66,66,66,66,66,66,66,66,66,66,66,66,66],"card_choices":[{"not_picked":["PiercingWail","Dagger Spray"],"picked":"Blur","floor":1.0},{"not_picked":["Escape Plan","Blade Dance"],"picked":"Predator","floor":7.0},{"not_picked":["Underhanded Strike","Bane","Concentrate"],"picked":"SKIP","floor":10.0},{"not_picked":["Underhanded Strike","Distraction"],"picked":"Night Terror","floor":11.0},{"not_picked":["Skewer","Underhanded Strike"],"picked":"Deadly Poison","floor":13.0},{"not_picked":["Crippling Poison","Blade Dance"],"picked":"Bouncing Flask","floor":14.0},{"not_picked":["Grand Finale","Die Die Die"],"picked":"Venomology","floor":16.0},{"not_picked":["Skewer+1","Flying Knee","Bane"],"picked":"SKIP","floor":18.0},{"not_picked":["Deadly Poison","Predator","Accuracy"],"picked":"SKIP","floor":19.0},{"not_picked":["Outmaneuver","Slice","Bane"],"picked":"SKIP","floor":24.0},{"not_picked":["Outmaneuver","Slice","Bane"],"picked":"SKIP","floor":24.0},{"not_picked":["Turbo","Stack","Twin Strike"],"picked":"SKIP","floor":27.0},{"not_picked":["Dodge and Roll+1","Rebound","Sword Boomerang+1"],"picked":"SKIP","floor":28.0},{"not_picked":["BootSequence","Adrenaline","Sentinel"],"picked":"SKIP","floor":29.0},{"not_picked":["Poisoned Stab+1","Wild Strike","Dagger Throw+1"],"picked":"SKIP","floor":31.0}],"player_experience":1332668,"relics_obtained":[{"floor":7.0,"key":"Meat on the Bone"},{"floor":11.0,"key":"Letter Opener"},{"floor":24.0,"key":"Pantograph"},{"floor":26.0,"key":"Lantern"},{"floor":29.0,"key":"Frozen Egg 2"},{"floor":31.0,"key":"Omamori"}],"event_choices":[{"damage_healed":0.0,"max_hp_gain":0.0,"max_hp_loss":0.0,"gold_gain":75.0,"event_name":"World of Goop","player_choice":"Gather Gold","floor":2.0,"gold_loss":0.0,"damage_taken":11.0},{"cards_removed":["Strike_G"],"damage_healed":0.0,"max_hp_gain":0.0,"max_hp_loss":0.0,"gold_gain":0.0,"event_name":"Golden Wing","player_choice":"Card Removal","floor":4.0,"gold_loss":0.0,"damage_taken":7.0},{"damage_healed":22.0,"max_hp_gain":0.0,"max_hp_loss":0.0,"gold_gain":0.0,"event_name":"Big Fish","player_choice":"Banana","floor":5.0,"gold_loss":0.0,"damage_taken":0.0},{"damage_healed":0.0,"max_hp_gain":0.0,"max_hp_loss":0.0,"gold_gain":0.0,"event_name":"Upgrade Shrine","player_choice":"Upgraded","floor":12.0,"gold_loss":0.0,"damage_taken":0.0,"cards_upgraded":["Night Terror"]},{"damage_healed":0.0,"max_hp_gain":0.0,"max_hp_loss":0.0,"gold_gain":0.0,"cards_transformed":["Strike_G"],"event_name":"Transmorgrifier","player_choice":"Transformed","floor":22.0,"gold_loss":0.0,"damage_taken":0.0,"cards_obtained":["Doppelganger"]}],"is_beta":true,"boss_relics":[{"not_picked":["Orrery","Empty Cage"],"picked":"Snecko Eye"}],"items_purged_floors":[],"is_endless":false,"potions_floor_spawned":[7,10,13,27,28],"killed_by":"Collector","ascension_level":20}