{"gold_per_floor":[112,112,126,145,160,160,172,205,205,205],"floor_reached":10,"playtime":376,"items_purged":[],"score":123,"play_id":"558835e6-98d1-405a-9af2-562ff6eac4b3","local_time":"20190101204621","is_ascension_mode":true,"campfire_choices":[{"data":"Neutralize","floor":6,"key":"SMITH"}],"neow_cost":"NONE","seed_source_timestamp":5337275726408,"circlet_count":0,"master_deck":["AscendersBane","Defend_G","Defend_G","Defend_G","Defend_G","Defend_G","Strike_G","Strike_G","Strike_G","Strike_G","Strike_G","Survivor","Neutralize+1","Cloak And Dagger+1","Poisoned Stab","Deflect","Flying Knee","Poisoned Stab"],"relics":["Ring of the Snake","NeowsBlessing","Bronze Scales","Ornamental Fan"],"potions_floor_usage":[10,10],"damage_taken":[{"damage":0,"enemies":"Jaw Worm","floor":1,"turns":1},{"damage":0,"enemies":"Cultist","floor":3,"turns":1},{"damage":0,"enemies":"2 Louse","floor":4,"turns":1},{"damage":0,"enemies":"Looter","floor":5,"turns":4},{"damage":20,"enemies":"Large Slime","floor":7,"turns":9},{"damage":18,"enemies":"3 Sentries","floor":8,"turns":11},{"damage":22,"enemies":"Gremlin Nob","floor":10,"turns":4}],"seed_played":"1609090260432770303","potions_obtained":[{"floor":1,"key":"Energy Potion"},{"floor":8,"key":"Explosive Potion"}],"is_trial":false,"path_per_floor":["M","?","M","M","M","R","M","E","T","E"],"character_chosen":"THE_SILENT","items_purchased":[],"campfire_rested":0,"item_purchase_floors":[],"current_hp_per_floor":[59,59,59,59,59,59,39,21,21,0],"gold":205,"neow_bonus":"THREE_ENEMY_KILL","is_prod":false,"is_daily":false,"chose_seed":false,"campfire_upgraded":1,"win_rate":0,"timestamp":1546404381,"path_taken":["M","?","M","M","M","R","M","E","T","E"],"build_version":"2018-12-20","purchased_purges":0,"victory":false,"max_hp_per_floor":[66,66,66,66,66,66,66,66,66,66],"card_choices":[{"not_picked":["Expertise","Bane"],"picked":"Cloak And Dagger","floor":1},{"not_picked":["Deadly Poison","Slice"],"picked":"Poisoned Stab","floor":3},{"not_picked":["Expertise","Distraction"],"picked":"Deflect","floor":4},{"not_picked":["Reflex","Slice"],"picked":"Flying Knee","floor":5},{"not_picked":["Bane","Sucker Punch"],"picked":"Poisoned Stab","floor":7},{"not_picked":["Underhanded Strike","Sucker Punch","Accuracy"],"picked":"SKIP","floor":8}],"player_experience":1922383,"relics_obtained":[{"floor":8,"key":"Bronze Scales"},{"floor":9,"key":"Ornamental Fan"}],"event_choices":[{"damage_healed":0,"gold_gain":0,"player_choice":"Upgraded","damage_taken":0,"max_hp_gain":0,"max_hp_loss":0,"event_name":"Upgrade Shrine","floor":2,"gold_loss":0,"cards_upgraded":["Cloak And Dagger"]}],"is_beta":false,"boss_relics":[],"items_purged_floors":[],"is_endless":false,"potions_floor_spawned":[1,8],"killed_by":"Gremlin Nob","ascension_level":15}