{"gold_per_floor":[112,130,143,1,15,50,69,69,69,69,83,83,113,125,125,199,199,217,217,230,230,249,249,282,55,80,106,122,147,147,162,162,239,239,253,12,12,26,42,42,70,70,95,108,126,160,160,93,93,93],"floor_reached":51,"playtime":2662,"items_purged":["Strike_G"],"score":1463,"play_id":"b0785763-f903-4afc-8b15-114008f1e5f6","local_time":"20181201183045","is_ascension_mode":true,"campfire_choices":[{"data":"Cloak And Dagger","floor":8.0,"key":"SMITH"},{"data":"Neutralize","floor":10.0,"key":"SMITH"},{"data":"Crippling Poison","floor":12.0,"key":"SMITH"},{"data":"After Image","floor":15.0,"key":"SMITH"},{"data":"A Thousand Cuts","floor":23,"key":"SMITH"},{"data":"Cloak And Dagger","floor":30,"key":"SMITH"},{"data":"Footwork","floor":32,"key":"SMITH"},{"data":"Noxious Fumes","floor":40,"key":"SMITH"},{"data":"PiercingWail","floor":42,"key":"SMITH"},{"data":"Backflip","floor":47,"key":"SMITH"},{"data":"Blur","floor":49,"key":"SMITH"}],"neow_cost":"TEN_PERCENT_HP_LOSS","seed_source_timestamp":37652153978999,"circlet_count":0,"master_deck":["AscendersBane","Defend_G+1","Defend_G+1","Defend_G+1","Defend_G+1","Defend_G+1","Strike_G+1","Strike_G+1","Survivor","Neutralize+1","Flying Knee","Backflip","Glass Knife+1","Cloak And Dagger+1","Crippling Poison+1","After Image+1","Backstab","PiercingWail","A Thousand Cuts+1","Backflip+1","Caltrops","Storm of Steel","Cloak And Dagger+1","Finisher+1","Backstab","Blur+1","PiercingWail+1","Footwork+1","Noxious Fumes+1"],"special_seed":0,"relics":["Ring of the Snake","Prayer Wheel","Whetstone","Singing Bowl","Pantograph","Busted Crown","Letter Opener","Centennial Puzzle","Strawberry","Snake Skull","Vajra","Philosopher\u0027s Stone","Kunai","Potion Belt","Pen Nib","Paper Crane","Gambling Chip"],"potions_floor_usage":[18,22,24,27,28,46],"damage_taken":[{"damage":1.0,"enemies":"Small Slimes","floor":1.0,"turns":4.0},{"damage":4.0,"enemies":"Jaw Worm","floor":2.0,"turns":6.0},{"damage":0.0,"enemies":"2 Louse","floor":3.0,"turns":3.0},{"damage":5.0,"enemies":"Gremlin Gang","floor":5.0,"turns":5.0},{"damage":7.0,"enemies":"3 Sentries","floor":6.0,"turns":13.0},{"damage":4.0,"enemies":"Exordium Wildlife","floor":7.0,"turns":5.0},{"damage":0.0,"enemies":"Red Slaver","floor":11.0,"turns":5.0},{"damage":3.0,"enemies":"Lagavulin","floor":13.0,"turns":8.0},{"damage":0.0,"enemies":"Exordium Thugs","floor":14.0,"turns":3.0},{"damage":21,"enemies":"The Guardian","floor":16,"turns":16},{"damage":0,"enemies":"Spheric Guardian","floor":18,"turns":3},{"damage":0,"enemies":"Shell Parasite","floor":20,"turns":6},{"damage":10,"enemies":"Cultist and Chosen","floor":22,"turns":8},{"damage":1,"enemies":"Book of Stabbing","floor":24,"turns":5},{"damage":8,"enemies":"Slavers","floor":27,"turns":4},{"damage":2,"enemies":"Sentry and Sphere","floor":28,"turns":3},{"damage":10,"enemies":"Book of Stabbing","floor":29,"turns":5},{"damage":0,"enemies":"Shelled Parasite and Fungi","floor":31,"turns":4},{"damage":0,"enemies":"Automaton","floor":33,"turns":11},{"damage":0,"enemies":"Orb Walker","floor":35,"turns":3},{"damage":0,"enemies":"3 Shapes","floor":38,"turns":3},{"damage":7,"enemies":"Jaw Worm Horde","floor":39,"turns":3},{"damage":26,"enemies":"Nemesis","floor":41,"turns":6},{"damage":8,"enemies":"Spire Growth","floor":44,"turns":5},{"damage":0,"enemies":"Maw","floor":45,"turns":7},{"damage":8,"enemies":"Reptomancer","floor":46,"turns":6},{"damage":47,"enemies":"Time Eater","floor":50,"turns":14}],"seed_played":"-3424115562603810395","potions_obtained":[{"floor":1.0,"key":"Block Potion"},{"floor":5.0,"key":"Fire Potion"},{"floor":7.0,"key":"Strength Potion"},{"floor":20,"key":"Swift Potion"},{"floor":22,"key":"Fire Potion"},{"floor":27,"key":"Explosive Potion"},{"floor":28,"key":"SpeedPotion"},{"floor":33,"key":"Swift Potion"},{"floor":35,"key":"Regen Potion"},{"floor":44,"key":"SteroidPotion"}],"is_trial":false,"path_per_floor":["M","M","M","$","M","E","M","R","T","R","M","R","E","M","R","B",null,"M","?","M","?","M","R","E","$","T","E","M","E","R","M","R","B",null,"M","$","?","M","M","R","E","R","T","M","M","E","R","?","R","B",null],"character_chosen":"THE_SILENT","items_purchased":["Crippling Poison","Centennial Puzzle","Backstab","Kunai"],"campfire_rested":0,"item_purchase_floors":[4,25,25,36],"current_hp_per_floor":[58,54,54,54,49,42,38,38,38,38,42,42,41,43,43,47,63,65,65,67,67,61,61,60,60,67,61,63,53,53,53,53,80,88,92,92,92,96,91,91,67,67,67,63,67,76,76,76,76,54],"gold":93,"neow_bonus":"ONE_RARE_RELIC","is_prod":false,"is_daily":false,"chose_seed":false,"campfire_upgraded":11,"win_rate":0,"timestamp":1543717845,"path_taken":["M","M","M","$","M","E","M","R","T","R","M","R","E","M","R","BOSS","M","?","M","?","M","R","E","$","T","E","M","E","R","M","R","BOSS","M","$","?","M","M","R","E","R","T","M","?","E","R","?","R","BOSS"],"build_version":"2018-11-15","purchased_purges":1,"victory":true,"max_hp_per_floor":[60,60,60,60,60,60,60,60,60,60,64,64,66,68,68,68,68,70,70,72,72,76,76,76,76,83,85,89,89,89,89,89,91,91,95,95,95,99,101,101,103,103,103,107,111,113,113,113,113,113],"card_choices":[{"not_picked":["PiercingWail","Expertise"],"picked":"Flying Knee","floor":1.0},{"not_picked":["Blade Dance","Infinite Blades"],"picked":"Backflip","floor":1.0},{"not_picked":["Flying Knee","Outmaneuver"],"picked":"Glass Knife","floor":2.0},{"not_picked":["Quick Slash","Slice","Flechettes"],"picked":"SKIP","floor":2.0},{"not_picked":["Poisoned Stab","Finisher"],"picked":"Cloak And Dagger","floor":3.0},{"not_picked":["All Out Attack","Setup","Dagger Throw"],"picked":"SKIP","floor":3.0},{"not_picked":["Sucker Punch","Blade Dance","Riddle With Holes"],"picked":"SKIP","floor":5.0},{"not_picked":["Eviscerate","Backflip","Expertise"],"picked":"SKIP","floor":5.0},{"not_picked":["Dagger Spray","Well Laid Plans"],"picked":"After Image","floor":6.0},{"not_picked":["Slice","Sucker Punch"],"picked":"Backstab","floor":7.0},{"not_picked":["Reflex","Quick Slash","Slice"],"picked":"SKIP","floor":7.0},{"not_picked":["Underhanded Strike","Prepared","Eviscerate"],"picked":"Singing Bowl","floor":11.0},{"not_picked":["Slice","Flying Knee","Setup"],"picked":"Singing Bowl","floor":11.0},{"not_picked":["Sucker Punch","Masterful Stab","Dagger Throw"],"picked":"Singing Bowl","floor":13.0},{"not_picked":["Blade Dance","Underhanded Strike","Skewer"],"picked":"Singing Bowl","floor":14.0},{"not_picked":["Outmaneuver","Deadly Poison"],"picked":"PiercingWail","floor":14.0},{"not_picked":["Corpse Explosion","Tools of the Trade"],"picked":"A Thousand Cuts","floor":16},{"not_picked":["Accuracy+1"],"picked":"Singing Bowl","floor":18},{"not_picked":[],"picked":"Backflip","floor":18},{"not_picked":["Deadly Poison"],"picked":"Singing Bowl","floor":20},{"not_picked":[],"picked":"Cloak And Dagger","floor":20},{"not_picked":["Deflect"],"picked":"Singing Bowl","floor":22},{"not_picked":["Acrobatics"],"picked":"Singing Bowl","floor":22},{"not_picked":[],"picked":"Finisher","floor":24},{"not_picked":["Reflex"],"picked":"Singing Bowl","floor":27},{"not_picked":["Prepared"],"picked":"Singing Bowl","floor":28},{"not_picked":["Riddle With Holes"],"picked":"Singing Bowl","floor":28},{"not_picked":[],"picked":"Blur","floor":29},{"not_picked":[],"picked":"PiercingWail","floor":31},{"not_picked":[],"picked":"Footwork","floor":31},{"not_picked":["Corpse Explosion"],"picked":"Singing Bowl","floor":33},{"not_picked":["Blade Dance+1"],"picked":"Singing Bowl","floor":35},{"not_picked":["Prepared+1"],"picked":"Singing Bowl","floor":35},{"not_picked":["Slice"],"picked":"Singing Bowl","floor":38},{"not_picked":["Deflect+1"],"picked":"Singing Bowl","floor":38},{"not_picked":[],"picked":"Noxious Fumes","floor":39},{"not_picked":["Acrobatics"],"picked":"Singing Bowl","floor":39},{"not_picked":["Bane"],"picked":"Singing Bowl","floor":41},{"not_picked":["Grand Finale"],"picked":"Singing Bowl","floor":44},{"not_picked":["Dagger Throw+1"],"picked":"Singing Bowl","floor":44},{"not_picked":["Expertise"],"picked":"Singing Bowl","floor":45},{"not_picked":["Flying Knee"],"picked":"Singing Bowl","floor":45},{"not_picked":["Dagger Spray+1"],"picked":"Singing Bowl","floor":46}],"player_experience":1700612,"relics_obtained":[{"floor":6.0,"key":"Whetstone"},{"floor":9.0,"key":"Singing Bowl"},{"floor":13.0,"key":"Pantograph"},{"floor":24,"key":"Letter Opener"},{"floor":26,"key":"Strawberry"},{"floor":27,"key":"Snake Skull"},{"floor":29,"key":"Vajra"},{"floor":41,"key":"Potion Belt"},{"floor":43,"key":"Pen Nib"},{"floor":46,"key":"Paper Crane"}],"event_choices":[{"damage_healed":0,"gold_gain":0,"cards_transformed":["Strike_G","Strike_G"],"player_choice":"Became Test Subject","damage_taken":0,"max_hp_gain":0,"max_hp_loss":0,"event_name":"Drug Dealer","floor":19,"gold_loss":0,"cards_obtained":["Caltrops","Storm of Steel"]},{"damage_healed":0,"gold_gain":0,"player_choice":"Simplicity","damage_taken":0,"max_hp_gain":0,"max_hp_loss":0,"event_name":"Back to Basics","floor":21,"gold_loss":0,"cards_upgraded":["Defend_G","Defend_G","Defend_G","Defend_G","Defend_G","Strike_G"]},{"damage_healed":0,"gold_gain":0,"player_choice":"Upgraded","damage_taken":0,"max_hp_gain":0,"max_hp_loss":0,"event_name":"Upgrade Shrine","floor":37,"gold_loss":0,"cards_upgraded":["Finisher"]},{"damage_healed":0,"gold_gain":0,"player_choice":"Paid Gold","damage_taken":0,"relics_obtained":["Gambling Chip"],"max_hp_gain":0,"max_hp_loss":0,"event_name":"WeMeetAgain","floor":48,"gold_loss":67}],"is_beta":false,"boss_relics":[{"not_picked":["Coffee Dripper","Velvet Choker"],"picked":"Busted Crown"},{"not_picked":["Runic Pyramid","HoveringKite"],"picked":"Philosopher\u0027s Stone"}],"items_purged_floors":[4],"is_endless":false,"potions_floor_spawned":[1,5,7,11,13,16,20,22,27,28,33,35,39,44],"ascension_level":15}