{"gold_per_floor":[112,44,58,58,75,75,103,103,103,103,103,116,127,110,110,186,186,198,198,217,19,31,31,64,82,82,82,92,108,123,153,153,230,230,245,245,259,3,14,14,39,39,39,49,49,25,25,37,37,37],"floor_reached":51,"playtime":2737,"items_purged":[],"score":1268,"play_id":"b2ba67a6-c8eb-4d9f-a5ac-136b2a1c1abb","local_time":"20190102113734","is_ascension_mode":true,"campfire_choices":[{"data":"Poisoned Stab","floor":6.0,"key":"SMITH"},{"data":"Neutralize","floor":8.0,"key":"SMITH"},{"data":"Slice","floor":11.0,"key":"SMITH"},{"floor":15.0,"key":"REST"},{"data":"Malaise","floor":23.0,"key":"SMITH"},{"floor":27.0,"key":"REST"},{"data":"Catalyst","floor":32.0,"key":"SMITH"},{"data":"Apotheosis","floor":40,"key":"SMITH"},{"data":"Malaise","floor":42,"key":"SMITH"},{"floor":49,"key":"REST"}],"neow_cost":"NONE","seed_source_timestamp":8651593188126,"circlet_count":0,"master_deck":["AscendersBane","Defend_G","Defend_G","Defend_G","Defend_G","Defend_G","Strike_G","Strike_G+1","Survivor","Neutralize+1","Dodge and Roll+1","Well Laid Plans","Slice+1","Poisoned Stab+1","Sucker Punch+1","Deflect","PiercingWail","Noxious Fumes+1","After Image+1","Bullet Time+1","Backflip+1","Accuracy+1","Poisoned Stab+1","Malaise+1","Dagger Spray","PiercingWail","Noxious Fumes+1","Catalyst+1","Malaise+1","Blade Dance+1","Footwork+1","Apotheosis+1","Leg Sweep+1","Poisoned Stab+1","Doubt","Crippling Poison","Dodge and Roll"],"special_seed":0,"relics":["Ring of the Snake","Ornamental Fan","Frozen Egg 2","Astrolabe","Oddly Smooth Stone","Mercury Hourglass","Centennial Puzzle","PreservedInsect","Cursed Key","Ancient Tea Set","Bird Faced Urn"],"potions_floor_usage":[39,50,50],"damage_taken":[{"damage":5.0,"enemies":"Jaw Worm","floor":1.0,"turns":6.0},{"damage":0.0,"enemies":"Cultist","floor":3.0,"turns":4.0},{"damage":0.0,"enemies":"Small Slimes","floor":5.0,"turns":4.0},{"damage":20.0,"enemies":"Lagavulin","floor":7.0,"turns":9.0},{"damage":4.0,"enemies":"Blue Slaver","floor":12.0,"turns":5.0},{"damage":0.0,"enemies":"Large Slime","floor":13.0,"turns":7.0},{"damage":0.0,"enemies":"Exordium Thugs","floor":14.0,"turns":4.0},{"damage":6.0,"enemies":"Hexaghost","floor":16.0,"turns":10.0},{"damage":2.0,"enemies":"Shell Parasite","floor":18.0,"turns":6.0},{"damage":0.0,"enemies":"Chosen","floor":20.0,"turns":6.0},{"damage":0.0,"enemies":"Sentry and Sphere","floor":22.0,"turns":7.0},{"damage":10.0,"enemies":"Book of Stabbing","floor":24.0,"turns":8.0},{"damage":6.0,"enemies":"3 Cultists","floor":25.0,"turns":5.0},{"damage":0.0,"enemies":"Snake Plant","floor":28.0,"turns":5.0},{"damage":1.0,"enemies":"Shelled Parasite and Fungi","floor":29.0,"turns":7.0},{"damage":3.0,"enemies":"Cultist and Chosen","floor":30.0,"turns":6.0},{"damage":20.0,"enemies":"Slavers","floor":31.0,"turns":7.0},{"damage":17.0,"enemies":"Collector","floor":33.0,"turns":10.0},{"damage":0.0,"enemies":"3 Shapes","floor":35.0,"turns":6.0},{"damage":2.0,"enemies":"3 Darklings","floor":37.0,"turns":5.0},{"damage":4,"enemies":"Sphere and 2 Shapes","floor":39,"turns":6},{"damage":6,"enemies":"Giant Head","floor":41,"turns":9},{"damage":35,"enemies":"Transient","floor":44,"turns":5},{"damage":0,"enemies":"4 Shapes","floor":48,"turns":5},{"damage":17,"enemies":"Awakened One","floor":50,"turns":18}],"seed_played":"-2714296657472494738","potions_obtained":[{"floor":1.0,"key":"LiquidBronze"},{"floor":5.0,"key":"Block Potion"},{"floor":12.0,"key":"SpeedPotion"},{"floor":14.0,"key":"Ancient Potion"},{"floor":16.0,"key":"SteroidPotion"},{"floor":24.0,"key":"Fire Potion"},{"floor":31.0,"key":"Regen Potion"},{"floor":33.0,"key":"GamblersBrew"},{"floor":35.0,"key":"Dexterity Potion"},{"floor":47,"key":"Swift Potion"}],"is_trial":false,"path_per_floor":["M","$","M","?","M","R","E","R","T","?","R","M","M","M","R","B",null,"M","?","M","$","M","R","E","M","T","R","M","M","M","E","R","B",null,"M","?","M","$","M","R","E","R","T","M","?","$","?","M","R","B",null],"character_chosen":"THE_SILENT","items_purchased":["Well Laid Plans","Malaise","Dexterity Potion","Footwork+1","Apotheosis","Dodge and Roll"],"campfire_rested":3,"item_purchase_floors":[2,21,21,38,38,46],"current_hp_per_floor":[60,60,60,38,38,38,18,18,18,18,18,14,14,14,35,29,61,59,59,59,59,59,59,49,43,43,64,64,63,60,40,40,38,64,64,64,62,62,58,58,52,52,52,27,27,27,27,39,59,54],"gold":37,"neow_bonus":"TEN_PERCENT_HP_BONUS","is_prod":false,"is_daily":false,"chose_seed":false,"campfire_upgraded":7,"win_rate":0,"timestamp":1546457854,"path_taken":["M","$","M","?","M","R","E","R","T","?","R","M","?","M","R","BOSS","M","?","M","$","M","R","E","?","T","R","M","M","M","E","R","BOSS","M","?","M","$","M","R","E","R","T","M","?","$","?","M","R","BOSS"],"build_version":"2018-12-20","purchased_purges":0,"victory":true,"max_hp_per_floor":[72,72,72,72,72,72,72,72,72,72,72,72,72,72,72,72,72,72,72,72,72,72,72,72,72,72,72,72,72,72,72,72,72,72,72,72,72,72,72,72,72,72,72,72,68,68,68,68,68,68],"card_choices":[{"not_picked":["Expertise","Tactician"],"picked":"Dodge and Roll","floor":1.0},{"not_picked":["Finisher","Acrobatics"],"picked":"Slice","floor":3.0},{"not_picked":["Blur","Distraction"],"picked":"Poisoned Stab","floor":5.0},{"not_picked":["Slice","Riddle With Holes"],"picked":"Sucker Punch","floor":7.0},{"not_picked":["Distraction","Slice"],"picked":"Deflect","floor":12.0},{"not_picked":["Acrobatics","Skewer"],"picked":"PiercingWail","floor":13.0},{"not_picked":["Bane","Doppelganger"],"picked":"Noxious Fumes+1","floor":14.0},{"not_picked":["Unload","Glass Knife"],"picked":"After Image+1","floor":16.0},{"not_picked":["Underhanded Strike","Bouncing Flask"],"picked":"Poisoned Stab+1","floor":18.0},{"not_picked":["Deflect","Poisoned Stab","Flechettes"],"picked":"SKIP","floor":20.0},{"not_picked":["Dagger Throw","Slice"],"picked":"Dagger Spray","floor":22.0},{"not_picked":["Outmaneuver","Underhanded Strike"],"picked":"PiercingWail","floor":24.0},{"not_picked":["Heel Hook","Flying Knee"],"picked":"Noxious Fumes+1","floor":25.0},{"not_picked":["Expertise","Envenom+1","Prepared"],"picked":"SKIP","floor":28.0},{"not_picked":["Underhanded Strike","Heel Hook","Quick Slash"],"picked":"SKIP","floor":29.0},{"not_picked":["Outmaneuver","Bouncing Flask","Flying Knee"],"picked":"SKIP","floor":30.0},{"not_picked":["PiercingWail","Choke"],"picked":"Catalyst","floor":31.0},{"not_picked":["After Image+1","Bullet Time"],"picked":"Malaise","floor":33.0},{"not_picked":["Prepared","Slice+1","Dagger Spray+1"],"picked":"SKIP","floor":35.0},{"not_picked":["Bouncing Flask+1","Setup"],"picked":"Blade Dance+1","floor":37.0},{"not_picked":["Choke","Escape Plan"],"picked":"Leg Sweep+1","floor":39},{"not_picked":["Escape Plan","Bullet Time"],"picked":"Poisoned Stab+1","floor":41},{"not_picked":["Setup","Infinite Blades+1"],"picked":"Crippling Poison","floor":44},{"not_picked":["Infinite Blades+1","Deflect","Slice"],"picked":"SKIP","floor":48}],"player_experience":1925637,"relics_obtained":[{"floor":7.0,"key":"Ornamental Fan"},{"floor":9.0,"key":"Frozen Egg 2"},{"floor":24.0,"key":"Mercury Hourglass"},{"floor":26.0,"key":"Centennial Puzzle"},{"floor":31.0,"key":"PreservedInsect"},{"floor":41,"key":"Ancient Tea Set"},{"floor":43,"key":"Bird Faced Urn"}],"event_choices":[{"damage_healed":0.0,"max_hp_gain":0.0,"max_hp_loss":0.0,"gold_gain":0.0,"event_name":"Shining Light","player_choice":"Entered Light","floor":4.0,"gold_loss":0.0,"damage_taken":22.0,"cards_upgraded":["Strike_G","Dodge and Roll"]},{"damage_healed":0.0,"max_hp_gain":0.0,"max_hp_loss":0.0,"gold_gain":0.0,"event_name":"Accursed Blacksmith","player_choice":"Forge","floor":10.0,"gold_loss":0.0,"damage_taken":0.0,"cards_upgraded":["Sucker Punch"]},{"damage_healed":0.0,"max_hp_gain":0.0,"max_hp_loss":0.0,"gold_gain":0.0,"event_name":"WeMeetAgain","player_choice":"Gave Potion","floor":19.0,"gold_loss":0.0,"damage_taken":0.0,"relics_obtained":["Oddly Smooth Stone"]},{"damage_healed":0.0,"max_hp_gain":0.0,"max_hp_loss":0.0,"gold_gain":0.0,"event_name":"Tomb of Lord Red Mask","player_choice":"Ignored","floor":36.0,"gold_loss":0.0,"damage_taken":0.0},{"damage_healed":0,"gold_gain":0,"player_choice":"Max HP","damage_taken":0,"max_hp_gain":0,"max_hp_loss":4,"event_name":"Winding Halls","floor":45,"gold_loss":0},{"damage_healed":0,"gold_gain":0,"player_choice":"Got Potions","damage_taken":0,"max_hp_gain":0,"max_hp_loss":0,"event_name":"Lab","floor":47,"gold_loss":0}],"is_beta":false,"boss_relics":[{"not_picked":["Calling Bell","Busted Crown"],"picked":"Astrolabe"},{"not_picked":["Runic Pyramid","Empty Cage"],"picked":"Cursed Key"}],"items_purged_floors":[],"is_endless":false,"potions_floor_spawned":[1,5,12,14,16,18,24,31,33,35],"ascension_level":15}