{"gold_per_floor":[119,119,35,51,51,126,138,138,138,150,66,66,92,92,92,167,167,133,133,152,185,12,12,30,65,65,85,85,100,100,133,133,209,209,219,219,94,107,34,66,82,82,82,93,93,105,105,125,125,125],"floor_reached":50,"playtime":4355,"items_purged":["Strike_G","Strike_G","Normality"],"score":883,"play_id":"00ac824a-56e8-49de-9d1f-0f31ad1f7b1e","local_time":"20190105134820","is_ascension_mode":true,"campfire_choices":[{"data":"Skewer","floor":8.0,"key":"SMITH"},{"data":"Grand Finale","floor":12.0,"key":"SMITH"},{"floor":15.0,"key":"REST"},{"floor":23.0,"key":"REST"},{"floor":30,"key":"REST"},{"data":"Burst","floor":32,"key":"SMITH"},{"floor":42,"key":"REST"},{"floor":47,"key":"REST"},{"data":"Footwork","floor":49,"key":"SMITH"}],"neow_cost":"NONE","seed_source_timestamp":0,"circlet_count":0,"master_deck":["AscendersBane","Defend_G","Defend_G","Defend_G","Defend_G","Defend_G","Strike_G","Strike_G","Strike_G","Survivor+1","Neutralize+1","Dagger Throw","Skewer+1","Well Laid Plans","Grand Finale+1","Caltrops","Footwork+1","Infinite Blades","Burst+1","Escape Plan","PiercingWail","Dodge and Roll","Prepared","Escape Plan","PiercingWail","Prepared"],"special_seed":0,"relics":["Ring of the Snake","GremlinMask","Bottled Flame","Du-Vu Doll","Kunai","Cursed Key","Enchiridion","Red Mask","Anchor","Calipers","StoneCalendar","Nloth\u0027s Gift","Bronze Scales","Black Star","Bottled Tornado","Centennial Puzzle","Ancient Tea Set","Pantograph"],"potions_floor_usage":[33,40,40,40,50,50],"damage_taken":[{"damage":2.0,"enemies":"Cultist","floor":1.0,"turns":5.0},{"damage":0.0,"enemies":"2 Louse","floor":4.0,"turns":3.0},{"damage":0.0,"enemies":"Small Slimes","floor":7.0,"turns":3.0},{"damage":3.0,"enemies":"2 Fungi Beasts","floor":10.0,"turns":4.0},{"damage":12.0,"enemies":"3 Sentries","floor":13.0,"turns":10.0},{"damage":15.0,"enemies":"The Guardian","floor":16.0,"turns":11.0},{"damage":16.0,"enemies":"2 Thieves","floor":18.0,"turns":5.0},{"damage":0.0,"enemies":"Shell Parasite","floor":20.0,"turns":6.0},{"damage":16.0,"enemies":"Masked Bandits","floor":21.0,"turns":7.0},{"damage":0.0,"enemies":"Cultist and Chosen","floor":24.0,"turns":8.0},{"damage":0.0,"enemies":"Gremlin Leader","floor":25.0,"turns":6.0},{"damage":5.0,"enemies":"Chosen and Byrds","floor":27.0,"turns":7.0},{"damage":4.0,"enemies":"Sentry and Sphere","floor":29.0,"turns":4.0},{"damage":9,"enemies":"Book of Stabbing","floor":31,"turns":7},{"damage":12,"enemies":"Automaton","floor":33,"turns":9},{"damage":10,"enemies":"3 Darklings","floor":35,"turns":4},{"damage":0,"enemies":"3 Shapes","floor":38,"turns":7},{"damage":16,"enemies":"Nemesis","floor":40,"turns":13},{"damage":32,"enemies":"Spire Growth","floor":41,"turns":7},{"damage":0,"enemies":"4 Shapes","floor":44,"turns":5},{"damage":1,"enemies":"Maw","floor":46,"turns":7},{"damage":1,"enemies":"Sphere and 2 Shapes","floor":48,"turns":7},{"damage":73,"enemies":"Time Eater","floor":50,"turns":12}],"seed_played":"-7321103083863102390","potions_obtained":[{"floor":10.0,"key":"SmokeBomb"},{"floor":13.0,"key":"GhostInAJar"},{"floor":16.0,"key":"SkillPotion"},{"floor":18.0,"key":"Ancient Potion"},{"floor":21.0,"key":"Poison Potion"},{"floor":24.0,"key":"Strength Potion"},{"floor":31,"key":"FearPotion"},{"floor":38,"key":"EntropicBrew"},{"floor":41,"key":"Strength Potion"}],"is_trial":false,"path_per_floor":["M","?","$","M","T","?","M","R","T","M","$","R","E","?","R","B",null,"M","?","M","?","$","R","M","E","T","M","?","M","R","E","R","B",null,"M","T","$","M","$","E","M","R","T","M","?","M","R","M","R","B"],"character_chosen":"THE_SILENT","items_purchased":["Skewer","Footwork","Prepared","Anchor","Regen Potion"],"campfire_rested":5,"item_purchase_floors":[3,11,22,22,39],"current_hp_per_floor":[61,61,61,61,61,50,50,50,50,47,47,47,35,21,42,27,59,43,27,27,11,11,32,32,32,32,27,27,23,44,35,35,23,58,48,48,48,48,48,47,15,36,36,36,36,35,55,54,54,0],"gold":125,"neow_bonus":"RANDOM_COMMON_RELIC","is_prod":false,"is_daily":false,"chose_seed":false,"campfire_upgraded":4,"win_rate":0,"timestamp":1546692500,"path_taken":["M","?","$","?","?","?","M","R","T","M","$","R","E","?","R","BOSS","M","?","M","?","?","R","M","E","T","?","?","M","R","E","R","BOSS","M","?","$","M","$","E","M","R","T","M","?","?","R","M","R","BOSS"],"build_version":"2019-01-03v4","purchased_purges":3,"victory":false,"max_hp_per_floor":[70,70,70,70,70,70,70,70,70,70,70,70,70,70,70,70,70,70,70,70,70,70,70,70,70,70,70,70,70,70,70,70,70,70,70,70,70,70,70,70,70,70,70,70,67,67,67,67,67,67],"card_choices":[{"not_picked":["PiercingWail","Backflip"],"picked":"Dagger Throw","floor":1.0},{"not_picked":["Flying Knee","Outmaneuver"],"picked":"Well Laid Plans","floor":4.0},{"not_picked":["Quick Slash","Noxious Fumes"],"picked":"Grand Finale","floor":7.0},{"not_picked":["Flechettes","Blade Dance"],"picked":"Caltrops","floor":10.0},{"not_picked":["Poisoned Stab","Distraction"],"picked":"Infinite Blades","floor":13.0},{"not_picked":["Glass Knife","Bullet Time"],"picked":"Burst","floor":16.0},{"not_picked":["Endless Agony","Backflip"],"picked":"Escape Plan","floor":18.0},{"not_picked":["Expertise","Underhanded Strike"],"picked":"PiercingWail","floor":20.0},{"not_picked":["Bane","Poisoned Stab"],"picked":"Dodge and Roll","floor":21.0},{"not_picked":["Backflip","Night Terror"],"picked":"Escape Plan","floor":24.0},{"not_picked":["Cloak And Dagger","Flechettes"],"picked":"PiercingWail","floor":25.0},{"not_picked":["Blade Dance+1","Slice","Flechettes"],"picked":"SKIP","floor":27.0},{"not_picked":["Quick Slash","Underhanded Strike","Setup"],"picked":"SKIP","floor":29},{"not_picked":["Bouncing Flask","Venomology"],"picked":"Prepared","floor":31},{"not_picked":["Backflip","PiercingWail","Deflect+1"],"picked":"SKIP","floor":35},{"not_picked":["Glass Knife","Deflect","Bouncing Flask+1"],"picked":"SKIP","floor":38},{"not_picked":["Storm of Steel","PiercingWail+1","Envenom"],"picked":"SKIP","floor":40},{"not_picked":["Eviscerate","Outmaneuver","Dodge and Roll"],"picked":"SKIP","floor":41},{"not_picked":["Distraction","Flying Knee","Outmaneuver"],"picked":"SKIP","floor":44},{"not_picked":["Acrobatics","Deflect","Backflip+1"],"picked":"SKIP","floor":46},{"not_picked":["Bouncing Flask","Crippling Poison","Caltrops"],"picked":"SKIP","floor":48}],"player_experience":409551,"relics_obtained":[{"floor":5.0,"key":"Bottled Flame"},{"floor":9.0,"key":"Du-Vu Doll"},{"floor":13.0,"key":"Kunai"},{"floor":19.0,"key":"Enchiridion"},{"floor":21.0,"key":"Red Mask"},{"floor":25.0,"key":"Calipers"},{"floor":26.0,"key":"StoneCalendar"},{"floor":31,"key":"Bronze Scales"},{"floor":36,"key":"Bottled Tornado"},{"floor":40,"key":"Centennial Puzzle"},{"floor":40,"key":"Ancient Tea Set"},{"floor":43,"key":"Pantograph"}],"event_choices":[{"damage_healed":0.0,"max_hp_gain":0.0,"max_hp_loss":0.0,"gold_gain":0.0,"event_name":"FaceTrader","player_choice":"Trade","floor":2.0,"gold_loss":0.0,"damage_taken":0.0,"relics_obtained":["GremlinMask"]},{"damage_healed":0.0,"max_hp_gain":0.0,"max_hp_loss":0.0,"gold_gain":75.0,"event_name":"World of Goop","player_choice":"Gather Gold","floor":6.0,"gold_loss":0.0,"damage_taken":11.0},{"damage_healed":0.0,"max_hp_gain":0.0,"max_hp_loss":0.0,"gold_gain":0.0,"event_name":"Shining Light","player_choice":"Entered Light","floor":14.0,"gold_loss":0.0,"damage_taken":14.0,"cards_upgraded":["Neutralize","Survivor"]},{"damage_healed":0.0,"max_hp_gain":0.0,"max_hp_loss":0.0,"gold_gain":0.0,"event_name":"Cursed Tome","player_choice":"Obtained Book","floor":19.0,"gold_loss":0.0,"damage_taken":16.0},{"damage_healed":0.0,"max_hp_gain":0.0,"max_hp_loss":0.0,"gold_gain":0.0,"event_name":"Masked Bandits","player_choice":"Fought Bandits","floor":21.0,"gold_loss":0.0,"damage_taken":0.0},{"damage_healed":0.0,"max_hp_gain":0.0,"max_hp_loss":0.0,"gold_gain":0.0,"event_name":"N\u0027loth","player_choice":"Traded Relic","floor":28.0,"relics_lost":["Smiling Mask"],"gold_loss":0.0,"damage_taken":0.0,"relics_obtained":["Nloth\u0027s Gift"]},{"cards_removed":["Decay","Parasite"],"damage_healed":0,"gold_gain":0,"player_choice":"Removed Curses","damage_taken":0,"max_hp_gain":0,"max_hp_loss":0,"event_name":"Fountain of Cleansing","floor":45,"gold_loss":0}],"is_beta":false,"boss_relics":[{"not_picked":["Astrolabe","Philosopher\u0027s Stone"],"picked":"Cursed Key"},{"not_picked":["HoveringKite","Snecko Eye"],"picked":"Black Star"}],"items_purged_floors":[3,11,37],"is_endless":false,"potions_floor_spawned":[10,13,16,18,21,24,31,38,41,46],"killed_by":"Time Eater","ascension_level":13}