{"gold_per_floor":[119,131,144,219,219,219,237,248,248,267,10,10,28,39,39,117,117,134,134,134,134,146,176,32,32,87,115,127,127,155,170,170,244,244,263,280,297,309,320,320,347,360,360,360,80,96,96,131,131,131,131],"floor_reached":52,"playtime":3613,"items_purged":["Strike_G","Strike_G"],"score":2386,"play_id":"2a31a266-6e96-4950-bb5f-078ca62b9b89","local_time":"20190129214331","is_ascension_mode":true,"campfire_choices":[{"data":"Neutralize","floor":6.0,"key":"SMITH"},{"data":"Apotheosis","floor":12.0,"key":"SMITH"},{"data":"Noxious Fumes","floor":15.0,"key":"SMITH"},{"floor":25.0,"key":"REST"},{"data":"Acrobatics","floor":32,"key":"SMITH"},{"floor":40,"key":"REST"},{"floor":44,"key":"RECALL"},{"floor":49,"key":"REST"}],"neow_cost":"NONE","seed_source_timestamp":36057238089883,"circlet_count":0,"master_deck":["AscendersBane","Defend_G","Defend_G","Defend_G","Defend_G","Defend_G","Strike_G","Survivor","Neutralize+1","Deadly Poison+1","PiercingWail","Noxious Fumes+1","Apotheosis+1","Backflip","Acrobatics+1","Backflip+1","Skewer","Escape Plan","Escape Plan+1","Blur","Bouncing Flask","After Image","Footwork","Finesse"],"special_seed":0,"relics":["Busted Crown","Paper Crane","Orrery","Centennial Puzzle","The Courier","Bag of Preparation","Ornamental Fan","Smiling Mask","Oddly Smooth Stone","Fusion Hammer","Blood Vial","Gremlin Horn","Dream Catcher"],"potions_floor_usage":[33,37,39,51,51,51,51],"damage_taken":[{"damage":0.0,"enemies":"Cultist","floor":1.0,"turns":4.0},{"damage":7.0,"enemies":"Small Slimes","floor":2.0,"turns":4.0},{"damage":11.0,"enemies":"Jaw Worm","floor":3.0,"turns":5.0},{"damage":3.0,"enemies":"Gremlin Gang","floor":7.0,"turns":5.0},{"damage":10.0,"enemies":"Lots of Slimes","floor":8.0,"turns":4.0},{"damage":6.0,"enemies":"Looter","floor":10.0,"turns":4.0},{"damage":3.0,"enemies":"Exordium Thugs","floor":13.0,"turns":5.0},{"damage":0.0,"enemies":"Blue Slaver","floor":14.0,"turns":4.0},{"damage":0.0,"enemies":"Hexaghost","floor":16.0,"turns":10.0},{"damage":0.0,"enemies":"Chosen","floor":18.0,"turns":5.0},{"damage":11.0,"enemies":"Colosseum Slavers","floor":21.0,"turns":6.0},{"damage":4.0,"enemies":"Spheric Guardian","floor":22.0,"turns":7.0},{"damage":9.0,"enemies":"Book of Stabbing","floor":23.0,"turns":6.0},{"damage":0,"enemies":"Gremlin Leader","floor":27,"turns":8},{"damage":0,"enemies":"3 Cultists","floor":28,"turns":6},{"damage":9,"enemies":"Book of Stabbing","floor":30,"turns":8},{"damage":18,"enemies":"Snecko","floor":31,"turns":5},{"damage":0,"enemies":"Automaton","floor":33,"turns":12},{"damage":0,"enemies":"3 Shapes","floor":35,"turns":5},{"damage":0,"enemies":"Orb Walker","floor":36,"turns":4},{"damage":3,"enemies":"Writhing Mass","floor":37,"turns":7},{"damage":0,"enemies":"3 Darklings","floor":38,"turns":6},{"damage":8,"enemies":"Transient","floor":39,"turns":6},{"damage":0,"enemies":"Giant Head","floor":41,"turns":10},{"damage":0,"enemies":"Sphere and 2 Shapes","floor":42,"turns":5},{"damage":0,"enemies":"Maw","floor":46,"turns":8},{"damage":36,"enemies":"Nemesis","floor":48,"turns":11},{"damage":3,"enemies":"Awakened One","floor":50,"turns":19},{"damage":0,"enemies":"Donu and Deca","floor":51,"turns":13}],"seed_played":"1123266671600821884","potions_obtained":[{"floor":8.0,"key":"Energy Potion"},{"floor":10.0,"key":"Block Potion"},{"floor":22.0,"key":"Poison Potion"},{"floor":31,"key":"AttackPotion"},{"floor":36,"key":"EntropicBrew"},{"floor":37,"key":"Explosive Potion"},{"floor":39,"key":"SpeedPotion"}],"is_trial":false,"path_per_floor":["M","M","M","?","?","R","M","M","T","M","$","R","M","M","R","B",null,"M","?","T","?","M","E","$","R","T","E","M","?","E","M","R","B",null,"M","M","M","M","M","R","E","M","T","R","$","M","?","E","R","B","B",null],"character_chosen":"THE_SILENT","items_purchased":["Apotheosis","SkillPotion","PowerPotion","PowerPotion","Gremlin Horn"],"campfire_rested":3,"item_purchase_floors":[11,11,24,24,45],"current_hp_per_floor":[59,52,41,30,30,30,27,17,17,11,11,11,8,8,8,8,52,52,52,52,41,37,28,28,47,47,47,47,47,38,20,20,20,55,55,55,52,52,44,63,63,65,65,65,65,66,56,22,41,40,42],"gold":131,"neow_bonus":"BOSS_RELIC","is_prod":false,"is_daily":false,"chose_seed":false,"campfire_upgraded":4,"win_rate":0,"timestamp":1548769411,"path_taken":["M","M","?","?","?","R","M","?","T","M","?","R","M","?","R","BOSS","M","?","?","?","M","E","$","R","T","E","?","?","E","M","R","BOSS","M","?","M","M","M","R","E","M","T","R","$","?","?","E","R","BOSS","BOSS"],"build_version":"2019-01-23","purchased_purges":2,"victory":true,"max_hp_per_floor":[66,66,66,66,66,66,66,66,66,66,66,66,66,66,66,66,66,66,66,66,66,66,66,66,66,66,66,66,66,66,66,66,66,66,66,66,66,66,66,66,66,66,66,66,66,66,66,66,66,66,66],"card_choices":[{"not_picked":[],"picked":"Deadly Poison","floor":1.0},{"not_picked":["Flying Knee"],"picked":"SKIP","floor":2.0},{"not_picked":[],"picked":"PiercingWail","floor":3.0},{"not_picked":[],"picked":"Noxious Fumes","floor":7.0},{"not_picked":["Underhanded Strike"],"picked":"SKIP","floor":8.0},{"not_picked":["Quick Slash"],"picked":"SKIP","floor":10.0},{"not_picked":["Poisoned Stab"],"picked":"SKIP","floor":13.0},{"not_picked":["Poisoned Stab"],"picked":"SKIP","floor":14.0},{"not_picked":[],"picked":"Backflip","floor":17.0},{"not_picked":[],"picked":"Acrobatics","floor":17.0},{"not_picked":[],"picked":"Backflip+1","floor":18.0},{"not_picked":[],"picked":"Escape Plan+1","floor":22.0},{"not_picked":[],"picked":"Blur","floor":23.0},{"not_picked":["Bane"],"picked":"SKIP","floor":27},{"not_picked":["Cloak And Dagger"],"picked":"SKIP","floor":28},{"not_picked":[],"picked":"Bouncing Flask","floor":30},{"not_picked":["Deadly Poison"],"picked":"SKIP","floor":31},{"not_picked":["Deadly Poison"],"picked":"SKIP","floor":31},{"not_picked":["Deadly Poison"],"picked":"SKIP","floor":31},{"not_picked":[],"picked":"After Image","floor":33},{"not_picked":["Deflect"],"picked":"SKIP","floor":35},{"not_picked":[],"picked":"Footwork","floor":36},{"not_picked":["Quick Slash"],"picked":"SKIP","floor":37},{"not_picked":["Eviscerate"],"picked":"SKIP","floor":38},{"not_picked":["Flying Knee"],"picked":"SKIP","floor":39},{"not_picked":["Quick Slash"],"picked":"SKIP","floor":41},{"not_picked":["Dagger Throw"],"picked":"SKIP","floor":42},{"not_picked":["Backflip"],"picked":"SKIP","floor":46},{"not_picked":[],"picked":"Finesse","floor":47},{"not_picked":["Underhanded Strike"],"picked":"SKIP","floor":48}],"player_experience":2614674,"relics_obtained":[{"floor":9.0,"key":"Paper Crane"},{"floor":20.0,"key":"Centennial Puzzle"},{"floor":23.0,"key":"The Courier"},{"floor":26.0,"key":"Bag of Preparation"},{"floor":27,"key":"Ornamental Fan"},{"floor":30,"key":"Oddly Smooth Stone"},{"floor":41,"key":"Blood Vial"},{"floor":48,"key":"Dream Catcher"}],"event_choices":[{"damage_healed":0.0,"max_hp_gain":0.0,"max_hp_loss":0.0,"gold_gain":75.0,"event_name":"World of Goop","player_choice":"Gather Gold","floor":4.0,"gold_loss":0.0,"damage_taken":11.0},{"damage_healed":0.0,"max_hp_gain":0.0,"max_hp_loss":0.0,"gold_gain":0.0,"event_name":"Accursed Blacksmith","player_choice":"Forge","floor":5.0,"gold_loss":0.0,"damage_taken":0.0,"cards_upgraded":["Deadly Poison"]},{"damage_healed":0.0,"max_hp_gain":0.0,"max_hp_loss":0.0,"gold_gain":0.0,"cards_transformed":["Strike_G","Strike_G"],"event_name":"Drug Dealer","player_choice":"Became Test Subject","floor":19.0,"gold_loss":0.0,"damage_taken":0.0,"cards_obtained":["Skewer","Escape Plan"]},{"damage_healed":0.0,"max_hp_gain":0.0,"max_hp_loss":0.0,"gold_gain":0.0,"event_name":"Colosseum","player_choice":"Fight","floor":21.0,"gold_loss":0.0,"damage_taken":0.0},{"damage_healed":0.0,"max_hp_gain":0.0,"max_hp_loss":0.0,"gold_gain":0.0,"event_name":"Colosseum","player_choice":"Fled From Nobs","floor":21.0,"gold_loss":0.0,"damage_taken":0.0},{"damage_healed":0,"gold_gain":0,"player_choice":"Gave Potion","damage_taken":0,"relics_obtained":["Smiling Mask"],"max_hp_gain":0,"max_hp_loss":0,"event_name":"WeMeetAgain","floor":29,"gold_loss":0},{"damage_healed":0,"gold_gain":0,"player_choice":"Memory 3","damage_taken":10,"max_hp_gain":0,"max_hp_loss":0,"event_name":"SensoryStone","floor":47,"gold_loss":0}],"is_beta":false,"boss_relics":[{"not_picked":["Runic Dome","Eternal Feather"],"picked":"Orrery"},{"not_picked":["Philosopher\u0027s Stone","HoveringKite"],"picked":"Fusion Hammer"}],"items_purged_floors":[24,45],"is_endless":false,"potions_floor_spawned":[8,10,13,14,22,27,31,36,37,39,41,48],"ascension_level":20}