{"gold_per_floor":[112,112,187,37,51,81,81,113,113,113],"floor_reached":10,"playtime":262,"items_purged":[],"score":188,"play_id":"41ac5b57-eb9f-4398-83cd-1ad30774b996","local_time":"20190427105552","is_ascension_mode":true,"campfire_choices":[{"data":"Discovery","floor":7,"key":"SMITH"}],"neow_cost":"NONE","seed_source_timestamp":74398998046500,"circlet_count":0,"master_deck":["AscendersBane","Strike_R","Strike_R","Strike_R","Strike_R","Defend_R","Defend_R","Defend_R","Defend_R","Bash","Discovery+1","Cleave","Pommel Strike","Hemokinesis"],"relics":["Burning Blood","NeowsBlessing","Mummified Hand","Nunchaku","Molten Egg 2"],"potions_floor_usage":[8,10],"damage_taken":[{"damage":0,"enemies":"Jaw Worm","floor":1,"turns":1},{"damage":0,"enemies":"2 Louse","floor":5,"turns":1},{"damage":0,"enemies":"Gremlin Nob","floor":6,"turns":1},{"damage":59,"enemies":"Lagavulin","floor":8,"turns":9},{"damage":35,"enemies":"Gremlin Nob","floor":10,"turns":3}],"seed_played":"-8518476097924578244","potions_obtained":[{"floor":6,"key":"GamblersBrew"},{"floor":8,"key":"BloodPotion"}],"is_trial":false,"path_per_floor":["M","?","?","$","M","E","R","E","T","E"],"character_chosen":"IRONCLAD","items_purchased":["Discovery","Cleave"],"campfire_rested":0,"item_purchase_floors":[4,4],"current_hp_per_floor":[74,74,63,63,69,75,75,22,22,0],"gold":113,"neow_bonus":"THREE_ENEMY_KILL","is_prod":false,"is_daily":false,"chose_seed":false,"campfire_upgraded":1,"win_rate":0,"timestamp":1556351752,"path_taken":["M","?","?","$","M","E","R","E","T","E"],"build_version":"2019-01-23","purchased_purges":0,"victory":false,"max_hp_per_floor":[75,75,75,75,75,75,75,75,75,75],"card_choices":[{"not_picked":["Flex","Rupture","Perfected Strike"],"picked":"SKIP","floor":1},{"not_picked":["Headbutt","Reckless Charge"],"picked":"Pommel Strike","floor":5},{"not_picked":["Second Wind","Burning Pact","Rage"],"picked":"SKIP","floor":6},{"not_picked":["Havoc","Wild Strike"],"picked":"Hemokinesis","floor":8}],"player_experience":341528,"relics_obtained":[{"floor":6,"key":"Mummified Hand"},{"floor":8,"key":"Nunchaku"},{"floor":9,"key":"Molten Egg 2"}],"event_choices":[{"cards_removed":["Strike_R"],"damage_healed":0,"gold_gain":0,"player_choice":"Forget","damage_taken":0,"max_hp_gain":0,"max_hp_loss":0,"event_name":"Living Wall","floor":2,"gold_loss":0},{"damage_healed":0,"gold_gain":75,"player_choice":"Gather Gold","damage_taken":11,"max_hp_gain":0,"max_hp_loss":0,"event_name":"World of Goop","floor":3,"gold_loss":0}],"is_beta":false,"boss_relics":[],"items_purged_floors":[],"is_endless":false,"potions_floor_spawned":[6,8],"killed_by":"Gremlin Nob","ascension_level":18}