{"gold_per_floor":[119,119,194,32,50,50,65,84,164,164,164,178,194,213,213,287,287,299,316,38,58,58,58,58,85,134,151,167,178,178,93,93,93],"floor_reached":33,"playtime":1072,"items_purged":[],"score":522,"play_id":"12710eb5-a01d-4281-b255-20ffd7379f51","local_time":"25620327193226","is_ascension_mode":true,"campfire_choices":[{"data":"Shockwave","floor":6.0,"key":"SMITH"},{"data":"Armaments","floor":10.0,"key":"SMITH"},{"data":"Sever Soul","floor":15.0,"key":"SMITH"},{"data":"True Grit","floor":23.0,"key":"SMITH"},{"data":"Offering","floor":30.0,"key":"SMITH"},{"floor":32.0,"key":"REST"}],"neow_cost":"PERCENT_DAMAGE","seed_source_timestamp":11799910401673,"circlet_count":0,"master_deck":["AscendersBane","Strike_R","Strike_R","Strike_R","Strike_R","Defend_R","Defend_R","Defend_R","Defend_R","Bash","Shockwave+1","Seeing Red","Armaments+1","Second Wind","Sever Soul+1","Feel No Pain","Offering+1","True Grit","True Grit+1","Sentinel","Seeing Red","Dark Embrace","Entrench","Havoc","Pommel Strike+1"],"special_seed":0,"relics":["Burning Blood","Dead Branch","Orichalcum","Kunai","Philosopher\u0027s Stone","Self Forming Clay","Enchiridion","Red Skull","Lantern","Dream Catcher"],"potions_floor_usage":[33],"damage_taken":[{"damage":9.0,"enemies":"2 Louse","floor":1.0,"turns":2.0},{"damage":1.0,"enemies":"Small Slimes","floor":5.0,"turns":3.0},{"damage":0.0,"enemies":"Cultist","floor":7.0,"turns":3.0},{"damage":0.0,"enemies":"2 Fungi Beasts","floor":8.0,"turns":3.0},{"damage":17.0,"enemies":"Exordium Thugs","floor":12.0,"turns":7.0},{"damage":12.0,"enemies":"3 Louse","floor":13.0,"turns":4.0},{"damage":1.0,"enemies":"Exordium Wildlife","floor":14.0,"turns":3.0},{"damage":28.0,"enemies":"The Guardian","floor":16.0,"turns":8.0},{"damage":6.0,"enemies":"3 Byrds","floor":18.0,"turns":3.0},{"damage":24.0,"enemies":"Shell Parasite","floor":19.0,"turns":4.0},{"damage":6.0,"enemies":"Centurion and Healer","floor":21.0,"turns":5.0},{"damage":15.0,"enemies":"Gremlin Leader","floor":25.0,"turns":4.0},{"damage":8.0,"enemies":"Snecko","floor":27.0,"turns":3.0},{"damage":6.0,"enemies":"Snake Plant","floor":28.0,"turns":3.0},{"damage":2.0,"enemies":"Centurion and Healer","floor":29.0,"turns":2.0},{"damage":63,"enemies":"Automaton","floor":33,"turns":6}],"seed_played":"-165122702652687123","potions_obtained":[{"floor":1.0,"key":"Weak Potion"},{"floor":12.0,"key":"GamblersBrew"},{"floor":14.0,"key":"Explosive Potion"},{"floor":19.0,"key":"Weak Potion"},{"floor":21.0,"key":"Explosive Potion"},{"floor":29.0,"key":"SteroidPotion"}],"is_trial":false,"path_per_floor":["M","?","?","$","M","R","M","M","T","R","?","M","M","M","R","B",null,"M","M","$","M","?","R","$","E","T","M","M","M","R","?","R","B"],"character_chosen":"IRONCLAD","items_purchased":["Orichalcum","Self Forming Clay"],"campfire_rested":1,"item_purchase_floors":[4,20],"current_hp_per_floor":[47,40,29,29,34,34,40,46,46,46,75,64,58,63,63,41,67,67,49,49,49,28,28,28,19,19,17,17,21,21,21,43,0],"gold":93,"neow_bonus":"ONE_RARE_RELIC","is_prod":false,"is_daily":false,"chose_seed":false,"campfire_upgraded":5,"win_rate":0,"timestamp":1553689946,"path_taken":["M","?","?","$","M","R","M","M","T","R","?","M","M","M","R","BOSS","M","M","$","?","?","R","?","E","T","M","M","M","R","?","R","BOSS"],"build_version":"2019-01-23","purchased_purges":0,"victory":false,"max_hp_per_floor":[75,75,75,75,75,75,75,75,75,75,75,75,75,75,75,75,75,75,75,75,75,75,75,75,75,75,75,75,75,75,75,75,75],"card_choices":[{"not_picked":["Shrug It Off","Warcry"],"picked":"Shockwave","floor":1.0},{"not_picked":["Shrug It Off","Inflame"],"picked":"Seeing Red","floor":5.0},{"not_picked":["Bloodletting","Wild Strike","Combust"],"picked":"SKIP","floor":7.0},{"not_picked":["Dual Wield","Sentinel"],"picked":"Armaments","floor":8.0},{"not_picked":["Clash","Warcry"],"picked":"Second Wind","floor":12.0},{"not_picked":["Bloodletting","Heavy Blade"],"picked":"Sever Soul","floor":13.0},{"not_picked":["Sword Boomerang","Blood for Blood"],"picked":"Feel No Pain","floor":14.0},{"not_picked":["Demon Form","Reaper"],"picked":"Offering","floor":16.0},{"not_picked":["Sword Boomerang","Wild Strike"],"picked":"True Grit","floor":18.0},{"not_picked":["Headbutt","Clash+1"],"picked":"True Grit","floor":19.0},{"not_picked":["Power Through+1","Clothesline"],"picked":"Sentinel","floor":21.0},{"not_picked":["Sword Boomerang","Feel No Pain"],"picked":"Seeing Red","floor":25.0},{"not_picked":["Perfected Strike","Armaments"],"picked":"Dark Embrace","floor":27.0},{"not_picked":["Thunderclap","Armaments"],"picked":"Entrench","floor":28.0},{"not_picked":["Power Through","Anger"],"picked":"Havoc","floor":29.0},{"not_picked":["Sword Boomerang","Anger+1"],"picked":"Pommel Strike+1","floor":32.0}],"player_experience":349623,"relics_obtained":[{"floor":9.0,"key":"Kunai"},{"floor":22.0,"key":"Enchiridion"},{"floor":25.0,"key":"Red Skull"},{"floor":26.0,"key":"Lantern"}],"event_choices":[{"cards_removed":["Strike_R"],"damage_healed":0.0,"max_hp_gain":0.0,"max_hp_loss":0.0,"gold_gain":0.0,"event_name":"Golden Wing","player_choice":"Card Removal","floor":2.0,"gold_loss":0.0,"damage_taken":7.0},{"damage_healed":0.0,"max_hp_gain":0.0,"max_hp_loss":0.0,"gold_gain":75.0,"event_name":"World of Goop","player_choice":"Gather Gold","floor":3.0,"gold_loss":0.0,"damage_taken":11.0},{"damage_healed":29.0,"max_hp_gain":0.0,"max_hp_loss":0.0,"gold_gain":0.0,"event_name":"Wheel of Change","player_choice":"Full Heal","floor":11.0,"gold_loss":0.0,"damage_taken":0.0},{"damage_healed":0.0,"max_hp_gain":0.0,"max_hp_loss":0.0,"gold_gain":0.0,"event_name":"Cursed Tome","player_choice":"Obtained Book","floor":22.0,"gold_loss":0.0,"damage_taken":21.0},{"damage_healed":0.0,"max_hp_gain":0.0,"max_hp_loss":0.0,"gold_gain":0.0,"event_name":"Addict","player_choice":"Obtained Relic","floor":31.0,"gold_loss":85.0,"damage_taken":0.0,"relics_obtained":["Dream Catcher"]}],"is_beta":false,"boss_relics":[{"not_picked":["Calling Bell","Tiny House"],"picked":"Philosopher\u0027s Stone"}],"items_purged_floors":[],"is_endless":false,"potions_floor_spawned":[1,12,14,19,21,29],"killed_by":"Automaton","ascension_level":20}