{"gold_per_floor":[117,129,144,144,162,162,162,196,196,215,215,240,240,267,267,338,338,357,357,369,219,230,230,263,263,263,289,300,335,354,364,364,435,435,453,453,257,257,108,108,124,150,150,485,495,513,32,42,42,42],"floor_reached":51,"playtime":3341,"items_purged":["Strike_G","Strike_G","Strike_G","Shame"],"score":1645,"play_id":"c4ff9418-93b0-4851-a2a0-b9edbc473243","local_time":"20190503151322","is_ascension_mode":true,"campfire_choices":[{"data":"Sucker Punch","floor":6.0,"key":"SMITH"},{"data":"Neutralize","floor":11.0,"key":"SMITH"},{"data":"Poisoned Stab","floor":13.0,"key":"SMITH"},{"data":"Footwork","floor":15.0,"key":"SMITH"},{"data":"Deadly Poison","floor":23,"key":"SMITH"},{"data":"Well Laid Plans","floor":32,"key":"SMITH"},{"data":"Leg Sweep","floor":40,"key":"SMITH"},{"data":"Glass Knife","floor":49,"key":"SMITH"}],"neow_cost":"NONE","seed_source_timestamp":27940086553014,"circlet_count":0,"master_deck":["AscendersBane","Defend_G","Defend_G","Defend_G","Defend_G","Defend_G","Strike_G","Strike_G","Survivor+1","Neutralize+1","Dash","Leg Sweep+1","Sucker Punch+1","Dagger Throw","Poisoned Stab+1","Footwork+1","Glass Knife+1","Escape Plan+1","Footwork+1","Deadly Poison+1","PiercingWail","Acrobatics","PiercingWail+1","Well Laid Plans+1","Calculated Gamble+1","Blade Dance+1","Dodge and Roll+1","Blade Dance+1","Backflip+1","Deep Breath+1","Dodge and Roll+1","Prepared+1","Acrobatics+1","Calculated Gamble+1","Reflex+1","Blur+1","Adrenaline+1","Backflip+1","Finesse+1","Reflex+1"],"special_seed":0,"relics":["Ring of the Snake","Ninja Scroll","Paper Crane","Happy Flower","Prayer Wheel","Cursed Key","Shuriken","Gremlin Horn","Toxic Egg 2","Blue Candle","Lizard Tail","Spirit Poop","War Paint","Bird Faced Urn","Old Coin","Art of War"],"potions_floor_usage":[22,50],"damage_taken":[{"damage":0.0,"enemies":"Jaw Worm","floor":1.0,"turns":5.0},{"damage":0.0,"enemies":"2 Louse","floor":2.0,"turns":4.0},{"damage":4.0,"enemies":"Small Slimes","floor":3.0,"turns":4.0},{"damage":0.0,"enemies":"Blue Slaver","floor":5.0,"turns":6.0},{"damage":11.0,"enemies":"3 Sentries","floor":8.0,"turns":11.0},{"damage":4.0,"enemies":"Lots of Slimes","floor":10.0,"turns":6.0},{"damage":9.0,"enemies":"Lagavulin","floor":12.0,"turns":6.0},{"damage":4.0,"enemies":"Gremlin Nob","floor":14.0,"turns":3.0},{"damage":24.0,"enemies":"Slime Boss","floor":16.0,"turns":15.0},{"damage":6.0,"enemies":"Spheric Guardian","floor":18.0,"turns":4.0},{"damage":0.0,"enemies":"3 Byrds","floor":20.0,"turns":5.0},{"damage":0,"enemies":"3 Cultists","floor":22,"turns":7},{"damage":9,"enemies":"Book of Stabbing","floor":24,"turns":6},{"damage":0,"enemies":"Gremlin Leader","floor":27,"turns":8},{"damage":0,"enemies":"Centurion and Healer","floor":28,"turns":5},{"damage":1,"enemies":"Book of Stabbing","floor":29,"turns":6},{"damage":3,"enemies":"Shelled Parasite and Fungi","floor":30,"turns":5},{"damage":0,"enemies":"Snake Plant","floor":31,"turns":4},{"damage":0,"enemies":"Champ","floor":33,"turns":12},{"damage":1,"enemies":"Orb Walker","floor":35,"turns":3},{"damage":0,"enemies":"3 Darklings","floor":41,"turns":7},{"damage":0,"enemies":"Reptomancer","floor":42,"turns":4},{"damage":0,"enemies":"Nemesis","floor":44,"turns":7},{"damage":0,"enemies":"Spire Growth","floor":45,"turns":6},{"damage":0,"enemies":"4 Shapes","floor":46,"turns":6},{"damage":0,"enemies":"Writhing Mass","floor":48,"turns":9},{"damage":0,"enemies":"Awakened One","floor":50,"turns":14}],"seed_played":"5752286420860078074","potions_obtained":[{"floor":1.0,"key":"FairyPotion"},{"floor":2.0,"key":"SkillPotion"},{"floor":3.0,"key":"Dexterity Potion"},{"floor":10.0,"key":"Swift Potion"},{"floor":16.0,"key":"SkillPotion"},{"floor":30,"key":"Explosive Potion"},{"floor":31,"key":"Block Potion"},{"floor":35,"key":"Dexterity Potion"}],"is_trial":false,"path_per_floor":["M","M","M","?","M","R","?","E","T","M","R","E","R","E","R","B",null,"M","?","M","$","M","R","E","?","T","E","M","E","M","M","R","B",null,"M","?","$","?","$","R","M","E","T","E","M","M","$","M","R","B",null],"character_chosen":"THE_SILENT","items_purchased":["GhostInAJar","Dodge and Roll+1","Prepared+1","Acrobatics+1","Backflip+1","Finesse+1","Art of War","Reflex+1"],"campfire_rested":0,"item_purchase_floors":[21,37,37,39,47,47,47,47],"current_hp_per_floor":[59,59,55,55,55,55,60,49,49,45,45,36,36,32,32,8,55,49,49,49,49,49,49,40,40,40,40,40,39,36,36,36,36,62,61,61,61,61,61,61,61,61,61,67,71,71,71,71,71,71],"gold":42,"neow_bonus":"THREE_CARDS","is_prod":false,"is_daily":false,"chose_seed":false,"campfire_upgraded":8,"win_rate":0,"timestamp":1556921602,"path_taken":["M","M","M","?","M","R","?","E","T","M","R","E","R","E","R","BOSS","M","?","M","$","M","R","E","?","T","E","?","E","M","M","R","BOSS","M","?","$","?","$","R","M","E","T","E","M","M","$","M","R","BOSS"],"build_version":"2019-01-23","purchased_purges":4,"victory":true,"max_hp_per_floor":[66,66,66,66,66,66,71,71,71,71,71,71,71,71,71,71,71,71,71,71,71,71,71,71,71,71,71,71,71,71,71,71,71,71,71,71,71,71,71,71,71,71,71,71,71,71,71,71,71,71],"card_choices":[{"not_picked":["Slice","Endless Agony"],"picked":"Dash","floor":0.0},{"not_picked":["Escape Plan","Bane","Blade Dance"],"picked":"SKIP","floor":1.0},{"not_picked":["Prepared","Terror"],"picked":"Leg Sweep","floor":2.0},{"not_picked":["Deflect","Calculated Gamble"],"picked":"Sucker Punch","floor":3.0},{"not_picked":["Setup","Heel Hook"],"picked":"Dagger Throw","floor":5.0},{"not_picked":["Prepared","Catalyst"],"picked":"Poisoned Stab","floor":8.0},{"not_picked":["Deadly Poison","Outmaneuver","Underhanded Strike"],"picked":"SKIP","floor":10.0},{"not_picked":["Blade Dance","Flying Knee","All Out Attack"],"picked":"SKIP","floor":12.0},{"not_picked":["Terror","Slice"],"picked":"Footwork","floor":14.0},{"not_picked":["Burst","Bullet Time"],"picked":"Glass Knife","floor":16.0},{"not_picked":["Outmaneuver","Underhanded Strike"],"picked":"Escape Plan+1","floor":18.0},{"not_picked":["Concentrate","Slice","Underhanded Strike"],"picked":"SKIP","floor":18.0},{"not_picked":["Cloak And Dagger","Eviscerate+1"],"picked":"Footwork+1","floor":20.0},{"not_picked":["Prepared","Cloak And Dagger"],"picked":"Deadly Poison","floor":20.0},{"not_picked":["Flying Knee","Backstab"],"picked":"PiercingWail","floor":22},{"not_picked":["Tactician","Slice"],"picked":"Acrobatics","floor":22},{"not_picked":["Underhanded Strike+1","Choke"],"picked":"PiercingWail","floor":24},{"not_picked":["Distraction","Escape Plan"],"picked":"Well Laid Plans","floor":27},{"not_picked":["Setup+1","Poisoned Stab"],"picked":"Calculated Gamble+1","floor":28},{"not_picked":["Calculated Gamble+1","Prepared+1"],"picked":"Blade Dance+1","floor":28},{"not_picked":["Terror+1","Die Die Die","Footwork"],"picked":"SKIP","floor":29},{"not_picked":["Tactician+1","Riddle With Holes"],"picked":"Dodge and Roll+1","floor":30},{"not_picked":["Poisoned Stab","Footwork","Flechettes"],"picked":"SKIP","floor":30},{"not_picked":["Distraction+1","Heel Hook"],"picked":"Blade Dance+1","floor":31},{"not_picked":["Caltrops+1","All Out Attack","Dagger Spray"],"picked":"SKIP","floor":31},{"not_picked":["Dagger Throw","All Out Attack"],"picked":"Backflip+1","floor":35},{"not_picked":["Quick Slash","Dagger Spray","Noxious Fumes"],"picked":"SKIP","floor":35},{"not_picked":["Quick Slash","Dagger Spray","Noxious Fumes"],"picked":"SKIP","floor":35},{"not_picked":["Dramatic Entrance","Mayhem"],"picked":"Deep Breath+1","floor":36},{"not_picked":["Poisoned Stab","Riddle With Holes+1"],"picked":"Calculated Gamble+1","floor":41},{"not_picked":["Expertise+1","Outmaneuver+1"],"picked":"Reflex+1","floor":41},{"not_picked":["Backstab","Flying Knee"],"picked":"Blur+1","floor":42},{"not_picked":["Skewer","Bane","Expertise+1"],"picked":"SKIP","floor":44},{"not_picked":["Deadly Poison+1","Noxious Fumes","Quick Slash+1"],"picked":"SKIP","floor":45},{"not_picked":["Poisoned Stab","Slice+1","Acrobatics+1"],"picked":"SKIP","floor":45},{"not_picked":["Bane+1","Deflect+1"],"picked":"Adrenaline+1","floor":46},{"not_picked":["Quick Slash+1","Riddle With Holes","Skewer"],"picked":"SKIP","floor":46},{"not_picked":["Outmaneuver+1","Concentrate+1","Accuracy"],"picked":"SKIP","floor":48},{"not_picked":["Well Laid Plans","Concentrate+1","Deadly Poison+1"],"picked":"SKIP","floor":48}],"player_experience":2537110,"relics_obtained":[{"floor":8.0,"key":"Ninja Scroll"},{"floor":9.0,"key":"Paper Crane"},{"floor":12.0,"key":"Happy Flower"},{"floor":14.0,"key":"Prayer Wheel"},{"floor":24,"key":"Shuriken"},{"floor":26,"key":"Gremlin Horn"},{"floor":27,"key":"Toxic Egg 2"},{"floor":29,"key":"Blue Candle"},{"floor":42,"key":"War Paint"},{"floor":43,"key":"Bird Faced Urn"},{"floor":44,"key":"Old Coin"}],"event_choices":[{"damage_healed":0.0,"max_hp_gain":0.0,"max_hp_loss":0.0,"gold_gain":0.0,"event_name":"The Cleric","player_choice":"Leave","floor":4.0,"gold_loss":0.0,"damage_taken":0.0},{"damage_healed":0.0,"max_hp_gain":5.0,"max_hp_loss":0.0,"gold_gain":0.0,"event_name":"Big Fish","player_choice":"Donut","floor":7.0,"gold_loss":0.0,"damage_taken":0.0},{"damage_healed":0.0,"max_hp_gain":0.0,"max_hp_loss":0.0,"gold_gain":0.0,"event_name":"Cursed Tome","player_choice":"Ignored","floor":19.0,"gold_loss":0.0,"damage_taken":0.0},{"damage_healed":0,"gold_gain":0,"player_choice":"Ignored","damage_taken":0,"max_hp_gain":0,"max_hp_loss":0,"event_name":"The Mausoleum","floor":25,"gold_loss":0},{"damage_healed":0,"gold_gain":0,"player_choice":"Memory 1","damage_taken":0,"max_hp_gain":0,"max_hp_loss":0,"event_name":"SensoryStone","floor":36,"gold_loss":0},{"cards_removed":["Clumsy"],"damage_healed":0,"gold_gain":0,"player_choice":"Offered Curse","damage_taken":0,"relics_obtained":["Spirit Poop"],"max_hp_gain":0,"max_hp_loss":0,"event_name":"Bonfire Elementals","floor":38,"gold_loss":0}],"is_beta":false,"boss_relics":[{"not_picked":["Busted Crown","Fusion Hammer"],"picked":"Cursed Key"},{"not_picked":["Coffee Dripper","Calling Bell"],"picked":"Lizard Tail"}],"items_purged_floors":[21,37,39,47],"is_endless":false,"potions_floor_spawned":[1,2,3,10,16,20,30,31,35,44,45],"ascension_level":15}