{"gold_per_floor":[110,129,129,149,149,177,195,195,195,230,245,256,256,284,284,386,386,386,386,386,386,386,386,386,386,386,386,386,386,386,386,386,386,386,386,315,315,315,315,315,315,315,315,315,197,197,197,25,25,25],"floor_reached":51,"playtime":5278,"items_purged":["Strike_G","Strike_G"],"score":900,"play_id":"095860ac-3d4f-464d-a55b-e3f51a868f76","local_time":"20180628153957","is_ascension_mode":true,"campfire_choices":[{"data":"Dash","floor":8.0,"key":"SMITH"},{"data":"Footwork","floor":15.0,"key":"SMITH"},{"data":"Dagger Spray","floor":23,"key":"SMITH"},{"floor":28,"key":"REST"},{"floor":32,"key":"REST"},{"floor":40,"key":"REST"},{"floor":46,"key":"REST"},{"floor":49,"key":"REST"}],"neow_cost":"","seed_source_timestamp":25478895660700,"circlet_count":0,"master_deck":["Defend_G","Defend_G","Defend_G","Defend_G","Defend_G","Strike_G+1","Strike_G+1","Survivor","Neutralize+1","Well Laid Plans","Dash+1","Unload","Footwork+1","Leg Sweep","Dagger Spray+1","Infinite Blades","Deadly Poison+1","PiercingWail+1","Envenom+1","Quick Slash","Acrobatics+1","Deflect+1","Bane","Envenom+1","Backflip+1","PiercingWail+1","Night Terror+1","Acrobatics+1","Footwork+1","Malaise+1","Blur+1","Caltrops+1","Riddle With Holes","Dagger Spray"],"special_seed":0,"relics":["Ring of the Snake","Whetstone","Bag of Preparation","Toxic Egg 2","Frozen Egg 2","Centennial Puzzle","Ectoplasm","Meat on the Bone","Ancient Tea Set","Mummified Hand","Fusion Hammer","Pantograph","Smiling Mask","Singing Bowl"],"potions_floor_usage":[27,27,27,33,50],"damage_taken":[{"damage":0.0,"enemies":"Cultist","floor":1.0,"turns":4.0},{"damage":0.0,"enemies":"2 Louse","floor":2.0,"turns":4.0},{"damage":0.0,"enemies":"Small Slimes","floor":4.0,"turns":3.0},{"damage":3.0,"enemies":"3 Sentries","floor":6.0,"turns":9.0},{"damage":2.0,"enemies":"Exordium Wildlife","floor":7.0,"turns":4.0},{"damage":0.0,"enemies":"Lagavulin","floor":10.0,"turns":9.0},{"damage":1.0,"enemies":"Exordium Thugs","floor":11.0,"turns":3.0},{"damage":0.0,"enemies":"Red Slaver","floor":12.0,"turns":4.0},{"damage":0.0,"enemies":"3 Sentries","floor":14.0,"turns":7.0},{"damage":0.0,"enemies":"The Guardian","floor":16.0,"turns":13.0},{"damage":5,"enemies":"Chosen","floor":18,"turns":4},{"damage":10,"enemies":"Shell Parasite","floor":19,"turns":5},{"damage":12,"enemies":"Snake Plant","floor":20,"turns":6},{"damage":13,"enemies":"Slaver and Parasite","floor":21,"turns":8},{"damage":2,"enemies":"Centurion and Healer","floor":25,"turns":6},{"damage":19,"enemies":"Gremlin Leader","floor":27,"turns":8},{"damage":0,"enemies":"Snecko","floor":29,"turns":5},{"damage":3,"enemies":"Chosen and Byrds","floor":30,"turns":5},{"damage":4,"enemies":"Book of Stabbing","floor":31,"turns":6},{"damage":7,"enemies":"Automaton","floor":33,"turns":9},{"damage":6,"enemies":"3 Darklings","floor":35,"turns":5},{"damage":0,"enemies":"Orb Walker","floor":37,"turns":4},{"damage":0,"enemies":"Maw","floor":38,"turns":7},{"damage":12,"enemies":"Sphere and 2 Shapes","floor":41,"turns":7},{"damage":0,"enemies":"Nemesis","floor":42,"turns":7},{"damage":0,"enemies":"4 Shapes","floor":44,"turns":8},{"damage":1,"enemies":"Maw","floor":47,"turns":8},{"damage":18,"enemies":"Time Eater","floor":50,"turns":12}],"seed_played":"8330538921419863420","potions_obtained":[{"floor":1.0,"key":"Poison Potion"},{"floor":4.0,"key":"PowerPotion"},{"floor":10.0,"key":"PowerPotion"},{"floor":11.0,"key":"LiquidBronze"},{"floor":16.0,"key":"EssenceOfSteel"},{"floor":18,"key":"EntropicBrew"},{"floor":20,"key":"Dexterity Potion"},{"floor":38,"key":"GamblersBrew"},{"floor":44,"key":"GhostInAJar"}],"is_trial":false,"path_per_floor":["M","M","?","M","?","E","M","R","T","E","M","M","?","E","R","B",null,"M","M","M","M","?","R","?","M","T","E","R","M","M","E","R","B",null,"M","$","M","M","T","R","M","E","T","M","$","R","M","$","R","B"],"character_chosen":"THE_SILENT","items_purchased":["Footwork+1","Caltrops+1","Riddle With Holes","Dagger Spray"],"campfire_rested":5,"item_purchase_floors":[36,45,48,48],"current_hp_per_floor":[70,70,75,75,75,72,70,70,70,70,69,69,51,51,51,51,75,70,60,48,35,60,60,60,58,58,39,61,61,58,54,75,68,75,69,69,69,69,69,75,63,63,63,63,63,75,76,76,77,59],"gold":25,"neow_bonus":"","is_prod":false,"is_daily":false,"chose_seed":false,"campfire_upgraded":3,"win_rate":0,"timestamp":1530225597,"path_taken":["M","M","?","M","?","E","M","R","T","E","M","M","?","E","R","BOSS","M","M","M","M","?","R","?","M","T","E","R","?","M","E","R","BOSS","M","$","M","M","?","R","M","E","T","M","$","R","M","$","R","BOSS"],"build_version":"2018-06-21v2","purchased_purges":2,"victory":true,"max_hp_per_floor":[70,70,75,75,75,75,75,75,75,75,75,75,75,75,75,75,75,75,75,75,75,75,75,75,75,75,75,75,75,75,75,75,75,75,75,75,75,75,75,75,75,75,75,75,75,75,77,77,77,77],"card_choices":[{"not_picked":["Prepared","Catalyst"],"picked":"Well Laid Plans","floor":1.0},{"not_picked":["Sucker Punch","Noxious Fumes"],"picked":"Dash","floor":2.0},{"not_picked":["Well Laid Plans","Acrobatics","Dodge and Roll"],"picked":"SKIP","floor":4.0},{"not_picked":["Dagger Throw","Blur"],"picked":"Footwork","floor":6.0},{"not_picked":["Well Laid Plans","Sucker Punch"],"picked":"Leg Sweep","floor":7.0},{"not_picked":["Escape Plan","Malaise"],"picked":"Dagger Spray","floor":10.0},{"not_picked":["Poisoned Stab","Flying Knee"],"picked":"Infinite Blades","floor":11.0},{"not_picked":["Flying Knee","Dagger Throw"],"picked":"Deadly Poison+1","floor":12.0},{"not_picked":["Dagger Throw","Storm of Steel+1"],"picked":"PiercingWail+1","floor":14.0},{"not_picked":["Venomology+1","Tools of the Trade+1"],"picked":"Envenom+1","floor":16.0},{"not_picked":["Poisoned Stab","Underhanded Strike+1"],"picked":"Quick Slash","floor":18},{"not_picked":["Slice","Bane","Predator"],"picked":"SKIP","floor":19},{"not_picked":["Underhanded Strike+1","Concentrate+1"],"picked":"Acrobatics+1","floor":20},{"not_picked":["Flying Knee+1","Outmaneuver+1"],"picked":"Deflect+1","floor":21},{"not_picked":["Choke","Dagger Throw"],"picked":"Bane","floor":25},{"not_picked":["Bane","Outmaneuver+1","Sucker Punch"],"picked":"SKIP","floor":27},{"not_picked":["Deadly Poison+1","Endless Agony"],"picked":"Envenom+1","floor":29},{"not_picked":["Dagger Throw","Backstab+1"],"picked":"Backflip+1","floor":30},{"not_picked":["Deadly Poison+1","Flechettes"],"picked":"PiercingWail+1","floor":31},{"not_picked":["Bullet Time+1","Storm of Steel+1"],"picked":"Night Terror+1","floor":33},{"not_picked":["Blade Dance+1","Underhanded Strike"],"picked":"Acrobatics+1","floor":35},{"not_picked":["Prepared+1","Sucker Punch+1"],"picked":"Malaise+1","floor":37},{"not_picked":["Dagger Throw+1","Flechettes","Reflex+1"],"picked":"SKIP","floor":38},{"not_picked":["Setup+1","Dagger Spray+1","Poisoned Stab"],"picked":"SKIP","floor":41},{"not_picked":["Expertise+1","Malaise+1","Blade Dance+1"],"picked":"SKIP","floor":42},{"not_picked":["Sucker Punch+1","Expertise+1"],"picked":"Blur+1","floor":44},{"not_picked":["Sucker Punch","Deflect+1","Outmaneuver+1"],"picked":"Singing Bowl","floor":47}],"player_experience":605769,"relics_obtained":[{"floor":6.0,"key":"Whetstone"},{"floor":9.0,"key":"Bag of Preparation"},{"floor":10.0,"key":"Toxic Egg 2"},{"floor":14.0,"key":"Centennial Puzzle"},{"floor":26,"key":"Meat on the Bone"},{"floor":27,"key":"Ancient Tea Set"},{"floor":31,"key":"Mummified Hand"},{"floor":39,"key":"Pantograph"},{"floor":42,"key":"Smiling Mask"},{"floor":43,"key":"Singing Bowl"}],"event_choices":[{"event_name":"Big Fish","player_choice":"Donut","floor":3.0,"damage_taken":0.0},{"event_name":"Transmorgrifier","player_choice":"Transform","floor":5.0,"damage_taken":0.0},{"event_name":"Scrap Ooze","player_choice":"success","floor":13.0,"damage_taken":18.0},{"event_name":"The Library","player_choice":"Heal","floor":22,"damage_taken":0},{"event_name":"Drug Dealer","player_choice":"Ignored","floor":24,"damage_taken":0}],"boss_relics":[{"not_picked":["Runic Dome","Philosopher\u0027s Stone"],"picked":"Ectoplasm"},{"not_picked":["Tiny House","Coffee Dripper"],"picked":"Fusion Hammer"}],"items_purged_floors":[45,48],"is_endless":false,"potions_floor_spawned":[1,4,10,11,16,18,20,27,30,38,42,44],"ascension_level":2}