{"gold_per_floor":[16,32,32,44,44,79,79,79,159,170,170,170,170,204,204,305,305,320,420,33,45,60,94,94,124,147,147,147,147,147,161,161,257,257,274,300,300,72,84,109,128,128,128,161,212,212,53,53,53,53,53,53,1,32,32],"floor_reached":55,"playtime":2292,"items_purged":[],"score":1214,"play_id":"fc651d32-6da2-45d0-8369-2a7e8849363a","local_time":"25620225183009","is_ascension_mode":true,"campfire_choices":[{"data":"Glacier","floor":7.0,"key":"SMITH"},{"data":"Dualcast","floor":12.0,"key":"SMITH"},{"data":"Streamline","floor":15.0,"key":"SMITH"},{"data":"Hologram","floor":24.0,"key":"SMITH"},{"data":"Self Repair","floor":27.0,"key":"SMITH"},{"floor":29.0,"key":"REST"},{"data":"Capacitor","floor":32.0,"key":"SMITH"},{"floor":42.0,"key":"REST"},{"floor":46.0,"key":"REST"},{"floor":49.0,"key":"RECALL"},{"floor":52.0,"key":"REST"}],"neow_cost":"NO_GOLD","seed_source_timestamp":0,"circlet_count":0,"master_deck":["AscendersBane","Strike_B","Strike_B","Strike_B","Strike_B","Defend_B","Defend_B","Defend_B","Zap+1","Dualcast+1","Undo+1","Self Repair+1","Glacier+1","Hologram+1","Streamline+1","Meteor Strike","Static Discharge","Defragment+1","Capacitor+1","Loop+1","Static Discharge","Coolheaded","Sunder+1","Decay","Flash of Steel","Amplify","Tempest","Skim+1","Compile Driver+1","Glacier+1","BootSequence","Chill","Conserve Battery","Thunder Strike"],"special_seed":0,"relics":["Cracked Core","Pocketwatch","Juzu Bracelet","Pen Nib","DataDisk","Sozu","Mango","Singing Bowl","Oddly Smooth Stone","Bronze Scales","Bag of Preparation","PreservedInsect","Boot","Fusion Hammer","Centennial Puzzle","Anchor","Blood Vial","Cables","Ginger","Ice Cream","Bag of Marbles"],"potions_floor_usage":[],"damage_taken":[{"damage":5.0,"enemies":"2 Louse","floor":1.0,"turns":3.0},{"damage":1.0,"enemies":"Small Slimes","floor":2.0,"turns":4.0},{"damage":1.0,"enemies":"Cultist","floor":4.0,"turns":4.0},{"damage":15.0,"enemies":"3 Sentries","floor":6.0,"turns":6.0},{"damage":1.0,"enemies":"Large Slime","floor":10.0,"turns":9.0},{"damage":5.0,"enemies":"Lagavulin","floor":14.0,"turns":9.0},{"damage":0.0,"enemies":"The Guardian","floor":16.0,"turns":13.0},{"damage":1.0,"enemies":"3 Byrds","floor":18.0,"turns":6.0},{"damage":5.0,"enemies":"Colosseum Slavers","floor":19.0,"turns":5.0},{"damage":27.0,"enemies":"Colosseum Nobs","floor":19.0,"turns":5.0},{"damage":0.0,"enemies":"Chosen","floor":21.0,"turns":4.0},{"damage":1.0,"enemies":"Snake Plant","floor":22.0,"turns":2.0},{"damage":16.0,"enemies":"Book of Stabbing","floor":23.0,"turns":6.0},{"damage":46.0,"enemies":"Slavers","floor":25.0,"turns":4.0},{"damage":4.0,"enemies":"Centurion and Healer","floor":31.0,"turns":6.0},{"damage":37.0,"enemies":"Automaton","floor":33.0,"turns":9.0},{"damage":0.0,"enemies":"3 Shapes","floor":35.0,"turns":5.0},{"damage":7.0,"enemies":"3 Darklings","floor":39.0,"turns":6.0},{"damage":72.0,"enemies":"Giant Head","floor":40.0,"turns":8.0},{"damage":22.0,"enemies":"Jaw Worm Horde","floor":41.0,"turns":6.0},{"damage":23.0,"enemies":"Reptomancer","floor":44.0,"turns":6.0},{"damage":34.0,"enemies":"2 Orb Walkers","floor":45.0,"turns":5.0},{"damage":25.0,"enemies":"Donu and Deca","floor":50.0,"turns":11.0},{"damage":25.0,"enemies":"Shield and Spear","floor":54.0,"turns":5.0},{"damage":95,"enemies":"The Heart","floor":55,"turns":5}],"seed_played":"-8950275114938701336","potions_obtained":[{"floor":2.0,"key":"PowerPotion"},{"floor":6.0,"key":"Swift Potion"},{"floor":10.0,"key":"Poison Potion"},{"floor":14.0,"key":"Ancient Potion"},{"floor":16.0,"key":"Block Potion"}],"is_trial":false,"path_per_floor":["M","M","?","M","?","E","R","?","T","M","?","R","?","E","R","B",null,"M","?","$","M","M","E","R","E","T","R","?","R","?","M","R","B",null,"M","T","?","$","M","E","M","R","T","E","?","R","$","?","R","B",null,"R","$","E","B"],"character_chosen":"DEFECT","items_purchased":["Oddly Smooth Stone","Bronze Scales","Capacitor","Anchor","Loop","BootSequence","Chill","Conserve Battery"],"campfire_rested":4,"item_purchase_floors":[20,20,20,38,38,47,47,53],"current_hp_per_floor":[63,62,62,68,53,45,45,45,45,51,51,51,51,53,53,60,71,75,69,69,76,75,66,66,27,27,27,27,53,53,61,61,34,77,87,87,87,87,92,40,40,67,67,56,36,64,64,95,95,80,91,95,95,90,0],"gold":32,"neow_bonus":"ONE_RARE_RELIC","is_prod":false,"is_daily":false,"chose_seed":false,"campfire_upgraded":6,"win_rate":0,"timestamp":1551094209,"path_taken":["M","M","?","M","?","E","R","?","T","M","?","R","?","E","R","BOSS","M","?","$","M","M","E","R","E","T","R","?","R","?","M","R","BOSS","M","?","?","$","M","E","M","R","T","E","?","R","$","?","R","BOSS","R","$","E","BOSS"],"build_version":"2019-01-23","purchased_purges":0,"victory":false,"max_hp_per_floor":[75,75,75,75,75,75,75,75,75,75,75,75,75,75,75,75,75,75,89,89,89,89,89,89,89,89,89,89,89,89,91,91,91,91,91,91,91,91,93,93,93,93,93,93,95,95,95,95,95,95,95,95,95,95,95],"card_choices":[{"not_picked":["Stack","Streamline"],"picked":"Undo","floor":1.0},{"not_picked":["Heatsinks","Hello World"],"picked":"Self Repair","floor":2.0},{"not_picked":["BootSequence","Go for the Eyes"],"picked":"Glacier","floor":4.0},{"not_picked":["Melter","Auto Shields","Cold Snap"],"picked":"SKIP","floor":6.0},{"not_picked":["Steam Power","Chill"],"picked":"Hologram","floor":10.0},{"not_picked":["Beam Cell","Cold Snap"],"picked":"Streamline","floor":14.0},{"not_picked":["Hyperbeam","Multi-Cast"],"picked":"Meteor Strike","floor":16.0},{"not_picked":["Compile Driver+1","Sunder"],"picked":"Static Discharge","floor":18.0},{"not_picked":["Consume","Ball Lightning"],"picked":"Defragment+1","floor":19.0},{"not_picked":["Cold Snap","Leap"],"picked":"Loop+1","floor":21.0},{"not_picked":["Doom and Gloom","Beam Cell"],"picked":"Static Discharge","floor":22.0},{"not_picked":["Beam Cell","Hologram"],"picked":"Coolheaded","floor":23.0},{"not_picked":["FTL","White Noise"],"picked":"Sunder+1","floor":25.0},{"not_picked":["Cold Snap","Hologram","Coolheaded+1"],"picked":"Singing Bowl","floor":31.0},{"not_picked":["Reboot","Biased Cognition"],"picked":"Amplify","floor":33.0},{"not_picked":["Sweeping Beam","Cold Snap+1"],"picked":"Tempest","floor":35.0},{"not_picked":["Beam Cell+1","Rip and Tear+1","Self Repair"],"picked":"Singing Bowl","floor":39.0},{"not_picked":["Melter","Sweeping Beam"],"picked":"Skim+1","floor":40.0},{"not_picked":["Streamline+1","Go for the Eyes"],"picked":"Compile Driver+1","floor":41.0},{"not_picked":["Defragment","Sweeping Beam"],"picked":"Glacier+1","floor":44.0},{"not_picked":["Streamline+1","Turbo+1","Steam"],"picked":"Singing Bowl","floor":45.0},{"not_picked":["Skim+1","Sweeping Beam"],"picked":"Thunder Strike","floor":54.0}],"player_experience":265187,"relics_obtained":[{"floor":6.0,"key":"Juzu Bracelet"},{"floor":14.0,"key":"DataDisk"},{"floor":19.0,"key":"Mango"},{"floor":19.0,"key":"Singing Bowl"},{"floor":23.0,"key":"Bag of Preparation"},{"floor":25.0,"key":"PreservedInsect"},{"floor":26.0,"key":"Boot"},{"floor":36.0,"key":"Centennial Puzzle"},{"floor":40.0,"key":"Blood Vial"},{"floor":43.0,"key":"Cables"},{"floor":44.0,"key":"Ginger"},{"floor":45.0,"key":"Ice Cream"},{"floor":54.0,"key":"Bag of Marbles"}],"event_choices":[{"damage_healed":0.0,"max_hp_gain":0.0,"max_hp_loss":0.0,"gold_gain":0.0,"event_name":"The Cleric","player_choice":"Leave","floor":3.0,"gold_loss":0.0,"damage_taken":0.0},{"damage_healed":0.0,"max_hp_gain":0.0,"max_hp_loss":0.0,"gold_gain":0.0,"event_name":"Shining Light","player_choice":"Entered Light","floor":5.0,"gold_loss":0.0,"damage_taken":15.0,"cards_upgraded":["Undo","Defend_B"]},{"damage_healed":0.0,"max_hp_gain":0.0,"max_hp_loss":0.0,"gold_gain":0.0,"event_name":"Match and Keep!","player_choice":"0 cards matched","floor":8.0,"gold_loss":0.0,"damage_taken":0.0,"cards_obtained":[]},{"damage_healed":0.0,"max_hp_gain":0.0,"max_hp_loss":0.0,"gold_gain":0.0,"event_name":"Living Wall","player_choice":"Grow","floor":11.0,"gold_loss":0.0,"damage_taken":0.0,"cards_upgraded":["Zap"]},{"damage_healed":0.0,"max_hp_gain":0.0,"max_hp_loss":0.0,"gold_gain":0.0,"event_name":"WeMeetAgain","player_choice":"Gave Potion","floor":13.0,"gold_loss":0.0,"damage_taken":0.0,"relics_obtained":["Pen Nib"]},{"damage_healed":0.0,"max_hp_gain":0.0,"max_hp_loss":0.0,"gold_gain":0.0,"event_name":"Colosseum","player_choice":"Fight","floor":19.0,"gold_loss":0.0,"damage_taken":0.0},{"damage_healed":0.0,"max_hp_gain":0.0,"max_hp_loss":0.0,"gold_gain":0.0,"event_name":"Colosseum","player_choice":"Fought Nobs","floor":19.0,"gold_loss":0.0,"damage_taken":0.0},{"damage_healed":0.0,"max_hp_gain":0.0,"max_hp_loss":0.0,"gold_gain":0.0,"event_name":"Forgotten Altar","player_choice":"Smashed Altar","floor":28.0,"gold_loss":0.0,"damage_taken":0.0,"cards_obtained":["Decay"]},{"damage_healed":0.0,"max_hp_gain":0.0,"max_hp_loss":0.0,"gold_gain":0.0,"event_name":"Match and Keep!","player_choice":"1 cards matched","floor":30.0,"gold_loss":0.0,"damage_taken":0.0,"cards_obtained":["Flash of Steel"]},{"cards_removed":["Defend_B"],"damage_healed":0.0,"max_hp_gain":0.0,"max_hp_loss":0.0,"gold_gain":0.0,"event_name":"Falling","player_choice":"Removed Skill","floor":37.0,"gold_loss":0.0,"damage_taken":0.0},{"damage_healed":0.0,"max_hp_gain":0.0,"max_hp_loss":0.0,"gold_gain":0.0,"event_name":"Mysterious Sphere","player_choice":"Fight","floor":45.0,"gold_loss":0.0,"damage_taken":0.0},{"cards_removed":["Loop"],"damage_healed":31.0,"max_hp_gain":0.0,"max_hp_loss":0.0,"gold_gain":0.0,"event_name":"Bonfire Elementals","player_choice":"Offered Uncommon","floor":48.0,"gold_loss":0.0,"damage_taken":0.0}],"is_beta":false,"boss_relics":[{"not_picked":["Snecko Eye","Nuclear Battery"],"picked":"Sozu"},{"not_picked":["Pandora\u0027s Box","Orrery"],"picked":"Fusion Hammer"}],"items_purged_floors":[],"is_endless":false,"potions_floor_spawned":[2,6,10,14,16,19,22,25,33,39,40,44],"killed_by":"The Heart","ascension_level":11}