{"gold_per_floor":[111,111,111,131,156,194,194,235,235,12,50,50,50,71,71,160,160,174,149,7,20,20,20],"floor_reached":23,"playtime":966,"items_purged":[],"score":568,"play_id":"31ff413d-7f4e-4a85-b4ec-df4f481c3d5c","local_time":"20190311000104","is_ascension_mode":true,"campfire_choices":[{"data":"Chaos","floor":7.0,"key":"SMITH"},{"floor":13.0,"key":"REST"},{"data":"Capacitor","floor":15.0,"key":"SMITH"}],"neow_cost":"NONE","seed_source_timestamp":5177740288400,"circlet_count":0,"master_deck":["AscendersBane","Strike_B","Strike_B","Strike_B","Defend_B","Defend_B","Defend_B","Defend_B","Zap","Dualcast","Streamline","Conserve Battery","Chaos+1","Turbo","Glacier","Capacitor+1","Compile Driver","Core Surge","Hologram+1","Leap+1","Heatsinks","Go for the Eyes+1"],"special_seed":0,"relics":["Cracked Core","NeowsBlessing","Golden Idol","Blood Vial","Dodecahedron","Happy Flower","Toxic Egg 2","Inserter"],"potions_floor_usage":[21,21],"damage_taken":[{"damage":0.0,"enemies":"Jaw Worm","floor":1.0,"turns":1.0},{"damage":0.0,"enemies":"Small Slimes","floor":4.0,"turns":1.0},{"damage":0.0,"enemies":"Cultist","floor":5.0,"turns":1.0},{"damage":0.0,"enemies":"Gremlin Nob","floor":6.0,"turns":2.0},{"damage":35.0,"enemies":"3 Sentries","floor":8.0,"turns":7.0},{"damage":15.0,"enemies":"Lagavulin","floor":11.0,"turns":8.0},{"damage":12.0,"enemies":"Looter","floor":14.0,"turns":4.0},{"damage":0.0,"enemies":"Hexaghost","floor":16.0,"turns":10.0},{"damage":19.0,"enemies":"Chosen","floor":18.0,"turns":7.0},{"damage":21.0,"enemies":"2 Thieves","floor":19.0,"turns":4.0},{"damage":22,"enemies":"Cultist and Chosen","floor":21,"turns":7},{"damage":0,"enemies":"Gremlin Leader","floor":23,"turns":2}],"seed_played":"-8067680143454220736","potions_obtained":[{"floor":1.0,"key":"AttackPotion"},{"floor":5.0,"key":"SteroidPotion"},{"floor":8.0,"key":"Energy Potion"},{"floor":14.0,"key":"PowerPotion"},{"floor":16.0,"key":"Regen Potion"}],"is_trial":false,"path_per_floor":["M","?","?","M","M","E","R","E","T","$","E","?","R","M","R","B",null,"M","M","$","M","?","E"],"character_chosen":"DEFECT","items_purchased":["Glacier","Capacitor","Weak Potion","Heatsinks","Swift Potion"],"campfire_rested":1,"item_purchase_floors":[10,10,10,20,20],"current_hp_per_floor":[64,57,57,57,57,57,57,24,24,24,11,11,30,20,20,22,54,37,32,32,12,12,14],"gold":20,"neow_bonus":"THREE_ENEMY_KILL","is_prod":false,"is_daily":false,"chose_seed":false,"campfire_upgraded":2,"win_rate":0,"timestamp":1552233664,"path_taken":["M","?","?","?","M","E","R","E","T","$","E","?","R","M","R","BOSS","M","M","$","M","?","E"],"build_version":"2019-01-23","purchased_purges":0,"victory":false,"max_hp_per_floor":[71,71,64,64,64,64,64,64,64,64,64,64,64,64,64,64,64,64,64,64,64,64,64],"card_choices":[{"not_picked":["Fusion","Stack","Turbo"],"picked":"SKIP","floor":1.0},{"not_picked":["Barrage","Reprogram"],"picked":"Streamline","floor":4.0},{"not_picked":["Redo","Leap"],"picked":"Conserve Battery","floor":5.0},{"not_picked":["Undo","Conserve Battery"],"picked":"Chaos","floor":6.0},{"not_picked":["Rip and Tear","Reboot"],"picked":"Turbo","floor":8.0},{"not_picked":["Steam Power","Rebound","Scrape"],"picked":"SKIP","floor":11.0},{"not_picked":["Steam Power","Rebound","Scrape"],"picked":"SKIP","floor":11.0},{"not_picked":["Scrape","Fusion+1"],"picked":"Compile Driver","floor":14.0},{"not_picked":["Amplify+1","Buffer"],"picked":"Core Surge","floor":16.0},{"not_picked":["Compile Driver","Conserve Battery+1"],"picked":"Hologram+1","floor":18.0},{"not_picked":["Meteor Strike","Compile Driver"],"picked":"Leap+1","floor":19.0},{"not_picked":["Compile Driver+1","Leap+1"],"picked":"Go for the Eyes+1","floor":21}],"player_experience":2795087,"relics_obtained":[{"floor":6.0,"key":"Blood Vial"},{"floor":8.0,"key":"Dodecahedron"},{"floor":11.0,"key":"Happy Flower"}],"event_choices":[{"cards_removed":["Strike_B"],"damage_healed":0.0,"max_hp_gain":0.0,"max_hp_loss":0.0,"gold_gain":0.0,"event_name":"Golden Wing","player_choice":"Card Removal","floor":2.0,"gold_loss":0.0,"damage_taken":7.0},{"damage_healed":0.0,"max_hp_gain":0.0,"max_hp_loss":7.0,"gold_gain":0.0,"event_name":"Golden Idol","player_choice":"Lose Max HP","floor":3.0,"gold_loss":0.0,"damage_taken":0.0,"relics_obtained":["Golden Idol"]},{"damage_healed":0.0,"max_hp_gain":0.0,"max_hp_loss":0.0,"gold_gain":0.0,"event_name":"WeMeetAgain","player_choice":"Gave Potion","floor":12.0,"gold_loss":0.0,"damage_taken":0.0,"relics_obtained":["Toxic Egg 2"]},{"damage_healed":0,"gold_gain":0,"player_choice":"Ignored","damage_taken":0,"max_hp_gain":0,"max_hp_loss":0,"event_name":"Beggar","floor":22,"gold_loss":0}],"is_beta":false,"boss_relics":[{"not_picked":["Lizard Tail","White Beast Statue"],"picked":"Inserter"}],"items_purged_floors":[],"is_endless":false,"potions_floor_spawned":[1,5,8,14,16,18],"killed_by":"Gremlin Leader","ascension_level":20}