{"gold_per_floor":[110,122,134,209,226,256,270,305,305,355,386,403,421,450,450,524,524,544,558,116,188,198,198,224,240,240,275,286,286,286,312,312,390,390,403,403,416,33,33,33,61,78,123,38,38,38,50,77,89,101,113],"floor_reached":52,"playtime":2909,"items_purged":["Cloak And Dagger"],"score":2069,"play_id":"b768944d-62de-44e6-be7d-04254393a72a","local_time":"20180903201812","daily_mods":["Draft"],"is_ascension_mode":true,"campfire_choices":[{"data":"Terror","floor":15,"key":"SMITH"},{"data":"Malaise","floor":23,"key":"SMITH"},{"floor":30,"key":"REST"},{"floor":32,"key":"REST"},{"data":"Dodge and Roll","floor":40,"key":"SMITH"},{"data":"Dodge and Roll","floor":45,"key":"SMITH"},{"data":"Sucker Punch","floor":47,"key":"SMITH"},{"floor":49,"key":"REST"}],"neow_cost":"","seed_source_timestamp":0,"circlet_count":0,"master_deck":["AscendersBane","Dagger Spray","PiercingWail","Backflip","Deflect","Flying Knee","Slice","Flying Knee","Quick Slash","Backflip","Acrobatics","Riddle With Holes","Dodge and Roll+1","Sucker Punch+1","Terror+1","Dagger Spray","Backstab","Escape Plan","Dagger Spray","Glass Knife","Backflip","Malaise+1","Backflip+1","Dodge and Roll+1","Sucker Punch+1","Adrenaline","Footwork+1","Footwork+1","PiercingWail+1","Well Laid Plans+1","Caltrops+1","Dagger Spray+1"],"relics":["Ring of the Snake","Orichalcum","Bottled Lightning","Kunai","Art of War","Bag of Marbles","Nunchaku","Velvet Choker","Molten Egg 2","Frozen Egg 2","Shuriken","Sundial","Ancient Tea Set","Dream Catcher","Bronze Scales","Lizard Tail","Incense Burner","Ginger","Snake Skull","Potion Belt","MawBank"],"potions_floor_usage":[6,24,27,31,33,51,51,51,51],"damage_taken":[{"damage":4,"enemies":"Jaw Worm","floor":1,"turns":2},{"damage":0,"enemies":"Small Slimes","floor":2,"turns":3},{"damage":0,"enemies":"2 Louse","floor":3,"turns":2},{"damage":0,"enemies":"Lots of Slimes","floor":5,"turns":1},{"damage":0,"enemies":"Gremlin Nob","floor":6,"turns":3},{"damage":7,"enemies":"Exordium Thugs","floor":7,"turns":4},{"damage":15,"enemies":"Lagavulin","floor":8,"turns":6},{"damage":1,"enemies":"Gremlin Nob","floor":11,"turns":3},{"damage":0,"enemies":"Red Slaver","floor":12,"turns":2},{"damage":0,"enemies":"Lots of Slimes","floor":13,"turns":3},{"damage":6,"enemies":"3 Sentries","floor":14,"turns":7},{"damage":12,"enemies":"Slime Boss","floor":16,"turns":7},{"damage":0,"enemies":"Chosen","floor":18,"turns":2},{"damage":9,"enemies":"Shell Parasite","floor":19,"turns":5},{"damage":0,"enemies":"Centurion and Healer","floor":22,"turns":6},{"damage":3,"enemies":"Book of Stabbing","floor":24,"turns":5},{"damage":0,"enemies":"Chosen and Byrds","floor":25,"turns":3},{"damage":16,"enemies":"Gremlin Leader","floor":27,"turns":5},{"damage":0,"enemies":"3 Cultists","floor":28,"turns":4},{"damage":0,"enemies":"Slavers","floor":31,"turns":5},{"damage":25,"enemies":"Automaton","floor":33,"turns":9},{"damage":0,"enemies":"3 Shapes","floor":35,"turns":5},{"damage":6,"enemies":"Orb Walker","floor":37,"turns":3},{"damage":0,"enemies":"Mind Bloom Boss Battle","floor":39,"turns":7},{"damage":0,"enemies":"Giant Head","floor":41,"turns":10},{"damage":11,"enemies":"Maw","floor":42,"turns":8},{"damage":0,"enemies":"4 Shapes","floor":48,"turns":7},{"damage":20,"enemies":"Time Eater","floor":50,"turns":15},{"damage":8,"enemies":"Donu and Deca","floor":51,"turns":11}],"seed_played":"3813013939122625021","potions_obtained":[{"floor":3,"key":"FearPotion"},{"floor":5,"key":"GhostInAJar"},{"floor":6,"key":"Weak Potion"},{"floor":28,"key":"SteroidPotion"},{"floor":31,"key":"Explosive Potion"},{"floor":33,"key":"GhostInAJar"},{"floor":37,"key":"Regen Potion"},{"floor":48,"key":"Dexterity Potion"}],"is_trial":true,"path_per_floor":["M","M","M","?","M","E","M","E","T","T","E","M","M","E","R","B",null,"M","M","$","T","M","R","E","M","T","E","M","?","R","E","R","B",null,"M","?","M","$","?","R","E","M","T","$","R","T","R","M","R","B","B"],"character_chosen":"THE_SILENT","items_purchased":["Molten Egg 2","Strength Potion","Dodge and Roll","Well Laid Plans+1","Incense Burner","Regen Potion"],"campfire_rested":3,"item_purchase_floors":[20,20,20,38,38,44],"current_hp_per_floor":[55,55,55,44,44,44,37,22,22,22,21,21,21,15,15,3,50,50,41,41,41,41,41,38,38,38,22,22,22,41,41,60,35,58,58,58,52,52,52,52,52,41,41,41,41,41,41,41,60,40,59],"gold":125,"neow_bonus":"","is_prod":false,"is_daily":false,"chose_seed":false,"campfire_upgraded":5,"win_rate":0,"timestamp":1536031092,"path_taken":["M","M","M","?","?","E","M","E","T","?","E","M","?","E","R","BOSS","M","M","$","?","M","R","E","M","T","E","M","?","R","E","R","BOSS","M","?","M","$","?","R","E","M","T","$","R","?","R","M","R","BOSS","BOSS"],"build_version":"2018-08-30","purchased_purges":1,"victory":true,"max_hp_per_floor":[66,66,66,66,66,66,66,66,66,66,66,66,66,66,66,66,66,66,66,66,66,66,66,66,66,66,66,66,66,66,66,66,66,66,66,66,66,66,66,66,66,66,66,66,66,66,66,66,66,66,66],"card_choices":[{"not_picked":["Quick Slash","Infinite Blades"],"picked":"Dagger Spray","floor":0},{"not_picked":["Prepared","Accuracy"],"picked":"PiercingWail","floor":0},{"not_picked":["Blade Dance","PiercingWail"],"picked":"Backflip","floor":0},{"not_picked":["Eviscerate","Reflex"],"picked":"Deflect","floor":0},{"not_picked":["Flechettes","Finisher"],"picked":"Flying Knee","floor":0},{"not_picked":["Backflip","Deadly Poison"],"picked":"Slice","floor":0},{"not_picked":["Choke","Deadly Poison"],"picked":"Flying Knee","floor":0},{"not_picked":["Blade Dance","Deadly Poison"],"picked":"Quick Slash","floor":0},{"not_picked":["Skewer","Sucker Punch"],"picked":"Backflip","floor":0},{"not_picked":["Bane","Deadly Poison"],"picked":"Acrobatics","floor":0},{"not_picked":["Tactician","Bane"],"picked":"Riddle With Holes","floor":0},{"not_picked":["Reflex","Outmaneuver"],"picked":"Dodge and Roll","floor":0},{"not_picked":["Deadly Poison","Eviscerate"],"picked":"Sucker Punch","floor":0},{"not_picked":["Accuracy","Well Laid Plans"],"picked":"Terror","floor":0},{"not_picked":["Acrobatics","Backflip"],"picked":"Dagger Spray","floor":0},{"not_picked":["Blade Dance","Dodge and Roll"],"picked":"Backstab","floor":1},{"not_picked":["Dagger Spray","Blade Dance","Night Terror"],"picked":"SKIP","floor":2},{"not_picked":["Noxious Fumes","Finisher"],"picked":"Escape Plan","floor":3},{"not_picked":["Acrobatics","Deadly Poison","Blade Dance"],"picked":"SKIP","floor":5},{"not_picked":["Poisoned Stab","Expertise","Slice"],"picked":"SKIP","floor":6},{"not_picked":["Noxious Fumes","Dagger Throw","Outmaneuver"],"picked":"SKIP","floor":7},{"not_picked":["Dodge and Roll","Deflect"],"picked":"Dagger Spray","floor":8},{"not_picked":["A Thousand Cuts","Dagger Spray"],"picked":"Glass Knife","floor":11},{"not_picked":["Backflip","Flying Knee","Sucker Punch"],"picked":"SKIP","floor":12},{"not_picked":["Flying Knee","Sucker Punch"],"picked":"Backflip","floor":12},{"not_picked":["Deadly Poison","Dagger Throw"],"picked":"Cloak And Dagger","floor":13},{"not_picked":["Acrobatics","Distraction","Backflip"],"picked":"SKIP","floor":14},{"not_picked":["Burst","Phantasmal Killer"],"picked":"Malaise","floor":16},{"not_picked":["Well Laid Plans","Reflex"],"picked":"Backflip+1","floor":18},{"not_picked":["Bane","Blade Dance","Backflip"],"picked":"SKIP","floor":19},{"not_picked":["Infinite Blades+1","Blade Dance"],"picked":"Sucker Punch+1","floor":22},{"not_picked":["Eviscerate+1","Concentrate+1"],"picked":"Adrenaline","floor":24},{"not_picked":["Underhanded Strike+1","Endless Agony+1"],"picked":"Footwork+1","floor":25},{"not_picked":["Burst","Noxious Fumes+1","Outmaneuver"],"picked":"SKIP","floor":27},{"not_picked":["Distraction","Sucker Punch+1","PiercingWail"],"picked":"SKIP","floor":28},{"not_picked":["Backflip","PiercingWail+1"],"picked":"Footwork+1","floor":31},{"not_picked":["Blade Dance+1","Dagger Throw+1","Prepared+1"],"picked":"SKIP","floor":35},{"not_picked":["Escape Plan","Crippling Poison"],"picked":"PiercingWail+1","floor":37},{"not_picked":["Dagger Spray+1","Storm of Steel"],"picked":"Caltrops+1","floor":41},{"not_picked":["Bane+1","Dodge and Roll","Blade Dance+1"],"picked":"SKIP","floor":42},{"not_picked":["Dodge and Roll","All Out Attack+1"],"picked":"Dagger Spray+1","floor":48}],"player_experience":1068073,"relics_obtained":[{"floor":6,"key":"Orichalcum"},{"floor":8,"key":"Bottled Lightning"},{"floor":9,"key":"Kunai"},{"floor":10,"key":"Art of War"},{"floor":11,"key":"Bag of Marbles"},{"floor":14,"key":"Nunchaku"},{"floor":21,"key":"Frozen Egg 2"},{"floor":24,"key":"Shuriken"},{"floor":26,"key":"Sundial"},{"floor":27,"key":"Ancient Tea Set"},{"floor":31,"key":"Bronze Scales"},{"floor":39,"key":"Ginger"},{"floor":41,"key":"Snake Skull"},{"floor":43,"key":"Potion Belt"},{"floor":46,"key":"MawBank"}],"event_choices":[{"event_name":"World of Goop","player_choice":"Gather Gold","floor":4,"damage_taken":0},{"event_name":"The Mausoleum","player_choice":"Yes","floor":29,"damage_taken":0},{"event_name":"Fountain of Cleansing","player_choice":"Removed Curse","floor":36,"damage_taken":0},{"event_name":"MindBloom","player_choice":"Fight","floor":39,"damage_taken":0}],"is_beta":false,"boss_relics":[{"not_picked":["White Beast Statue","Coffee Dripper"],"picked":"Velvet Choker"},{"not_picked":["Ring of the Serpent","Sozu"],"picked":"Lizard Tail"}],"items_purged_floors":[20],"is_endless":false,"potions_floor_spawned":[3,5,6,11,16,19,28,31,33,37,42,48],"ascension_level":20}