{"gold_per_floor":[116,66,141,141,161,161,190,190,190,221,221,233,245,258,258,358,358,371,286,286,301,301,332,332,347,347,164,175,186,203,217,217,316,316,328,328,328,328,341,370,387,95,95,95,109,109,109,109,109,109],"floor_reached":51,"playtime":3734,"items_purged":["Decay","Parasite"],"score":834,"play_id":"2665b2fd-fead-4c64-9100-6af43f029aa5","local_time":"20190410005753","is_ascension_mode":true,"campfire_choices":[{"data":"Entrench","floor":6.0,"key":"SMITH"},{"floor":11.0,"key":"REST"},{"floor":15.0,"key":"REST"},{"floor":24.0,"key":"REST"},{"floor":32.0,"key":"REST"},{"floor":44,"key":"REST"},{"floor":49,"key":"REST"}],"neow_cost":"NONE","seed_source_timestamp":46116754953688,"circlet_count":0,"master_deck":["Strike_R+1","Strike_R+1","Defend_R+1","Defend_R+1","Defend_R+1","Bash+1","Flex+1","Sever Soul+1","Entrench+1","Cleave+1","Battle Trance+1","Flex+1","Metallicize+1","Dropkick+1","Juggernaut+1","Body Slam+1","Immolate+1","Inflame+1","Bandage Up+1","Shrug It Off+1","Armaments+1","Shrug It Off+1","Feed+1","Madness+1","Madness+1","Heavy Blade+1","Sadistic Nature+1","Good Instincts+1","Mayhem+1","Entrench+1"],"special_seed":0,"relics":["Burning Blood","NeowsBlessing","Ice Cream","Meat on the Bone","Bag of Marbles","Fusion Hammer","PreservedInsect","Singing Bowl","Bottled Tornado","Busted Crown","Lantern","Lee\u0027s Waffle","Centennial Puzzle","Mark of the Bloom"],"potions_floor_usage":[35,39,40],"damage_taken":[{"damage":0.0,"enemies":"Jaw Worm","floor":1.0,"turns":1.0},{"damage":0.0,"enemies":"Small Slimes","floor":5.0,"turns":1.0},{"damage":0.0,"enemies":"3 Sentries","floor":7.0,"turns":2.0},{"damage":20.0,"enemies":"Lagavulin","floor":10.0,"turns":6.0},{"damage":0.0,"enemies":"Cultist","floor":12.0,"turns":2.0},{"damage":2.0,"enemies":"Looter","floor":13.0,"turns":3.0},{"damage":28.0,"enemies":"Lots of Slimes","floor":14.0,"turns":5.0},{"damage":42.0,"enemies":"Hexaghost","floor":16.0,"turns":10.0},{"damage":17.0,"enemies":"Shell Parasite","floor":18.0,"turns":5.0},{"damage":16.0,"enemies":"2 Thieves","floor":21.0,"turns":4.0},{"damage":22.0,"enemies":"Gremlin Leader","floor":23.0,"turns":4.0},{"damage":23.0,"enemies":"Snake Plant","floor":25.0,"turns":3.0},{"damage":22.0,"enemies":"3 Cultists","floor":28.0,"turns":5.0},{"damage":21.0,"enemies":"Shelled Parasite and Fungi","floor":29.0,"turns":4.0},{"damage":17.0,"enemies":"Centurion and Healer","floor":30.0,"turns":5.0},{"damage":32.0,"enemies":"Snecko","floor":31.0,"turns":5.0},{"damage":51,"enemies":"Champ","floor":33,"turns":15},{"damage":2,"enemies":"Orb Walker","floor":35,"turns":4},{"damage":36,"enemies":"3 Darklings","floor":39,"turns":4},{"damage":68,"enemies":"Giant Head","floor":40,"turns":7},{"damage":7,"enemies":"Writhing Mass","floor":41,"turns":6},{"damage":9,"enemies":"4 Shapes","floor":45,"turns":5},{"damage":90,"enemies":"Time Eater","floor":50,"turns":12}],"seed_played":"8626180585578912107","potions_obtained":[{"floor":5.0,"key":"SpeedPotion"},{"floor":12.0,"key":"PowerPotion"},{"floor":13.0,"key":"Block Potion"},{"floor":16.0,"key":"AttackPotion"},{"floor":21.0,"key":"EssenceOfSteel"},{"floor":25.0,"key":"Block Potion"},{"floor":31.0,"key":"BloodPotion"},{"floor":33,"key":"Block Potion"},{"floor":35,"key":"AttackPotion"},{"floor":40,"key":"PowerPotion"}],"is_trial":false,"path_per_floor":["M","?","?","?","M","R","E","?","T","E","R","M","M","M","R","B",null,"M","?","?","M","?","E","R","M","T","$","M","M","M","M","R","B",null,"M","?","?","?","M","E","M","$","T","R","M","?","?","?","R","B",null],"character_chosen":"IRONCLAD","items_purchased":["Bandage Up","Shrug It Off","Lee\u0027s Waffle"],"campfire_rested":6,"item_purchase_floors":[27,27,42],"current_hp_per_floor":[80,80,69,69,75,75,80,80,80,66,80,80,80,58,80,56,80,69,69,69,59,59,55,79,62,62,62,50,51,58,50,75,46,84,86,75,75,75,59,25,43,97,97,97,102,92,92,92,92,2],"gold":109,"neow_bonus":"THREE_ENEMY_KILL","is_prod":false,"is_daily":false,"chose_seed":false,"campfire_upgraded":1,"win_rate":0,"timestamp":1554854273,"path_taken":["M","?","?","?","?","R","E","?","T","E","R","M","?","M","R","BOSS","M","?","?","?","?","E","R","M","T","$","M","M","M","M","R","BOSS","M","?","?","?","M","E","M","$","T","R","M","?","?","?","R","BOSS"],"build_version":"2019-01-23","purchased_purges":2,"victory":true,"max_hp_per_floor":[80,80,80,80,80,80,80,80,80,80,80,80,80,80,80,80,80,80,80,80,80,80,80,80,80,80,80,80,80,82,84,84,84,84,86,86,86,86,88,90,93,97,97,97,102,102,102,102,102,102],"card_choices":[{"not_picked":["Intimidate","Sword Boomerang"],"picked":"Flex","floor":1.0},{"not_picked":["Pommel Strike","Flex"],"picked":"Entrench","floor":5.0},{"not_picked":["Perfected Strike","Dropkick"],"picked":"Cleave","floor":7.0},{"not_picked":["Rupture","Power Through"],"picked":"Battle Trance","floor":10.0},{"not_picked":["Iron Wave","Headbutt"],"picked":"Flex","floor":12.0},{"not_picked":["Headbutt","Sword Boomerang"],"picked":"Metallicize","floor":13.0},{"not_picked":["Pommel Strike","Anger"],"picked":"Dropkick","floor":14.0},{"not_picked":["Exhume","Offering"],"picked":"Juggernaut","floor":16.0},{"not_picked":["Flex","Havoc"],"picked":"Body Slam","floor":18.0},{"not_picked":["Warcry","Power Through","True Grit+1"],"picked":"SKIP","floor":21.0},{"not_picked":["Juggernaut","Clothesline"],"picked":"Immolate","floor":23.0},{"not_picked":["Cleave","Heavy Blade"],"picked":"Inflame","floor":25.0},{"not_picked":["Rampage","Ghostly Armor"],"picked":"Armaments","floor":28.0},{"not_picked":["Wild Strike+1","Fiend Fire"],"picked":"Shrug It Off+1","floor":29.0},{"not_picked":["Twin Strike","Thunderclap","Iron Wave"],"picked":"Singing Bowl","floor":30.0},{"not_picked":["Hemokinesis","Clothesline","Body Slam"],"picked":"Singing Bowl","floor":31.0},{"not_picked":["Double Tap","Impervious"],"picked":"Feed","floor":33},{"not_picked":["Carnage"],"picked":"Singing Bowl","floor":35},{"not_picked":["Anger+1"],"picked":"Singing Bowl","floor":39},{"not_picked":["Twin Strike+1"],"picked":"Singing Bowl","floor":40},{"not_picked":[],"picked":"Heavy Blade+1","floor":41},{"not_picked":["Anger+1"],"picked":"Singing Bowl","floor":45},{"not_picked":[],"picked":"Sadistic Nature","floor":46},{"not_picked":[],"picked":"Good Instincts","floor":46},{"not_picked":[],"picked":"Mayhem","floor":46}],"player_experience":553836,"relics_obtained":[{"floor":7.0,"key":"Ice Cream"},{"floor":9.0,"key":"Meat on the Bone"},{"floor":10.0,"key":"Bag of Marbles"},{"floor":23.0,"key":"Singing Bowl"},{"floor":26.0,"key":"Bottled Tornado"},{"floor":40,"key":"Lantern"},{"floor":43,"key":"Centennial Puzzle"}],"event_choices":[{"cards_removed":["Strike_R"],"damage_healed":0.0,"max_hp_gain":0.0,"max_hp_loss":0.0,"gold_gain":0.0,"event_name":"The Cleric","player_choice":"Card Removal","floor":2.0,"gold_loss":50.0,"damage_taken":0.0},{"damage_healed":0.0,"max_hp_gain":0.0,"max_hp_loss":0.0,"gold_gain":75.0,"event_name":"World of Goop","player_choice":"Gather Gold","floor":3.0,"gold_loss":0.0,"damage_taken":11.0},{"damage_healed":0.0,"max_hp_gain":0.0,"max_hp_loss":0.0,"gold_gain":0.0,"cards_transformed":["Strike_R"],"event_name":"Transmorgrifier","player_choice":"Transformed","floor":4.0,"gold_loss":0.0,"damage_taken":0.0,"cards_obtained":["Sever Soul"]},{"cards_removed":["Strike_R"],"damage_healed":0.0,"max_hp_gain":0.0,"max_hp_loss":0.0,"gold_gain":0.0,"event_name":"Purifier","player_choice":"Purged","floor":8.0,"gold_loss":0.0,"damage_taken":0.0},{"damage_healed":0.0,"max_hp_gain":0.0,"max_hp_loss":0.0,"gold_gain":0.0,"event_name":"Addict","player_choice":"Obtained Relic","floor":19.0,"gold_loss":85.0,"damage_taken":0.0,"relics_obtained":["PreservedInsect"]},{"cards_removed":["Defend_R"],"damage_healed":0.0,"max_hp_gain":0.0,"max_hp_loss":0.0,"gold_gain":0.0,"event_name":"Bonfire Elementals","player_choice":"Offered Basic","floor":20.0,"gold_loss":0.0,"damage_taken":0.0},{"damage_healed":0.0,"max_hp_gain":0.0,"max_hp_loss":0.0,"gold_gain":0.0,"event_name":"Forgotten Altar","player_choice":"Smashed Altar","floor":22.0,"gold_loss":0.0,"damage_taken":0.0,"cards_obtained":["Decay"]},{"damage_healed":0,"gold_gain":0,"player_choice":"Embrace Madness","damage_taken":11,"max_hp_gain":0,"max_hp_loss":0,"event_name":"Winding Halls","floor":36,"gold_loss":0,"cards_obtained":["Madness","Madness"]},{"damage_healed":0,"gold_gain":0,"player_choice":"Ignored","damage_taken":0,"max_hp_gain":0,"max_hp_loss":0,"event_name":"Mysterious Sphere","floor":37,"gold_loss":0},{"damage_healed":0,"gold_gain":0,"player_choice":"Ignored","damage_taken":0,"max_hp_gain":0,"max_hp_loss":0,"event_name":"Tomb of Lord Red Mask","floor":38,"gold_loss":0},{"damage_healed":0,"gold_gain":0,"player_choice":"Memory 3","damage_taken":10,"max_hp_gain":0,"max_hp_loss":0,"event_name":"SensoryStone","floor":46,"gold_loss":0},{"damage_healed":0,"gold_gain":0,"player_choice":"Upgrade","damage_taken":0,"relics_obtained":["Mark of the Bloom"],"max_hp_gain":0,"max_hp_loss":0,"event_name":"MindBloom","floor":47,"gold_loss":0,"cards_upgraded":["Strike_R","Strike_R","Defend_R","Defend_R","Defend_R","Bash","Flex","Sever Soul","Cleave","Battle Trance","Flex","Metallicize","Dropkick","Juggernaut","Body Slam","Immolate","Inflame","Bandage Up","Shrug It Off","Armaments","Feed","Madness","Madness","Sadistic Nature","Good Instincts","Mayhem"]},{"damage_healed":0,"gold_gain":0,"player_choice":"Copied","damage_taken":0,"max_hp_gain":0,"max_hp_loss":0,"event_name":"Duplicator","floor":48,"gold_loss":0,"cards_obtained":["Entrench"]}],"is_beta":false,"boss_relics":[{"not_picked":["Coffee Dripper","Velvet Choker"],"picked":"Fusion Hammer"},{"not_picked":["Black Star","Pandora\u0027s Box"],"picked":"Busted Crown"}],"items_purged_floors":[27,42],"is_endless":false,"potions_floor_spawned":[5,12,13,16,21,25,31,33,35,40],"ascension_level":3}