{"gold_per_floor":[166,177,189,201,126,160,160,180,180,180,28,40,40,40,40,140,140],"floor_reached":17,"playtime":363,"items_purged":["Strike_R"],"score":157,"play_id":"e0205495-727c-438f-9df7-5436b1f92848","local_time":"20190110011653","is_ascension_mode":false,"campfire_choices":[{"floor":7,"key":"REST"},{"data":"1","floor":10,"key":"LIFT"},{"data":"2","floor":15,"key":"LIFT"}],"neow_cost":"NONE","seed_source_timestamp":15920654742788,"circlet_count":0,"master_deck":["Strike_R","Strike_R","Strike_R","Defend_R","Defend_R","Defend_R","Defend_R","Battle Trance","Fiend Fire"],"relics":["Tiny House","Bronze Scales","Girya","Happy Flower","Question Card","Empty Cage"],"potions_floor_usage":[4,6,16,16],"damage_taken":[{"damage":6,"enemies":"Cultist","floor":1,"turns":3},{"damage":3,"enemies":"Jaw Worm","floor":2,"turns":4},{"damage":0,"enemies":"2 Louse","floor":3,"turns":3},{"damage":5,"enemies":"Looter","floor":4,"turns":4},{"damage":36,"enemies":"Lagavulin","floor":6,"turns":5},{"damage":8,"enemies":"2 Fungi Beasts","floor":8,"turns":3},{"damage":28,"enemies":"Lots of Slimes","floor":12,"turns":3},{"damage":38,"enemies":"Slime Boss","floor":16,"turns":8}],"seed_played":"-7703162124225852154","potions_obtained":[{"floor":0,"key":"PowerPotion"},{"floor":1,"key":"PowerPotion"},{"floor":2,"key":"Fire Potion"},{"floor":8,"key":"Regen Potion"}],"is_trial":false,"path_per_floor":["M","M","M","M","$","E","R","M","T","R","$","M","$","?","R","B",null],"character_chosen":"IRONCLAD","items_purchased":["Happy Flower"],"campfire_rested":1,"item_purchase_floors":[11],"current_hp_per_floor":[79,76,76,71,71,35,60,52,52,52,52,24,24,24,24,1,85],"gold":140,"neow_bonus":"BOSS_RELIC","is_prod":false,"is_daily":false,"chose_seed":false,"campfire_upgraded":0,"win_rate":0,"timestamp":1547079413,"path_taken":["M","M","M","M","$","E","R","?","T","R","$","M","$","?","R","BOSS"],"build_version":"2019-01-03v4","purchased_purges":1,"victory":false,"max_hp_per_floor":[85,85,85,85,85,85,85,85,85,85,85,85,85,85,85,85,85],"card_choices":[{"not_picked":["Perfected Strike","Pommel Strike","Havoc"],"picked":"SKIP","floor":1},{"not_picked":["Fire Breathing","Seeing Red","Perfected Strike"],"picked":"SKIP","floor":2},{"not_picked":["Metallicize","Ghostly Armor","Twin Strike"],"picked":"SKIP","floor":3},{"not_picked":["Clash","Infernal Blade","Fire Breathing"],"picked":"SKIP","floor":4},{"not_picked":["Feed","Sword Boomerang","Cleave"],"picked":"SKIP","floor":6},{"not_picked":["True Grit","Body Slam"],"picked":"Battle Trance","floor":8},{"not_picked":["Shrug It Off","Warcry"],"picked":"Shockwave","floor":12},{"not_picked":["Brutality","Barricade","Offering"],"picked":"Fiend Fire","floor":16}],"player_experience":432461,"relics_obtained":[{"floor":6,"key":"Bronze Scales"},{"floor":9,"key":"Girya"}],"event_choices":[{"cards_removed":["Shockwave"],"damage_healed":0,"gold_gain":0,"player_choice":"Gave Card","damage_taken":0,"relics_obtained":["Question Card"],"max_hp_gain":0,"max_hp_loss":0,"event_name":"WeMeetAgain","floor":14,"gold_loss":0}],"is_beta":false,"boss_relics":[{"not_picked":["Calling Bell","Cursed Key"],"picked":"Empty Cage"}],"items_purged_floors":[5],"is_endless":false,"potions_floor_spawned":[1,2,3,8],"ascension_level":0}