{"gold_per_floor":[109,109,128,3,3,3,21,21,68,86,86,105,132,132,132,132],"floor_reached":16,"playtime":435,"items_purged":["Regret"],"score":175,"play_id":"2f4d9bf7-cebd-4559-9c53-b79fe26173cc","local_time":"20190302231920","is_ascension_mode":true,"campfire_choices":[{"data":"Inflame","floor":6,"key":"SMITH"},{"data":"Flex","floor":8,"key":"SMITH"},{"data":"Bash","floor":15,"key":"SMITH"}],"neow_cost":"TEN_PERCENT_HP_LOSS","seed_source_timestamp":10014014996500,"circlet_count":0,"master_deck":["AscendersBane","Strike_R","Strike_R","Strike_R","Defend_R","Defend_R+1","Defend_R+1","Bash+1","Seeing Red","Rupture","Inflame+1","Feed","Twin Strike","Flex+1","Sword Boomerang+1"],"relics":["Burning Blood","Regal Pillow","Blood Vial","Molten Egg 2"],"potions_floor_usage":[16,16],"damage_taken":[{"damage":7,"enemies":"2 Louse","floor":1,"turns":4},{"damage":4,"enemies":"Cultist","floor":3,"turns":4},{"damage":12,"enemies":"Jaw Worm","floor":7,"turns":4},{"damage":10,"enemies":"3 Louse","floor":10,"turns":3},{"damage":25,"enemies":"Exordium Thugs","floor":12,"turns":5},{"damage":27,"enemies":"Lagavulin","floor":13,"turns":6},{"damage":14,"enemies":"Hexaghost","floor":16,"turns":4}],"seed_played":"-2145915570455726716","potions_obtained":[{"floor":3,"key":"PowerPotion"},{"floor":13,"key":"Strength Potion"}],"is_trial":false,"path_per_floor":["M","?","M","$","?","R","M","R","T","M","?","M","E","?","R","B"],"character_chosen":"IRONCLAD","items_purchased":["Twin Strike"],"campfire_rested":0,"item_purchase_floors":[4],"current_hp_per_floor":[67,67,68,68,68,68,65,65,65,66,44,30,11,11,11,0],"gold":132,"neow_bonus":"TRANSFORM_TWO_CARDS","is_prod":false,"is_daily":false,"chose_seed":false,"campfire_upgraded":3,"win_rate":0,"timestamp":1551539960,"path_taken":["M","?","M","$","?","R","?","R","T","M","?","M","E","?","R","BOSS"],"build_version":"2019-01-23","purchased_purges":1,"victory":false,"max_hp_per_floor":[68,68,68,68,68,68,71,71,71,74,74,77,77,77,77,77],"card_choices":[{"not_picked":["Cleave","Shrug It Off"],"picked":"Inflame","floor":1},{"not_picked":["Warcry","Heavy Blade"],"picked":"Feed","floor":3},{"not_picked":["Corruption","Headbutt","Iron Wave"],"picked":"SKIP","floor":7},{"not_picked":["Heavy Blade","Fire Breathing","Hemokinesis"],"picked":"SKIP","floor":10},{"not_picked":["Heavy Blade","Infernal Blade","Anger"],"picked":"SKIP","floor":12},{"not_picked":["Pommel Strike","Burning Pact"],"picked":"Sword Boomerang","floor":13}],"player_experience":2678872,"relics_obtained":[{"floor":9,"key":"Blood Vial"},{"floor":13,"key":"Molten Egg 2"}],"event_choices":[{"damage_healed":0,"gold_gain":0,"player_choice":"Box","damage_taken":0,"relics_obtained":["Regal Pillow"],"max_hp_gain":0,"max_hp_loss":0,"event_name":"Big Fish","floor":2,"gold_loss":0,"cards_obtained":["Regret"]},{"damage_healed":0,"gold_gain":0,"cards_transformed":["Strike_R"],"player_choice":"Transformed","damage_taken":0,"max_hp_gain":0,"max_hp_loss":0,"event_name":"Transmorgrifier","floor":5,"gold_loss":0,"cards_obtained":["Flex"]},{"damage_healed":0,"gold_gain":0,"player_choice":"Entered Light","damage_taken":22,"max_hp_gain":0,"max_hp_loss":0,"event_name":"Shining Light","floor":11,"gold_loss":0,"cards_upgraded":["Defend_R","Defend_R"]},{"damage_healed":0,"gold_gain":0,"player_choice":"Got Potions","damage_taken":0,"max_hp_gain":0,"max_hp_loss":0,"event_name":"Lab","floor":14,"gold_loss":0}],"is_beta":false,"boss_relics":[],"items_purged_floors":[4],"is_endless":false,"potions_floor_spawned":[3,13],"killed_by":"Hexaghost","ascension_level":15}