{"gold_per_floor":[109,109,127,144,162,162,188,188,188,223,223,195,24,24,24,120,120,134,49,49,49,56,56],"floor_reached":23,"playtime":1215,"items_purged":[],"score":394,"play_id":"dd9a8aaf-9bcb-4509-bbef-9d0ff89c8e70","local_time":"20190417182954","is_ascension_mode":true,"campfire_choices":[{"data":"ReplayTheSpireMod:Calculation Training","floor":6.0,"key":"SMITH"},{"floor":8.0,"key":"REST"},{"floor":11.0,"key":"REST"}],"neow_cost":"NONE","seed_source_timestamp":1716375220000,"circlet_count":0,"master_deck":["AscendersBane","Strike_B","Strike_B","Strike_B","Strike_B","Defend_B","Defend_B","Defend_B","Defend_B","Zap","Dualcast","ReplayTheSpireMod:Calculation Training+1","Coolheaded","Chill","BasicCrystalCard","Coolheaded","Meteor Strike","Electrodynamics","Ball Lightning","Consume+1"],"special_seed":0,"relics":["Cracked Core","ReplayTheSpireMod:Lightbulb","Chameleon Ring","Divine Protection","Girya","ReplayFunnel","Bloody Idol","Black Star","Shuriken","Nunchaku"],"potions_floor_usage":[23,23],"damage_taken":[{"damage":5.0,"enemies":"Small Slimes","floor":1.0,"turns":3.0},{"damage":8.0,"enemies":"Cultist","floor":3.0,"turns":5.0},{"damage":9.0,"enemies":"Jaw Worm","floor":4.0,"turns":5.0},{"damage":4.0,"enemies":"Looter","floor":5.0,"turns":3.0},{"damage":24.0,"enemies":"Lagavulin","floor":7.0,"turns":11.0},{"damage":31.0,"enemies":"Gremlin Nob","floor":10.0,"turns":4.0},{"damage":4.0,"enemies":"Exordium Thugs","floor":12.0,"turns":5.0},{"damage":41.0,"enemies":"Fading Forest","floor":16.0,"turns":13.0},{"damage":0.0,"enemies":"Shell Parasite","floor":18.0,"turns":12.0},{"damage":29,"enemies":"Gremlin Leader","floor":23,"turns":7}],"seed_played":"-8371348340797868079","potions_obtained":[{"floor":3.0,"key":"Toxic Potion"},{"floor":4.0,"key":"LiquidBronze"},{"floor":7.0,"key":"Dexterity Potion"},{"floor":10.0,"key":"Regen Potion"},{"floor":12.0,"key":"Dexterity Potion"},{"floor":18.0,"key":"AttackPotion"}],"is_trial":false,"path_per_floor":["M","?","M","M","M","R","E","R","T","E","R","M","$","?","R","B",null,"M","?","?","$","?","E"],"character_chosen":"DEFECT","items_purchased":["ReplayFunnel"],"campfire_rested":2,"item_purchase_floors":[13],"current_hp_per_floor":[59,59,51,42,38,38,14,35,35,4,25,43,43,43,43,2,49,49,49,49,49,29,0],"gold":56,"neow_bonus":"RANDOM_COMMON_RELIC","is_prod":false,"is_daily":false,"chose_seed":false,"campfire_upgraded":1,"win_rate":0,"timestamp":1555496994,"path_taken":["M","?","?","M","M","R","E","R","T","E","R","M","?","?","R","BOSS","M","?","?","$","?","E"],"build_version":"2019-01-23","purchased_purges":0,"victory":false,"max_hp_per_floor":[71,71,71,71,71,71,71,71,71,71,71,71,71,71,64,64,64,64,64,64,64,64,64],"card_choices":[{"not_picked":["Barrage","Coolheaded"],"picked":"Streamline","floor":1.0},{"not_picked":["Chill","Defragment"],"picked":"ReplayTheSpireMod:Calculation Training","floor":3.0},{"not_picked":["Consume","Leap"],"picked":"Coolheaded","floor":4.0},{"not_picked":["Compile Driver","Gash"],"picked":"Chill","floor":5.0},{"not_picked":["Leap","Chill"],"picked":"BasicCrystalCard","floor":7.0},{"not_picked":["White Noise","Redo"],"picked":"Coolheaded","floor":10.0},{"not_picked":["BasicCrystalCard","Stack"],"picked":"Meteor Strike","floor":12.0},{"not_picked":["All For One","Seek"],"picked":"Electrodynamics","floor":16.0},{"not_picked":["Beam Cell","Compile Driver"],"picked":"Ball Lightning","floor":18.0},{"not_picked":["Crystallizer","Sweeping Beam"],"picked":"Consume+1","floor":22.0}],"player_experience":2992214,"relics_obtained":[{"floor":9.0,"key":"Divine Protection"},{"floor":10.0,"key":"Girya"},{"floor":22.0,"key":"Nunchaku"}],"event_choices":[{"cards_removed":["Streamline"],"damage_healed":0.0,"max_hp_gain":0.0,"max_hp_loss":0.0,"gold_gain":0.0,"event_name":"WeMeetAgain","player_choice":"Gave Card","floor":2.0,"gold_loss":0.0,"damage_taken":0.0,"relics_obtained":["Chameleon Ring"]},{"damage_healed":0.0,"max_hp_gain":0.0,"max_hp_loss":0.0,"gold_gain":0.0,"event_name":"The Cleric","player_choice":"Leave","floor":14.0,"gold_loss":0.0,"damage_taken":0.0},{"damage_healed":0.0,"max_hp_gain":0.0,"max_hp_loss":7.0,"gold_gain":0.0,"event_name":"Golden Idol","player_choice":"Lose Max HP","floor":15.0,"gold_loss":0.0,"damage_taken":0.0,"relics_obtained":["Golden Idol"]},{"damage_healed":0.0,"max_hp_gain":0.0,"max_hp_loss":0.0,"gold_gain":0.0,"event_name":"Addict","player_choice":"Obtained Relic","floor":19.0,"gold_loss":85.0,"damage_taken":0.0,"relics_obtained":["Shuriken"]},{"damage_healed":0.0,"max_hp_gain":0.0,"max_hp_loss":0.0,"gold_gain":0.0,"event_name":"Forgotten Altar","player_choice":"Gave Idol","floor":20.0,"relics_lost":["Golden Idol"],"gold_loss":0.0,"damage_taken":0.0,"relics_obtained":["Bloody Idol"]}],"is_beta":false,"boss_relics":[{"not_picked":["Orrery","FrozenCore"],"picked":"Black Star"}],"items_purged_floors":[],"is_endless":false,"potions_floor_spawned":[3,4,7,10,12,18],"killed_by":"Gremlin Leader","ascension_level":20}