{"gold_per_floor":[115,40,40,55,75,104,104,29,53,85,85,104,131,147,147,223,223,242,254,267,3,14,14,30,45,45,45],"floor_reached":27,"playtime":1647,"items_purged":[],"score":474,"play_id":"15dec36d-42d3-4e56-8c9c-715d77407115","local_time":"20190321141736","is_ascension_mode":true,"campfire_choices":[{"floor":7,"key":"REST"},{"data":"Combust","floor":11,"key":"SMITH"},{"floor":15,"key":"REST"},{"floor":23,"key":"REST"}],"neow_cost":"NONE","seed_source_timestamp":116987006208900,"circlet_count":0,"master_deck":["AscendersBane","Strike_R","Strike_R","Strike_R","Strike_R","Defend_R","Defend_R","Defend_R","Defend_R","Bash+1","Hemokinesis","Armaments","Clothesline","Flame Barrier","Combust+1","Metallicize","Shockwave","Feed","Cleave+1","Shrug It Off","Inflame","Dropkick+1","Rupture+1"],"relics":["Burning Blood","Potion Belt","Mercury Hourglass","Lantern","Bronze Scales","Turnip","Philosopher\u0027s Stone","Centennial Puzzle","Bottled Tornado"],"potions_floor_usage":[6,13,14,16,25,27,27],"damage_taken":[{"damage":7,"enemies":"Small Slimes","floor":1,"turns":4},{"damage":1,"enemies":"2 Louse","floor":4,"turns":3},{"damage":5,"enemies":"Jaw Worm","floor":5,"turns":5},{"damage":46,"enemies":"Lagavulin","floor":6,"turns":8},{"damage":13,"enemies":"Gremlin Nob","floor":10,"turns":3},{"damage":6,"enemies":"Exordium Wildlife","floor":12,"turns":4},{"damage":18,"enemies":"Lagavulin","floor":13,"turns":6},{"damage":0,"enemies":"Lots of Slimes","floor":14,"turns":1},{"damage":14,"enemies":"Slime Boss","floor":16,"turns":7},{"damage":20,"enemies":"Chosen","floor":18,"turns":5},{"damage":21,"enemies":"Spheric Guardian","floor":19,"turns":5},{"damage":17,"enemies":"Snecko","floor":20,"turns":6},{"damage":13,"enemies":"Sentry and Sphere","floor":22,"turns":7},{"damage":22,"enemies":"Cultist and Chosen","floor":24,"turns":7},{"damage":38,"enemies":"Shelled Parasite and Fungi","floor":25,"turns":6},{"damage":10,"enemies":"Slavers","floor":27,"turns":1}],"seed_played":"7787427790744002866","potions_obtained":[{"floor":1,"key":"Dexterity Potion"},{"floor":4,"key":"Explosive Potion"},{"floor":6,"key":"GamblersBrew"},{"floor":12,"key":"Fruit Juice"},{"floor":13,"key":"PowerPotion"},{"floor":22,"key":"Fire Potion"}],"is_trial":false,"path_per_floor":["M","?","?","M","M","E","R","$","T","E","R","M","E","M","R","B",null,"M","M","M","$","M","R","M","M","T","E"],"character_chosen":"IRONCLAD","items_purchased":["Combust","Centennial Puzzle","Shrug It Off","Strength Potion"],"campfire_rested":3,"item_purchase_floors":[8,21,21,21],"current_hp_per_floor":[67,67,49,54,55,15,37,37,37,30,30,30,18,24,46,38,66,52,40,29,29,25,49,36,9,9,0],"gold":45,"neow_bonus":"UPGRADE_CARD","is_prod":false,"is_daily":false,"chose_seed":false,"campfire_upgraded":1,"win_rate":0,"timestamp":1553177856,"path_taken":["M","?","?","M","M","E","R","?","T","E","R","?","E","M","R","BOSS","M","?","M","$","M","R","M","M","T","E"],"build_version":"2019-01-23","purchased_purges":0,"victory":false,"max_hp_per_floor":[75,75,75,75,75,75,75,75,75,75,75,75,75,75,75,75,75,75,78,78,78,81,81,84,89,89,89],"card_choices":[{"not_picked":["Metallicize","Fire Breathing"],"picked":"Hemokinesis","floor":1},{"not_picked":["Body Slam","Bloodletting"],"picked":"Armaments","floor":4},{"not_picked":["Sword Boomerang","True Grit"],"picked":"Clothesline","floor":5},{"not_picked":["Havoc","Clash"],"picked":"Flame Barrier","floor":6},{"not_picked":["Power Through","Ghostly Armor","Entrench"],"picked":"SKIP","floor":10},{"not_picked":["Clothesline","Heavy Blade"],"picked":"Metallicize","floor":12},{"not_picked":["Pommel Strike","Dropkick"],"picked":"Shockwave","floor":13},{"not_picked":["Body Slam","Clash","Second Wind"],"picked":"SKIP","floor":14},{"not_picked":["Offering","Dark Embrace"],"picked":"Feed","floor":16},{"not_picked":["Uppercut","Thunderclap","Armaments"],"picked":"SKIP","floor":18},{"not_picked":["Feel No Pain","Clash"],"picked":"Cleave+1","floor":19},{"not_picked":["Evolve","Flex","Sword Boomerang"],"picked":"SKIP","floor":20},{"not_picked":["Ghostly Armor","Power Through"],"picked":"Inflame","floor":22},{"not_picked":["Flame Barrier","Armaments"],"picked":"Dropkick+1","floor":24},{"not_picked":["Warcry","Perfected Strike"],"picked":"Rupture+1","floor":25}],"player_experience":2282458,"relics_obtained":[{"floor":6,"key":"Mercury Hourglass"},{"floor":9,"key":"Lantern"},{"floor":10,"key":"Bronze Scales"},{"floor":13,"key":"Turnip"},{"floor":26,"key":"Bottled Tornado"}],"event_choices":[{"cards_removed":["Strike_R"],"damage_healed":0,"gold_gain":0,"player_choice":"Card Removal","damage_taken":0,"max_hp_gain":0,"max_hp_loss":0,"event_name":"The Cleric","floor":2,"gold_loss":75},{"damage_healed":0,"gold_gain":0,"player_choice":"Success","damage_taken":18,"relics_obtained":["Potion Belt"],"max_hp_gain":0,"max_hp_loss":0,"event_name":"Scrap Ooze","floor":3,"gold_loss":0}],"is_beta":false,"boss_relics":[{"not_picked":["Astrolabe","Mark of Pain"],"picked":"Philosopher\u0027s Stone"}],"items_purged_floors":[],"is_endless":false,"potions_floor_spawned":[1,4,6,12,13,22],"killed_by":"Slavers","ascension_level":20}