{"gold_per_floor":[119,133,85,105,55,86,86,86,136,155,166,185,185,196,196,196],"floor_reached":16,"playtime":870,"items_purged":["Strike_B"],"score":156,"play_id":"31f2952d-78e4-4813-80ed-3e61fedb7876","local_time":"25620121201432","is_ascension_mode":true,"campfire_choices":[{"floor":7,"key":"REST"},{"data":"Sunder","floor":13,"key":"SMITH"},{"data":"Genetic Algorithm","floor":15,"key":"SMITH"}],"neow_cost":"NONE","seed_source_timestamp":10295358640071,"circlet_count":0,"master_deck":["AscendersBane","Strike_B","Strike_B","Strike_B","Defend_B","Defend_B","Defend_B","Zap","Dualcast","Sunder+1","Leap","Go for the Eyes","Genetic Algorithm+1","Hologram","Conserve Battery","Gash","Creative AI"],"relics":["hubris:ScarierMask","infinitespire:ShieldingShard","Anchor"],"potions_floor_usage":[6,6,16,16,16],"damage_taken":[{"damage":13,"enemies":"Jaw Worm","floor":1,"turns":5},{"damage":0,"enemies":"2 Louse","floor":2,"turns":2},{"damage":0,"enemies":"Cultist","floor":4,"turns":4},{"damage":39,"enemies":"Gremlin Nob","floor":6,"turns":5},{"damage":3,"enemies":"Looter","floor":10,"turns":3},{"damage":0,"enemies":"3 Louse","floor":11,"turns":3},{"damage":0,"enemies":"Lots of Slimes","floor":12,"turns":4},{"damage":0,"enemies":"Looter","floor":14,"turns":2},{"damage":37,"enemies":"Hexaghost","floor":16,"turns":10}],"seed_played":"5657026214578610536","potions_obtained":[{"floor":2,"key":"GamblersBrew"},{"floor":4,"key":"SteroidPotion"},{"floor":6,"key":"SpeedPotion"},{"floor":11,"key":"infinitespire:BlackPotion"},{"floor":12,"key":"Adrenaline Potion"}],"is_trial":false,"path_per_floor":["M","M","$","M","?","E","R","?","T","M","M","M","R","M","R","B"],"character_chosen":"DEFECT","items_purchased":["Leap","Go for the Eyes"],"campfire_rested":1,"item_purchase_floors":[3,3],"current_hp_per_floor":[55,55,55,55,55,16,38,38,38,35,35,35,35,35,35,0],"gold":196,"neow_bonus":"BOSS_RELIC","is_prod":false,"is_daily":false,"chose_seed":false,"campfire_upgraded":2,"win_rate":0,"timestamp":1548076472,"path_taken":["M","M","$","M","?","E","R","?","T","M","M","?","R","M","R","BOSS"],"build_version":"2019-01-17v2","purchased_purges":1,"victory":false,"max_hp_per_floor":[75,75,75,75,75,75,75,75,75,75,75,75,75,75,75,75],"card_choices":[{"not_picked":["Redo","Reinforced Body"],"picked":"Sunder","floor":1},{"not_picked":["ReplayTheSpireMod:GoodbyeWorld","Stack","Force Field"],"picked":"SKIP","floor":2},{"not_picked":["Redo","Cold Snap","Lockon"],"picked":"SKIP","floor":4},{"not_picked":["Steam Power","BasicCrystalCard","Doom and Gloom"],"picked":"SKIP","floor":6},{"not_picked":["Genetic Algorithm","ReplayGash"],"picked":"Hologram","floor":10},{"not_picked":["BasicCrystalCard","Auto Shields"],"picked":"Conserve Battery","floor":11},{"not_picked":["ReplaySort","Steam Power"],"picked":"Gash","floor":12},{"not_picked":["Glacier","Capacitor"],"picked":"Creative AI","floor":14}],"player_experience":260263,"relics_obtained":[{"floor":6,"key":"infinitespire:ShieldingShard"},{"floor":9,"key":"Anchor"}],"event_choices":[{"cards_removed":["Defend_B"],"damage_healed":0,"gold_gain":0,"player_choice":"Card Removal","damage_taken":0,"max_hp_gain":0,"max_hp_loss":0,"event_name":"The Cleric","floor":5,"gold_loss":50},{"damage_healed":0,"gold_gain":0,"player_choice":"1 cards matched","damage_taken":0,"max_hp_gain":0,"max_hp_loss":0,"event_name":"Match and Keep!","floor":8,"gold_loss":0,"cards_obtained":["Genetic Algorithm"]}],"is_beta":false,"boss_relics":[],"items_purged_floors":[3],"is_endless":false,"potions_floor_spawned":[2,4,6,11,12],"killed_by":"Hexaghost","ascension_level":10}