{"gold_per_floor":[113,113,38,50,69,69,103,103,103,103,103,123,149,161,161,235,235,248,265,68,68,79,79,99,99],"floor_reached":25,"playtime":1156,"items_purged":["Normality","Strike_G"],"score":373,"play_id":"0793e8ce-2147-4d3a-aee6-5b65d3c83dd8","local_time":"20181128125717","is_ascension_mode":true,"campfire_choices":[{"data":"Neutralize","floor":6.0,"key":"SMITH"},{"data":"Cloak And Dagger","floor":8.0,"key":"SMITH"},{"data":"Dagger Spray","floor":10.0,"key":"SMITH"},{"data":"Cloak And Dagger","floor":15.0,"key":"SMITH"},{"data":"Deflect","floor":23,"key":"SMITH"}],"neow_cost":"CURSE","seed_source_timestamp":51687235990485,"circlet_count":0,"master_deck":["AscendersBane","Defend_G","Defend_G","Defend_G","Defend_G","Defend_G","Strike_G","Strike_G","Strike_G","Survivor","Neutralize+1","Unload","Dagger Spray+1","Cloak And Dagger+1","Dagger Throw","Deflect+1","Cloak And Dagger+1","Adrenaline","Leg Sweep","Well Laid Plans","Deflect","Blur"],"special_seed":0,"relics":["Ring of the Snake","Bottled Lightning","Bag of Marbles","Dream Catcher","Eternal Feather"],"potions_floor_usage":[25,25],"damage_taken":[{"damage":0.0,"enemies":"2 Louse","floor":1.0,"turns":2.0},{"damage":0.0,"enemies":"Cultist","floor":4.0,"turns":4.0},{"damage":0.0,"enemies":"Jaw Worm","floor":5.0,"turns":4.0},{"damage":8.0,"enemies":"3 Sentries","floor":7.0,"turns":7.0},{"damage":4.0,"enemies":"Large Slime","floor":12.0,"turns":4.0},{"damage":18.0,"enemies":"Lagavulin","floor":13.0,"turns":7.0},{"damage":0.0,"enemies":"2 Fungi Beasts","floor":14.0,"turns":2.0},{"damage":25.0,"enemies":"The Guardian","floor":16.0,"turns":14.0},{"damage":3.0,"enemies":"Shell Parasite","floor":18.0,"turns":7.0},{"damage":1.0,"enemies":"2 Thieves","floor":19.0,"turns":4.0},{"damage":7,"enemies":"Centurion and Healer","floor":22,"turns":7},{"damage":24,"enemies":"Snake Plant","floor":24,"turns":8},{"damage":44,"enemies":"Gremlin Leader","floor":25,"turns":10}],"seed_played":"-2808977210893838663","potions_obtained":[{"floor":5.0,"key":"Ancient Potion"},{"floor":12.0,"key":"Energy Potion"},{"floor":13.0,"key":"GamblersBrew"},{"floor":14.0,"key":"Poison Potion"},{"floor":22,"key":"Poison Potion"},{"floor":24,"key":"GhostInAJar"}],"is_trial":false,"path_per_floor":["M","?","$","M","M","R","E","R","T","R","?","M","E","M","R","B",null,"M","M","$","?","M","R","M","E"],"character_chosen":"THE_SILENT","items_purchased":["Well Laid Plans","Deflect"],"campfire_rested":0,"item_purchase_floors":[20,20],"current_hp_per_floor":[59,64,64,64,64,64,56,56,56,56,56,52,34,34,34,9,56,53,52,52,52,45,57,33,0],"gold":99,"neow_bonus":"THREE_RARE_CARDS","is_prod":false,"is_daily":false,"chose_seed":false,"campfire_upgraded":5,"win_rate":0,"timestamp":1543438637,"path_taken":["M","?","$","M","M","R","E","R","T","R","?","M","E","M","R","BOSS","M","?","$","?","M","R","M","E"],"build_version":"2018-11-15","purchased_purges":2,"victory":false,"max_hp_per_floor":[66,71,71,71,71,71,71,71,71,71,71,71,71,71,71,71,71,71,71,71,71,71,71,71,71],"card_choices":[{"not_picked":["Storm of Steel","Doppelganger"],"picked":"Unload","floor":0.0},{"not_picked":["Endless Agony","Flying Knee"],"picked":"Dagger Spray","floor":1.0},{"not_picked":["Deadly Poison","Sucker Punch"],"picked":"Cloak And Dagger","floor":4.0},{"not_picked":["Quick Slash","Backflip"],"picked":"Dagger Throw","floor":5.0},{"not_picked":["Expertise","PiercingWail"],"picked":"Deflect","floor":7.0},{"not_picked":["Setup","Deflect"],"picked":"Cloak And Dagger","floor":12.0},{"not_picked":["Riddle With Holes","Masterful Stab","Prepared"],"picked":"SKIP","floor":13.0},{"not_picked":["Eviscerate","Bane","Blade Dance"],"picked":"SKIP","floor":14.0},{"not_picked":["Die Die Die","Doppelganger"],"picked":"Adrenaline","floor":16.0},{"not_picked":["Riddle With Holes","Flying Knee"],"picked":"Leg Sweep","floor":18.0},{"not_picked":["Endless Agony","Setup","Expertise"],"picked":"SKIP","floor":19.0},{"not_picked":["Bane","Riddle With Holes","Heel Hook"],"picked":"SKIP","floor":22},{"not_picked":["Outmaneuver+1","PiercingWail"],"picked":"Blur","floor":24}],"player_experience":1678734,"relics_obtained":[{"floor":7.0,"key":"Bottled Lightning"},{"floor":9.0,"key":"Bag of Marbles"},{"floor":13.0,"key":"Dream Catcher"}],"event_choices":[{"damage_healed":0.0,"max_hp_gain":5.0,"max_hp_loss":0.0,"gold_gain":0.0,"event_name":"Big Fish","player_choice":"Donut","floor":2.0,"gold_loss":0.0,"damage_taken":0.0},{"cards_removed":["Strike_G"],"damage_healed":0.0,"max_hp_gain":0.0,"max_hp_loss":0.0,"gold_gain":0.0,"event_name":"Bonfire Elementals","player_choice":"Offered Basic","floor":11.0,"gold_loss":0.0,"damage_taken":0.0},{"damage_healed":0,"gold_gain":0,"player_choice":"Ignored","damage_taken":0,"max_hp_gain":0,"max_hp_loss":0,"event_name":"Cursed Tome","floor":21,"gold_loss":0}],"is_beta":false,"boss_relics":[{"not_picked":["Snecko Eye","Orrery"],"picked":"Eternal Feather"}],"items_purged_floors":[3,20],"is_endless":false,"potions_floor_spawned":[5,12,13,14,22,24],"killed_by":"Gremlin Leader","ascension_level":15}