{"gold_per_floor":[115,127,146,164,10,10,27,27,27,45,59,134,134,146,146,249,249,266,281,294,308,326,340,374,390,390,403,416,436,436,452,452,553,553,569,587,587,601,613,613,624,624,624,624,624,635,652,66,66,66,66,66,12,12],"floor_reached":54,"playtime":5221,"items_purged":["Strike_B","Zap"],"score":692,"play_id":"81160de4-3719-4151-b88c-80fc131e4eb8","local_time":"20190507223624","is_ascension_mode":false,"campfire_choices":[{"floor":6.0,"key":"RECALL"},{"data":"Defragment","floor":13.0,"key":"SMITH"},{"data":"Storm","floor":15.0,"key":"SMITH"},{"floor":30.0,"key":"REST"},{"data":"Creative AI","floor":32.0,"key":"SMITH"},{"data":"Defragment","floor":40.0,"key":"SMITH"},{"data":"Chill","floor":42.0,"key":"SMITH"},{"data":"Storm","floor":49,"key":"SMITH"},{"data":"Finesse","floor":52,"key":"SMITH"}],"neow_cost":"NONE","seed_source_timestamp":0,"circlet_count":0,"master_deck":["Dualcast","Storm+1","Glacier","Beam Cell","Chill+1","Self Repair","Defragment+1","Coolheaded","Loop","Undo","Machine Learning","Genetic Algorithm","Creative AI+1","Melter","Darkness","Redo","FTL","Consume","Self Repair","Self Repair","Loop","Loop","Loop","Genetic Algorithm","FTL+1","Go for the Eyes+1","Defragment+1","Glacier","Electrodynamics","Tempest+1","Sweeping Beam+1","White Noise+1","Barrage+1","Beam Cell+1","Madness","Madness","Finesse","Coolheaded+1","Storm+1","Flash of Steel","Deep Breath","Bandage Up","Finesse+1","Reboot","Secret Weapon","Heatsinks"],"special_seed":0,"relics":["Inserter","Shuriken","Pandora\u0027s Box","Matryoshka","The Courier","Dead Branch","Nuclear Battery","Boot","Bottled Flame"],"potions_floor_usage":[50,50],"damage_taken":[{"damage":4.0,"enemies":"2 Louse","floor":1.0,"turns":4.0},{"damage":12.0,"enemies":"Cultist","floor":2.0,"turns":5.0},{"damage":0.0,"enemies":"Small Slimes","floor":3.0,"turns":4.0},{"damage":7.0,"enemies":"3 Louse","floor":4.0,"turns":6.0},{"damage":9.0,"enemies":"Large Slime","floor":7.0,"turns":9.0},{"damage":6.0,"enemies":"2 Fungi Beasts","floor":10.0,"turns":4.0},{"damage":0.0,"enemies":"Blue Slaver","floor":11.0,"turns":5.0},{"damage":3.0,"enemies":"Lots of Slimes","floor":14.0,"turns":8.0},{"damage":12.0,"enemies":"Slime Boss","floor":16.0,"turns":9.0},{"damage":0.0,"enemies":"3 Byrds","floor":18.0,"turns":7.0},{"damage":1.0,"enemies":"Shell Parasite","floor":19.0,"turns":5.0},{"damage":7.0,"enemies":"Snecko","floor":20.0,"turns":5.0},{"damage":21.0,"enemies":"Centurion and Healer","floor":21.0,"turns":10.0},{"damage":14.0,"enemies":"3 Cultists","floor":22.0,"turns":6.0},{"damage":26.0,"enemies":"Chosen and Byrds","floor":23.0,"turns":5.0},{"damage":49.0,"enemies":"Slavers","floor":24.0,"turns":6.0},{"damage":5.0,"enemies":"Centurion and Healer","floor":25.0,"turns":7.0},{"damage":36.0,"enemies":"3 Cultists","floor":27.0,"turns":6.0},{"damage":13.0,"enemies":"Snake Plant","floor":28.0,"turns":4.0},{"damage":12.0,"enemies":"Snecko","floor":29.0,"turns":5.0},{"damage":15.0,"enemies":"Chosen and Byrds","floor":31.0,"turns":5.0},{"damage":9.0,"enemies":"Champ","floor":33.0,"turns":9.0},{"damage":13.0,"enemies":"Orb Walker","floor":35.0,"turns":3.0},{"damage":27.0,"enemies":"3 Darklings","floor":36.0,"turns":3.0},{"damage":2.0,"enemies":"Transient","floor":38.0,"turns":5.0},{"damage":22.0,"enemies":"Spire Growth","floor":39.0,"turns":5.0},{"damage":3.0,"enemies":"Maw","floor":41.0,"turns":5.0},{"damage":4.0,"enemies":"Jaw Worm Horde","floor":46.0,"turns":4.0},{"damage":0.0,"enemies":"Sphere and 2 Shapes","floor":47.0,"turns":4.0},{"damage":28,"enemies":"Donu and Deca","floor":50,"turns":6},{"damage":88,"enemies":"Shield and Spear","floor":54,"turns":5}],"seed_played":"155807933721313873","potions_obtained":[{"floor":1.0,"key":"FocusPotion"},{"floor":4.0,"key":"FocusPotion"},{"floor":7.0,"key":"EssenceOfSteel"},{"floor":25.0,"key":"Swift Potion"},{"floor":27.0,"key":"EssenceOfSteel"},{"floor":29.0,"key":"LiquidBronze"},{"floor":31.0,"key":"AttackPotion"},{"floor":35.0,"key":"LiquidBronze"},{"floor":39.0,"key":"Energy Potion"},{"floor":46.0,"key":"Strength Potion"},{"floor":47.0,"key":"Energy Potion"}],"is_trial":false,"path_per_floor":["M","M","M","M","$","R","M","?","T","M","M","?","R","M","R","B",null,"M","M","M","M","M","M","E","M","T","M","M","M","R","M","R","B",null,"M","M","?","M","M","R","M","R","T","?","?","M","M","$","R","B",null,"R","$","E"],"character_chosen":"DEFECT","items_purchased":["Self Repair","Flash of Steel","Deep Breath","Bandage Up","Finesse","Reboot","Secret Weapon","Heatsinks"],"campfire_rested":1,"item_purchase_floors":[5,48,48,48,48,48,48,53],"current_hp_per_floor":[71,59,59,52,52,52,50,43,43,44,51,44,44,48,48,43,75,75,75,75,75,75,56,28,44,44,29,30,39,61,67,67,75,75,75,62,62,75,67,67,75,75,75,66,66,69,75,75,75,54,75,75,75,0],"gold":12,"neow_bonus":"BOSS_RELIC","is_prod":false,"is_daily":false,"chose_seed":false,"campfire_upgraded":7,"win_rate":0,"timestamp":1557261384,"path_taken":["M","M","M","M","$","R","M","?","T","M","M","?","R","M","R","BOSS","M","M","M","M","?","M","E","M","T","M","M","M","R","M","R","BOSS","M","M","?","M","M","R","M","R","T","?","?","M","M","$","R","BOSS","R","$","E"],"build_version":"2019-01-23","purchased_purges":2,"victory":false,"max_hp_per_floor":[75,75,75,75,75,75,75,75,75,75,75,75,75,75,75,75,75,75,75,75,75,75,75,75,75,75,75,75,75,75,75,75,75,75,75,75,75,75,75,75,75,75,75,75,75,75,75,75,75,75,75,75,75,75],"card_choices":[{"not_picked":["Sunder","Leap"],"picked":"Storm","floor":1.0},{"not_picked":["Leap","Sunder"],"picked":"Glacier","floor":2.0},{"not_picked":["Turbo","Gash"],"picked":"Beam Cell","floor":3.0},{"not_picked":["Go for the Eyes","Stack"],"picked":"Chill","floor":4.0},{"not_picked":["White Noise","Go for the Eyes"],"picked":"Defragment","floor":7.0},{"not_picked":["Beam Cell","Skim"],"picked":"Coolheaded","floor":10.0},{"not_picked":["Meteor Strike","Go for the Eyes"],"picked":"Loop","floor":11.0},{"not_picked":["Leap","Sweeping Beam"],"picked":"Undo","floor":14.0},{"not_picked":["Meteor Strike","Thunder Strike"],"picked":"Machine Learning","floor":16.0},{"not_picked":["Streamline","Compile Driver"],"picked":"Self Repair","floor":18.0},{"not_picked":["Tempest","Hologram"],"picked":"Self Repair","floor":19.0},{"not_picked":["Ball Lightning+1","Gash+1"],"picked":"Loop","floor":20.0},{"not_picked":["Stack","Melter+1"],"picked":"Loop","floor":21.0},{"not_picked":["Undo","Skim+1"],"picked":"Loop","floor":22.0},{"not_picked":["Melter","Beam Cell"],"picked":"Genetic Algorithm","floor":23.0},{"not_picked":["Redo","All For One","Gash"],"picked":"SKIP","floor":24.0},{"not_picked":["Melter","Double Energy","Turbo"],"picked":"SKIP","floor":25.0},{"not_picked":["Scrape","Compile Driver"],"picked":"FTL+1","floor":27.0},{"not_picked":["Tempest","Sweeping Beam"],"picked":"Go for the Eyes+1","floor":28.0},{"not_picked":["Rebound","Compile Driver"],"picked":"Defragment","floor":29.0},{"not_picked":["Turbo","Reinforced Body"],"picked":"Glacier","floor":31.0},{"not_picked":["Seek","All For One"],"picked":"Electrodynamics","floor":33.0},{"not_picked":["Turbo+1","Rebound+1"],"picked":"Tempest+1","floor":35.0},{"not_picked":["Cold Snap","Ball Lightning"],"picked":"Sweeping Beam+1","floor":36.0},{"not_picked":["Hologram+1","Steam"],"picked":"White Noise+1","floor":38.0},{"not_picked":["Hologram","Cold Snap+1"],"picked":"Barrage+1","floor":39.0},{"not_picked":["Auto Shields","Reinforced Body+1"],"picked":"Beam Cell+1","floor":41.0},{"not_picked":["Trip","Purity"],"picked":"Finesse","floor":45.0},{"not_picked":["Steam","Chaos"],"picked":"Coolheaded+1","floor":46.0},{"not_picked":["Sunder+1","Leap"],"picked":"Storm","floor":47.0}],"player_experience":76267,"relics_obtained":[{"floor":24.0,"key":"Matryoshka"},{"floor":26.0,"key":"The Courier"},{"floor":26.0,"key":"Dead Branch"},{"floor":43.0,"key":"Boot"},{"floor":43.0,"key":"Bottled Flame"}],"event_choices":[{"damage_healed":0.0,"max_hp_gain":0.0,"max_hp_loss":0.0,"gold_gain":0.0,"event_name":"Scrap Ooze","player_choice":"Success","floor":8.0,"gold_loss":0.0,"damage_taken":7.0,"relics_obtained":["Shuriken"]},{"damage_healed":0.0,"max_hp_gain":0.0,"max_hp_loss":0.0,"gold_gain":75.0,"event_name":"FaceTrader","player_choice":"Touch","floor":12.0,"gold_loss":0.0,"damage_taken":7.0},{"damage_healed":0.0,"max_hp_gain":0.0,"max_hp_loss":0.0,"gold_gain":0.0,"event_name":"Tomb of Lord Red Mask","player_choice":"Ignored","floor":37.0,"gold_loss":0.0,"damage_taken":0.0},{"damage_healed":0.0,"max_hp_gain":0.0,"max_hp_loss":0.0,"gold_gain":0.0,"event_name":"Winding Halls","player_choice":"Embrace Madness","floor":44.0,"gold_loss":0.0,"damage_taken":9.0,"cards_obtained":["Madness","Madness"]},{"damage_healed":0.0,"max_hp_gain":0.0,"max_hp_loss":0.0,"gold_gain":0.0,"event_name":"SensoryStone","player_choice":"Memory 1","floor":45.0,"gold_loss":0.0,"damage_taken":0.0}],"is_beta":false,"boss_relics":[{"not_picked":["Philosopher\u0027s Stone","Ectoplasm"],"picked":"Pandora\u0027s Box"},{"not_picked":["Empty Cage","Velvet Choker"],"picked":"Nuclear Battery"}],"items_purged_floors":[5,48],"is_endless":false,"potions_floor_spawned":[1,4,7,18,19,25,27,29,31,33,35,39,46,47],"killed_by":"Shield and Spear","ascension_level":0}