{"gold_per_floor":[117,129,129,141,161,161,191,191,191,191,202,202,302,319,319,414,414,430,447,465,475,84,84,104,104,104,104,122,122,153,165,165,260,260,277,293,12,27,127,455,455,465,465,490,490,490,58,58,58,58],"floor_reached":51,"playtime":3680,"items_purged":["Defend_B","Writhe"],"score":958,"play_id":"790c34eb-1878-41eb-8084-85e9d37c69e8","local_time":"20181206045207","is_ascension_mode":true,"campfire_choices":[{"data":"Zap","floor":6.0,"key":"SMITH"},{"floor":8.0,"key":"REST"},{"data":"Dualcast","floor":12.0,"key":"SMITH"},{"data":"Loop","floor":15.0,"key":"SMITH"},{"floor":23.0,"key":"REST"},{"data":"White Noise","floor":25.0,"key":"SMITH"},{"data":"White Noise","floor":29.0,"key":"SMITH"},{"floor":32.0,"key":"REST"},{"floor":41,"key":"REST"},{"floor":49,"key":"REST"}],"neow_cost":"PERCENT_DAMAGE","seed_source_timestamp":781830023408792,"circlet_count":0,"master_deck":["Strike_B+1","Defend_B","Defend_B","Defend_B","Zap+1","Dualcast+1","Ball Lightning+1","Doom and Gloom","Self Repair","Leap","Leap","Loop+1","Biased Cognition+1","Core Surge+1","Ball Lightning+1","White Noise+1","Coolheaded","Hologram+1","Genetic Algorithm","Defragment","White Noise+1","Crippling Poison+1","White Noise+1","Steam+1","Adrenaline","Impervious","Multi-Cast","Coolheaded","Metamorphosis","Lockon+1"],"special_seed":0,"relics":["Cracked Core","Ornamental Fan","Bottled Tornado","Astrolabe","PrismaticShard","Pear","Matryoshka","Busted Crown","Lee\u0027s Waffle","StoneCalendar","Old Coin","Bottled Flame","Molten Egg 2","Boot","Cables"],"potions_floor_usage":[40,50,50],"damage_taken":[{"damage":1.0,"enemies":"Cultist","floor":1.0,"turns":3.0},{"damage":2.0,"enemies":"Jaw Worm","floor":2.0,"turns":4.0},{"damage":3.0,"enemies":"Small Slimes","floor":4.0,"turns":2.0},{"damage":9.0,"enemies":"Red Slaver","floor":5.0,"turns":4.0},{"damage":32.0,"enemies":"Gremlin Nob","floor":7.0,"turns":4.0},{"damage":0.0,"enemies":"2 Fungi Beasts","floor":11.0,"turns":2.0},{"damage":0.0,"enemies":"3 Louse","floor":14.0,"turns":2.0},{"damage":6.0,"enemies":"The Guardian","floor":16.0,"turns":10.0},{"damage":6.0,"enemies":"3 Byrds","floor":18.0,"turns":2.0},{"damage":24.0,"enemies":"Spheric Guardian","floor":19.0,"turns":4.0},{"damage":25.0,"enemies":"Snake Plant","floor":20.0,"turns":4.0},{"damage":7.0,"enemies":"Cultist and Chosen","floor":21.0,"turns":4.0},{"damage":18.0,"enemies":"3 Cultists","floor":24.0,"turns":3.0},{"damage":9.0,"enemies":"Snecko","floor":28.0,"turns":4.0},{"damage":17.0,"enemies":"Book of Stabbing","floor":30.0,"turns":5.0},{"damage":26.0,"enemies":"Snake Plant","floor":31.0,"turns":3.0},{"damage":45.0,"enemies":"Champ","floor":33.0,"turns":9.0},{"damage":0,"enemies":"3 Shapes","floor":35,"turns":4},{"damage":36,"enemies":"3 Darklings","floor":36,"turns":3},{"damage":12,"enemies":"Spire Growth","floor":38,"turns":5},{"damage":14,"enemies":"Mind Bloom Boss Battle","floor":39,"turns":7},{"damage":57,"enemies":"Giant Head","floor":40,"turns":8},{"damage":5,"enemies":"Sphere and 2 Shapes","floor":42,"turns":4},{"damage":46,"enemies":"Reptomancer","floor":44,"turns":6},{"damage":21,"enemies":"Time Eater","floor":50,"turns":11}],"seed_played":"-3731532440550632481","potions_obtained":[{"floor":2.0,"key":"LiquidBronze"},{"floor":7.0,"key":"FearPotion"},{"floor":11.0,"key":"SteroidPotion"},{"floor":14.0,"key":"Block Potion"},{"floor":18.0,"key":"SkillPotion"},{"floor":28.0,"key":"Swift Potion"},{"floor":30.0,"key":"SteroidPotion"},{"floor":36,"key":"GamblersBrew"},{"floor":39,"key":"Dexterity Potion"},{"floor":44,"key":"Ancient Potion"}],"is_trial":false,"path_per_floor":["M","M","$","M","M","R","E","R","T","?","M","R","?","M","R","B",null,"M","M","M","M","$","R","M","R","T","?","M","R","E","M","R","B",null,"M","M","$","M","?","E","R","M","T","E","?","?","$","?","R","B",null],"character_chosen":"DEFECT","items_purchased":["Defragment","White Noise","PrismaticShard","Lee\u0027s Waffle","Multi-Cast","Cables","Lockon+1"],"campfire_rested":5,"item_purchase_floors":[22,22,22,37,37,47,47],"current_hp_per_floor":[63,61,61,58,56,56,31,57,57,39,46,46,46,53,53,54,80,81,64,46,39,39,65,54,54,64,64,62,62,45,26,55,17,79,86,57,106,101,94,44,75,77,77,38,65,65,65,65,96,82],"gold":58,"neow_bonus":"TWENTY_PERCENT_HP_BONUS","is_prod":false,"is_daily":false,"chose_seed":false,"campfire_upgraded":5,"win_rate":0,"timestamp":1544068327,"path_taken":["M","?","$","M","M","R","E","R","T","?","M","R","?","M","R","BOSS","M","?","M","M","$","R","M","R","T","?","M","R","E","?","R","BOSS","M","M","$","M","?","E","R","M","T","E","?","?","$","?","R","BOSS"],"build_version":"2018-12-05","purchased_purges":2,"victory":true,"max_hp_per_floor":[89,89,89,89,89,89,89,89,89,89,89,89,89,89,89,89,89,89,89,89,89,89,89,89,89,99,99,99,99,99,99,99,99,99,99,99,106,106,106,106,106,106,106,106,106,106,106,106,106,106],"card_choices":[{"not_picked":["Cold Snap","Rebound"],"picked":"Ball Lightning","floor":1.0},{"not_picked":["Tempest","FTL"],"picked":"Doom and Gloom","floor":2.0},{"not_picked":["Conserve Battery","Compile Driver"],"picked":"Self Repair","floor":4.0},{"not_picked":["Scrape","Streamline"],"picked":"Leap","floor":5.0},{"not_picked":["Doom and Gloom","Coolheaded","Reprogram"],"picked":"SKIP","floor":7.0},{"not_picked":["Beam Cell","Ball Lightning"],"picked":"Leap","floor":11.0},{"not_picked":["Cold Snap","Conserve Battery"],"picked":"Loop","floor":14.0},{"not_picked":["Echo Form","Core Surge"],"picked":"Electrodynamics","floor":16.0},{"not_picked":["Beam Cell","Go for the Eyes"],"picked":"White Noise","floor":18.0},{"not_picked":["Gash","Compile Driver"],"picked":"Coolheaded","floor":19.0},{"not_picked":["Undo+1","Barrage"],"picked":"Hologram+1","floor":20.0},{"not_picked":["Consume","Tempest"],"picked":"Genetic Algorithm","floor":21.0},{"not_picked":["Undo","Quick Slash"],"picked":"Crippling Poison+1","floor":24.0},{"not_picked":["Turbo","Poisoned Stab"],"picked":"Steam+1","floor":28.0},{"not_picked":["Acrobatics+1","Swift Strike+1"],"picked":"Adrenaline","floor":30.0},{"not_picked":["Shrug It Off","Iron Wave+1","Predator"],"picked":"SKIP","floor":31.0},{"not_picked":["Metamorphosis","Core Surge"],"picked":"Impervious","floor":33.0},{"not_picked":["Clash"],"picked":"SKIP","floor":35},{"not_picked":["Corruption"],"picked":"SKIP","floor":36},{"not_picked":["Calculated Gamble"],"picked":"SKIP","floor":38},{"not_picked":[],"picked":"Coolheaded","floor":40},{"not_picked":["Thunderclap+1"],"picked":"SKIP","floor":42},{"not_picked":["Anger+1"],"picked":"SKIP","floor":44},{"not_picked":[],"picked":"Metamorphosis","floor":46}],"player_experience":249501,"relics_obtained":[{"floor":7.0,"key":"Ornamental Fan"},{"floor":9.0,"key":"Bottled Tornado"},{"floor":26.0,"key":"Pear"},{"floor":30.0,"key":"Matryoshka"},{"floor":39,"key":"StoneCalendar"},{"floor":40,"key":"Old Coin"},{"floor":43,"key":"Bottled Flame"},{"floor":43,"key":"Molten Egg 2"},{"floor":44,"key":"Boot"}],"event_choices":[{"damage_healed":0.0,"max_hp_gain":0.0,"max_hp_loss":0.0,"gold_gain":0.0,"event_name":"Shining Light","player_choice":"Entered Light","floor":10.0,"gold_loss":0.0,"damage_taken":18.0,"cards_upgraded":["Strike_B","Ball Lightning"]},{"damage_healed":0.0,"max_hp_gain":0.0,"max_hp_loss":0.0,"gold_gain":100.0,"event_name":"Golden Shrine","player_choice":"Pray","floor":13.0,"gold_loss":0.0,"damage_taken":0.0},{"damage_healed":0.0,"max_hp_gain":0.0,"max_hp_loss":0.0,"gold_gain":0.0,"event_name":"Duplicator","player_choice":"Copied","floor":27.0,"gold_loss":0.0,"damage_taken":0.0,"cards_obtained":["White Noise"]},{"damage_healed":0,"gold_gain":0,"player_choice":"Fight","damage_taken":0,"max_hp_gain":0,"max_hp_loss":0,"event_name":"MindBloom","floor":39,"gold_loss":0},{"damage_healed":27,"gold_gain":0,"player_choice":"Writhe","damage_taken":0,"max_hp_gain":0,"max_hp_loss":0,"event_name":"Winding Halls","floor":45,"gold_loss":0,"cards_obtained":["Writhe"]},{"damage_healed":0,"gold_gain":0,"player_choice":"Memory 1","damage_taken":0,"max_hp_gain":0,"max_hp_loss":0,"event_name":"SensoryStone","floor":46,"gold_loss":0},{"cards_removed":["Electrodynamics"],"damage_healed":0,"gold_gain":0,"player_choice":"Removed Power","damage_taken":0,"max_hp_gain":0,"max_hp_loss":0,"event_name":"Falling","floor":48,"gold_loss":0}],"is_beta":true,"boss_relics":[{"not_picked":["Calling Bell","Velvet Choker"],"picked":"Astrolabe"},{"not_picked":["Runic Pyramid","Coffee Dripper"],"picked":"Busted Crown"}],"items_purged_floors":[22,47],"is_endless":false,"potions_floor_spawned":[2,7,11,14,18,28,30,36,39,44],"ascension_level":6}