{"gold_per_floor":[117,134,151,226,226,226,257,271,271,282,282,432,432,277,277,349,349,364,378,378,393,404,404,439,439,439,439,458,458],"floor_reached":29,"playtime":1350,"items_purged":["Doubt"],"score":490,"play_id":"dff7379c-a56c-4820-8639-5d7cd092bfc6","local_time":"20190321210649","is_ascension_mode":true,"campfire_choices":[{"data":"Cleave","floor":6,"key":"SMITH"},{"floor":11,"key":"REST"},{"data":"Juggernaut","floor":13,"key":"SMITH"},{"data":"Metallicize","floor":15,"key":"SMITH"},{"floor":23,"key":"REST"},{"floor":25,"key":"REST"}],"neow_cost":"NONE","seed_source_timestamp":141838403804700,"circlet_count":0,"master_deck":["AscendersBane","Strike_R","Strike_R","Strike_R","Strike_R","Defend_R","Defend_R","Defend_R","Defend_R","Bash+1","Exhume","Cleave+1","Shrug It Off","Anger","Rampage","Feel No Pain","Juggernaut+1","Metallicize+1","Intimidate","Shrug It Off","Feel No Pain","True Grit","Shockwave","Body Slam","Body Slam","Thunderclap+1"],"relics":["Burning Blood","Centennial Puzzle","Dream Catcher","Cursed Key","Bottled Flame"],"potions_floor_usage":[16,16,18,22,22,24,28],"damage_taken":[{"damage":4,"enemies":"2 Louse","floor":1,"turns":4},{"damage":15,"enemies":"Small Slimes","floor":2,"turns":3},{"damage":9,"enemies":"Jaw Worm","floor":3,"turns":5},{"damage":32,"enemies":"Gremlin Nob","floor":7,"turns":4},{"damage":6,"enemies":"Blue Slaver","floor":8,"turns":5},{"damage":9,"enemies":"Gremlin Gang","floor":10,"turns":3},{"damage":33,"enemies":"Slime Boss","floor":16,"turns":10},{"damage":9,"enemies":"Shell Parasite","floor":18,"turns":5},{"damage":1,"enemies":"Chosen","floor":19,"turns":5},{"damage":35,"enemies":"Shelled Parasite and Fungi","floor":21,"turns":5},{"damage":6,"enemies":"Snecko","floor":22,"turns":5},{"damage":58,"enemies":"Gremlin Leader","floor":24,"turns":7},{"damage":15,"enemies":"Sentry and Sphere","floor":28,"turns":5},{"damage":23,"enemies":"Snake Plant","floor":29,"turns":4}],"seed_played":"8961410049512414614","potions_obtained":[{"floor":7,"key":"SpeedPotion"},{"floor":8,"key":"Ancient Potion"},{"floor":16,"key":"Block Potion"},{"floor":18,"key":"BloodPotion"},{"floor":21,"key":"Fire Potion"},{"floor":22,"key":"EssenceOfSteel"},{"floor":24,"key":"Energy Potion"}],"is_trial":false,"path_per_floor":["M","M","M","?","?","R","E","M","T","M","R","?","R","$","R","B",null,"M","M","?","M","M","R","E","R","T","?","M","M"],"character_chosen":"IRONCLAD","items_purchased":["Metallicize"],"campfire_rested":3,"item_purchase_floors":[14],"current_hp_per_floor":[70,61,58,47,47,47,21,21,21,18,40,40,40,40,40,13,60,57,62,62,33,40,62,10,32,32,32,23,0],"gold":458,"neow_bonus":"ONE_RANDOM_RARE_CARD","is_prod":false,"is_daily":false,"chose_seed":false,"campfire_upgraded":3,"win_rate":0,"timestamp":1553202409,"path_taken":["M","M","M","?","?","R","E","M","T","M","R","?","R","$","R","BOSS","M","M","?","M","M","R","E","R","T","?","M","?"],"build_version":"2019-01-23","purchased_purges":1,"victory":false,"max_hp_per_floor":[75,75,75,75,75,75,75,75,75,75,75,75,75,75,75,75,75,75,75,75,75,75,75,75,75,75,75,75,75],"card_choices":[{"not_picked":["Clothesline","Pummel"],"picked":"Cleave","floor":1},{"not_picked":["Armaments","Thunderclap"],"picked":"Shrug It Off","floor":2},{"not_picked":["Heavy Blade","Fire Breathing"],"picked":"Anger","floor":3},{"not_picked":["Clash","True Grit"],"picked":"Rampage","floor":7},{"not_picked":["Power Through","Anger"],"picked":"Feel No Pain","floor":8},{"not_picked":["Sword Boomerang","Combust"],"picked":"Juggernaut","floor":10},{"not_picked":["Flex","Evolve"],"picked":"Intimidate","floor":18},{"not_picked":["Heavy Blade+1","Sword Boomerang"],"picked":"Shrug It Off","floor":19},{"not_picked":["Flex","Iron Wave"],"picked":"Feel No Pain","floor":21},{"not_picked":["Sever Soul","Flex","Body Slam"],"picked":"SKIP","floor":22},{"not_picked":["Searing Blow+1","Body Slam"],"picked":"True Grit","floor":23},{"not_picked":["Pommel Strike","Perfected Strike"],"picked":"Shockwave","floor":24},{"not_picked":["Power Through","Thunderclap+1"],"picked":"Body Slam","floor":25},{"not_picked":["Headbutt","Bludgeon"],"picked":"Thunderclap+1","floor":28}],"player_experience":2298124,"relics_obtained":[{"floor":7,"key":"Centennial Puzzle"},{"floor":9,"key":"Dream Catcher"},{"floor":24,"key":"Bottled Flame"}],"event_choices":[{"damage_healed":0,"gold_gain":75,"player_choice":"Gather Gold","damage_taken":11,"max_hp_gain":0,"max_hp_loss":0,"event_name":"World of Goop","floor":4,"gold_loss":0},{"damage_healed":0,"gold_gain":0,"player_choice":"Grow","damage_taken":0,"max_hp_gain":0,"max_hp_loss":0,"event_name":"Living Wall","floor":5,"gold_loss":0,"cards_upgraded":["Bash"]},{"damage_healed":0,"gold_gain":150,"player_choice":"AGREE","damage_taken":0,"max_hp_gain":0,"max_hp_loss":0,"event_name":"Liars Game","floor":12,"gold_loss":0,"cards_obtained":["Doubt"]},{"damage_healed":0,"gold_gain":0,"player_choice":"Ignored","damage_taken":0,"max_hp_gain":0,"max_hp_loss":0,"event_name":"The Mausoleum","floor":20,"gold_loss":0},{"damage_healed":0,"gold_gain":0,"cards_transformed":["Strike_R"],"player_choice":"Transformed","damage_taken":0,"max_hp_gain":0,"max_hp_loss":0,"event_name":"Transmorgrifier","floor":27,"gold_loss":0,"cards_obtained":["Body Slam"]}],"is_beta":false,"boss_relics":[{"not_picked":["White Beast Statue","Black Blood"],"picked":"Cursed Key"}],"items_purged_floors":[14],"is_endless":false,"potions_floor_spawned":[7,8,16,18,21,22,24],"killed_by":"Snake Plant","ascension_level":20}