{"gold_per_floor":[141,171,201,16,67,148,148,148,148,226,226,616,616,664,664,877,877,937,448,481,481,538,619,534,534,534,534],"floor_reached":27,"playtime":1170,"items_purged":["Entrench","Pain"],"score":527,"play_id":"c5551f90-6ad3-4140-801c-2767c5bf10c6","local_time":"20190310020830","daily_mods":["SealedDeck","Diverse","Colorless Cards","Heirloom","Midas"],"is_ascension_mode":true,"campfire_choices":[{"floor":8.0,"key":"RECALL"},{"floor":11.0,"key":"REST"},{"floor":15.0,"key":"REST"},{"floor":25,"key":"REST"}],"neow_cost":"","seed_source_timestamp":0,"circlet_count":0,"master_deck":["AscendersBane","Conserve Battery","Thunderclap","Shrug It Off","Deflect","Metallicize","Hologram","Acrobatics","Tactician","Sword Boomerang","Body Slam","Escape Plan","Poisoned Stab","Writhe","Injury","Armaments","Skim"],"special_seed":0,"relics":["Cracked Core","Du-Vu Doll","Happy Flower","Bag of Marbles","Symbiotic Virus","Old Coin","Calling Bell","Anchor","Question Card","Turnip","OrangePellets","Pen Nib","Smiling Mask","Dodecahedron","FossilizedHelix"],"potions_floor_usage":[23],"damage_taken":[{"damage":0.0,"enemies":"2 Louse","floor":1.0,"turns":2.0},{"damage":0.0,"enemies":"Cultist","floor":2.0,"turns":3.0},{"damage":0.0,"enemies":"Jaw Worm","floor":3.0,"turns":3.0},{"damage":7.0,"enemies":"Lots of Slimes","floor":5.0,"turns":2.0},{"damage":19.0,"enemies":"3 Sentries","floor":6.0,"turns":7.0},{"damage":14.0,"enemies":"Lagavulin","floor":10.0,"turns":4.0},{"damage":2.0,"enemies":"3 Sentries","floor":12.0,"turns":5.0},{"damage":0.0,"enemies":"Looter","floor":14.0,"turns":3.0},{"damage":32.0,"enemies":"Hexaghost","floor":16.0,"turns":8.0},{"damage":8.0,"enemies":"Chosen","floor":18.0,"turns":3.0},{"damage":12.0,"enemies":"3 Byrds","floor":20.0,"turns":4.0},{"damage":0.0,"enemies":"Centurion and Healer","floor":22.0,"turns":4.0},{"damage":8,"enemies":"Book of Stabbing","floor":23,"turns":4},{"damage":54,"enemies":"Slavers","floor":27,"turns":4}],"seed_played":"550879165939070264","potions_obtained":[{"floor":3.0,"key":"FocusPotion"},{"floor":14.0,"key":"Fire Potion"},{"floor":16.0,"key":"SteroidPotion"},{"floor":23,"key":"Weak Potion"}],"is_trial":true,"path_per_floor":["M","M","M","$","M","E","?","R","T","E","R","E","?","M","R","B",null,"M","$","M","?","M","E","?","R","T","E"],"character_chosen":"DEFECT","items_purchased":["Sword Boomerang","Strength Potion","OrangePellets","Pen Nib"],"campfire_rested":3,"item_purchase_floors":[4,4,19,19],"current_hp_per_floor":[64,64,64,64,57,38,61,61,61,47,68,66,71,71,71,39,63,55,55,43,33,33,25,25,46,46,0],"gold":534,"neow_bonus":"","is_prod":false,"is_daily":false,"chose_seed":false,"campfire_upgraded":0,"win_rate":0,"timestamp":1552154910,"path_taken":["M","M","M","$","M","E","?","R","T","E","R","E","?","M","R","BOSS","M","$","?","?","?","E","?","R","T","E"],"build_version":"2019-01-23","purchased_purges":2,"victory":false,"max_hp_per_floor":[71,71,71,71,71,71,71,71,71,71,71,71,71,71,71,71,71,71,71,71,71,71,71,71,71,71,71],"card_choices":[{"not_picked":["Outmaneuver","Fire Breathing","Barrage"],"picked":"SKIP","floor":1.0},{"not_picked":["Prepared","Acrobatics","Noxious Fumes"],"picked":"SKIP","floor":2.0},{"not_picked":["Underhanded Strike","Flex","Setup"],"picked":"SKIP","floor":3.0},{"not_picked":["Tactician","Poisoned Stab"],"picked":"Body Slam","floor":5.0},{"not_picked":["Sever Soul","Noxious Fumes","Cloak And Dagger"],"picked":"SKIP","floor":6.0},{"not_picked":["PiercingWail","Body Slam","Sadistic Nature"],"picked":"SKIP","floor":10.0},{"not_picked":["Wild Strike","Phantasmal Killer"],"picked":"Escape Plan","floor":12.0},{"not_picked":["Combust","Sentinel"],"picked":"Poisoned Stab","floor":14.0},{"not_picked":["Prepared","Anger","Blade Dance"],"picked":"Armaments","floor":18.0},{"not_picked":["FTL","Metallicize","Blind","Hologram"],"picked":"SKIP","floor":20.0},{"not_picked":["Static Discharge","Compile Driver","Flash of Steel"],"picked":"Skim","floor":22.0},{"not_picked":["Entrench","Sunder","Coolheaded","White Noise"],"picked":"SKIP","floor":23}],"player_experience":2778783,"relics_obtained":[{"floor":6.0,"key":"Happy Flower"},{"floor":9.0,"key":"Bag of Marbles"},{"floor":10.0,"key":"Symbiotic Virus"},{"floor":12.0,"key":"Old Coin"},{"floor":17.0,"key":"Anchor"},{"floor":17.0,"key":"Question Card"},{"floor":17.0,"key":"Turnip"},{"floor":23,"key":"Smiling Mask"},{"floor":26,"key":"FossilizedHelix"}],"event_choices":[{"damage_healed":23.0,"max_hp_gain":0.0,"max_hp_loss":0.0,"gold_gain":0.0,"event_name":"Big Fish","player_choice":"Banana","floor":7.0,"gold_loss":0.0,"damage_taken":0.0},{"cards_removed":["Cleave"],"damage_healed":5.0,"max_hp_gain":0.0,"max_hp_loss":0.0,"gold_gain":0.0,"event_name":"Bonfire Elementals","player_choice":"Offered Common","floor":13.0,"gold_loss":0.0,"damage_taken":0.0},{"cards_removed":["Cleave"],"damage_healed":5.0,"max_hp_gain":0.0,"max_hp_loss":0.0,"gold_gain":0.0,"event_name":"Bonfire Elementals","player_choice":"Offered Special","floor":13.0,"gold_loss":0.0,"damage_taken":0.0},{"damage_healed":0.0,"max_hp_gain":0.0,"max_hp_loss":0.0,"gold_gain":0.0,"event_name":"Wheel of Change","player_choice":"Damaged","floor":21.0,"gold_loss":0.0,"damage_taken":10.0},{"damage_healed":0,"gold_gain":0,"player_choice":"Obtained Relic","damage_taken":0,"relics_obtained":["Dodecahedron"],"max_hp_gain":0,"max_hp_loss":0,"event_name":"Addict","floor":24,"gold_loss":85}],"is_beta":false,"boss_relics":[{"not_picked":["Velvet Choker","Busted Crown"],"picked":"Calling Bell"}],"items_purged_floors":[4,19],"is_endless":false,"potions_floor_spawned":[3,6,14,16,23],"killed_by":"Slavers","ascension_level":20}