{"gold_per_floor":[111,111,261,276,287,287,287,287,287,298,329,41,41,52,52,52],"floor_reached":16,"playtime":475,"items_purged":["Strike_R"],"score":195,"play_id":"d6c57b8c-faea-4445-b228-88ffcb658f08","local_time":"20190505203331","is_ascension_mode":true,"campfire_choices":[{"floor":6,"key":"REST"},{"data":"Heavy Blade","floor":8,"key":"SMITH"},{"data":"True Grit","floor":13,"key":"SMITH"},{"data":"Whirlwind","floor":15,"key":"SMITH"}],"neow_cost":"PERCENT_DAMAGE","seed_source_timestamp":800044263104800,"circlet_count":0,"master_deck":["AscendersBane","Strike_R","Strike_R","Strike_R","Strike_R","Defend_R","Defend_R","Defend_R","Defend_R","Bash","Heavy Blade+1","Doubt","True Grit+1","Twin Strike","Parasite","Shrug It Off","Body Slam","Cleave","Whirlwind+1"],"relics":["Burning Blood","Du-Vu Doll","Bag of Preparation","Lantern","Boot","Vajra"],"potions_floor_usage":[10,11,16],"damage_taken":[{"damage":1,"enemies":"Cultist","floor":1,"turns":3},{"damage":3,"enemies":"2 Louse","floor":4,"turns":2},{"damage":19,"enemies":"Jaw Worm","floor":5,"turns":4},{"damage":6,"enemies":"Exordium Thugs","floor":10,"turns":3},{"damage":10,"enemies":"Lagavulin","floor":11,"turns":4},{"damage":6,"enemies":"Gremlin Gang","floor":14,"turns":3},{"damage":65,"enemies":"Hexaghost","floor":16,"turns":9}],"seed_played":"3355812066830572145","potions_obtained":[{"floor":1,"key":"AttackPotion"},{"floor":4,"key":"AttackPotion"},{"floor":11,"key":"EssenceOfSteel"}],"is_trial":false,"path_per_floor":["M","?","?","M","M","R","?","R","T","M","E","$","R","M","R","B"],"character_chosen":"IRONCLAD","items_purchased":["Vajra","Cleave"],"campfire_rested":1,"item_purchase_floors":[12,12],"current_hp_per_floor":[55,37,37,40,27,49,67,67,67,67,63,63,63,63,63,0],"gold":52,"neow_bonus":"ONE_RARE_RELIC","is_prod":false,"is_daily":false,"chose_seed":false,"campfire_upgraded":3,"win_rate":0,"timestamp":1557077611,"path_taken":["M","?","?","M","M","R","?","R","T","M","E","$","R","M","R","BOSS"],"build_version":"2019-01-23","purchased_purges":1,"victory":false,"max_hp_per_floor":[75,75,75,75,75,75,75,75,75,75,75,75,75,75,75,75],"card_choices":[{"not_picked":["Sentinel","Thunderclap"],"picked":"Heavy Blade","floor":1},{"not_picked":["Seeing Red","Havoc"],"picked":"True Grit","floor":4},{"not_picked":["Sever Soul","Fire Breathing"],"picked":"Twin Strike","floor":5},{"not_picked":["Reckless Charge","Pummel"],"picked":"Shrug It Off","floor":10},{"not_picked":["Pommel Strike","Clothesline"],"picked":"Body Slam","floor":11},{"not_picked":["Havoc","Shockwave"],"picked":"Whirlwind","floor":14}],"player_experience":376714,"relics_obtained":[{"floor":9,"key":"Lantern"},{"floor":11,"key":"Boot"}],"event_choices":[{"damage_healed":0,"gold_gain":0,"player_choice":"Success","damage_taken":18,"relics_obtained":["Bag of Preparation"],"max_hp_gain":0,"max_hp_loss":0,"event_name":"Scrap Ooze","floor":2,"gold_loss":0},{"damage_healed":0,"gold_gain":150,"player_choice":"AGREE","damage_taken":0,"max_hp_gain":0,"max_hp_loss":0,"event_name":"Liars Game","floor":3,"gold_loss":0,"cards_obtained":["Doubt"]},{"damage_healed":18,"gold_gain":0,"player_choice":"Healed and dodged fight","damage_taken":0,"max_hp_gain":0,"max_hp_loss":0,"event_name":"Mushrooms","floor":7,"gold_loss":0,"cards_obtained":["Parasite"]}],"is_beta":false,"boss_relics":[],"items_purged_floors":[12],"is_endless":false,"potions_floor_spawned":[1,4,11],"killed_by":"Hexaghost","ascension_level":19}