{"gold_per_floor":[115,129,142,142,158,158,187,187,213,213,213,62,78,108,108,206,206,218,203,203,253,21,21,41,76,76,126,126],"floor_reached":28,"playtime":3685,"items_purged":["Leg Sweep"],"score":283,"play_id":"7ef8b077-f5a9-4731-9f5e-202f9093242b","local_time":"20190317021352","is_ascension_mode":true,"campfire_choices":[{"data":"Tools of the Trade","floor":6.0,"key":"SMITH"},{"data":"Footwork","floor":8.0,"key":"SMITH"},{"data":"Outmaneuver","floor":10.0,"key":"SMITH"},{"floor":15.0,"key":"REST"},{"data":"After Image","floor":23,"key":"SMITH"}],"neow_cost":"NONE","seed_source_timestamp":0,"circlet_count":0,"master_deck":["Survivor","Neutralize","Backflip","Quick Slash","Footwork+1","Tools of the Trade+1","Outmaneuver+1","Caltrops","Accuracy","After Image+1","Escape Plan","Poisoned Stab","Slice","Blade Dance","Bouncing Flask","Accuracy","Dagger Spray","A Thousand Cuts","Dagger Throw+1","Finisher","After Image","Cloak And Dagger"],"special_seed":0,"relics":["Ring of the Snake","Juzu Bracelet","Happy Flower","Oddly Smooth Stone","Pen Nib","Pandora\u0027s Box","SsserpentHead","HandDrill","Darkstone Periapt","Bottled Lightning","Dead Branch"],"potions_floor_usage":[25,28],"damage_taken":[{"damage":2.0,"enemies":"2 Louse","floor":1.0,"turns":3.0},{"damage":7.0,"enemies":"Small Slimes","floor":2.0,"turns":4.0},{"damage":0.0,"enemies":"Jaw Worm","floor":3.0,"turns":4.0},{"damage":3.0,"enemies":"Gremlin Gang","floor":5.0,"turns":5.0},{"damage":26.0,"enemies":"3 Sentries","floor":7.0,"turns":14.0},{"damage":5.0,"enemies":"Exordium Thugs","floor":13.0,"turns":8.0},{"damage":15.0,"enemies":"Lagavulin","floor":14.0,"turns":9.0},{"damage":7.0,"enemies":"Hexaghost","floor":16.0,"turns":12.0},{"damage":8,"enemies":"Chosen","floor":18,"turns":4},{"damage":26,"enemies":"2 Thieves","floor":19,"turns":4},{"damage":4,"enemies":"Centurion and Healer","floor":24,"turns":6},{"damage":38,"enemies":"Slavers","floor":25,"turns":5},{"damage":6,"enemies":"Gremlin Leader","floor":28,"turns":4}],"seed_played":"-883076724644831539","potions_obtained":[{"floor":2.0,"key":"GamblersBrew"},{"floor":3.0,"key":"Explosive Potion"},{"floor":14.0,"key":"SkillPotion"},{"floor":19,"key":"Swift Potion"},{"floor":25,"key":"Strength Potion"}],"is_trial":false,"path_per_floor":["M","M","M","?","M","R","E","R","T","R","?","$","M","E","R","B",null,"M","M","?","?","$","R","M","E","T","T","E"],"character_chosen":"THE_SILENT","items_purchased":["Oddly Smooth Stone","HandDrill"],"campfire_rested":1,"item_purchase_floors":[12,22],"current_hp_per_floor":[75,68,68,53,50,50,24,24,24,24,24,24,19,4,27,20,77,69,43,43,43,43,43,39,1,1,1,0],"gold":126,"neow_bonus":"TEN_PERCENT_HP_BONUS","is_prod":false,"is_daily":false,"chose_seed":false,"campfire_upgraded":4,"win_rate":0,"timestamp":1552799632,"path_taken":["M","M","M","?","M","R","E","R","T","R","?","$","M","E","R","BOSS","M","M","?","?","?","R","M","E","T","?","E"],"build_version":"2019-01-23","purchased_purges":1,"victory":false,"max_hp_per_floor":[77,77,77,77,77,77,77,77,77,77,77,77,77,77,77,77,77,77,77,77,77,77,77,77,77,77,77,77],"card_choices":[{"not_picked":["Dagger Spray","Bane"],"picked":"Backflip","floor":1.0},{"not_picked":["Backstab","Skewer"],"picked":"Quick Slash","floor":2.0},{"not_picked":["Dagger Spray","Prepared"],"picked":"Footwork","floor":3.0},{"not_picked":["Dagger Throw","Backflip"],"picked":"Tools of the Trade","floor":5.0},{"not_picked":["Leg Sweep","Riddle With Holes"],"picked":"Outmaneuver","floor":7.0},{"not_picked":["Slice","A Thousand Cuts"],"picked":"Caltrops","floor":13.0},{"not_picked":["Bouncing Flask","Infinite Blades"],"picked":"Accuracy","floor":14.0},{"not_picked":["Wraith Form v2","A Thousand Cuts"],"picked":"After Image","floor":16.0},{"not_picked":["Flying Knee","Bane"],"picked":"Dagger Throw+1","floor":18},{"not_picked":["PiercingWail","Dash"],"picked":"Finisher","floor":19},{"not_picked":["Well Laid Plans","Endless Agony"],"picked":"Cloak And Dagger","floor":24},{"not_picked":["Slice","Underhanded Strike","Bouncing Flask+1"],"picked":"SKIP","floor":25}],"player_experience":152378,"relics_obtained":[{"floor":7.0,"key":"Juzu Bracelet"},{"floor":9.0,"key":"Happy Flower"},{"floor":14.0,"key":"Pen Nib"},{"floor":25,"key":"Darkstone Periapt"},{"floor":26,"key":"Bottled Lightning"},{"floor":27,"key":"Dead Branch"}],"event_choices":[{"damage_healed":0.0,"max_hp_gain":0.0,"max_hp_loss":0.0,"gold_gain":0.0,"event_name":"Shining Light","player_choice":"Entered Light","floor":4.0,"gold_loss":0.0,"damage_taken":15.0,"cards_upgraded":["Defend_G","Defend_G"]},{"cards_removed":["Defend_G"],"damage_healed":0.0,"max_hp_gain":0.0,"max_hp_loss":0.0,"gold_gain":0.0,"event_name":"Living Wall","player_choice":"Forget","floor":11.0,"gold_loss":0.0,"damage_taken":0.0},{"damage_healed":0,"gold_gain":0,"player_choice":"Trade","damage_taken":0,"relics_obtained":["SsserpentHead"],"max_hp_gain":0,"max_hp_loss":0,"event_name":"FaceTrader","floor":20,"gold_loss":0},{"damage_healed":0,"gold_gain":0,"player_choice":"Copied","damage_taken":0,"max_hp_gain":0,"max_hp_loss":0,"event_name":"Duplicator","floor":21,"gold_loss":0,"cards_obtained":["After Image"]}],"is_beta":false,"boss_relics":[{"not_picked":["Ectoplasm","Sozu"],"picked":"Pandora\u0027s Box"}],"items_purged_floors":[22],"is_endless":false,"potions_floor_spawned":[2,3,14,19,25],"killed_by":"Gremlin Leader","ascension_level":3}