{"gold_per_floor":[118,118,132,142,155,155,155,179,227,227,237,7,26,54,54,150,150,170,185,185,185,185,185,30,45,45,22,22,22,22,32,32,137,187,202,216,1215,727,742,742,759,759,783,783,795,805,818,837,837,837],"floor_reached":51,"playtime":3574,"items_purged":["True Grit","Normality"],"score":731,"play_id":"ce64976e-5262-4dbd-b001-8443fbc4111f","local_time":"20181029195233","is_ascension_mode":true,"campfire_choices":[{"data":"Iron Wave","floor":6,"key":"SMITH"},{"data":"Clothesline","floor":15,"key":"SMITH"},{"data":"Demon Form","floor":23,"key":"SMITH"},{"data":"Spot Weakness","floor":28,"key":"SMITH"},{"data":"Iron Wave","floor":30,"key":"SMITH"},{"floor":32,"key":"REST"},{"data":"Heavy Blade","floor":40,"key":"SMITH"},{"data":"Metallicize","floor":44,"key":"SMITH"},{"floor":49,"key":"REST"}],"neow_cost":"NONE","seed_source_timestamp":1315956172167643,"circlet_count":0,"master_deck":["Bash+1","Feel No Pain+1","Iron Wave+1","Heavy Blade+1","Cleave+1","Clothesline+1","Fire Breathing","Demon Form+1","Heavy Blade","Thunderclap","Thunderclap","Iron Wave+1","Reckless Charge","Clothesline","Clash","Fire Breathing","Spot Weakness+1","Metallicize+1","Necronomicurse","Shrug It Off","Writhe","Bloodletting","Juggernaut","Flame Barrier+1","Normality","Metallicize+1","Parasite","Clothesline+1","Spot Weakness+1"],"relics":["Burning Blood","Art of War","Anchor","Happy Flower","Bag of Marbles","Pandora\u0027s Box","Necronomicon","Meat on the Bone","Lantern","Pear","Centennial Puzzle","Tiny House","Whetstone","Toy Ornithopter","Ancient Tea Set"],"potions_floor_usage":[16,16,16,33,33,36,39,39,50,50,50],"damage_taken":[{"damage":6,"enemies":"Cultist","floor":1,"turns":3},{"damage":8,"enemies":"Jaw Worm","floor":3,"turns":4},{"damage":0,"enemies":"Small Slimes","floor":4,"turns":4},{"damage":4,"enemies":"Exordium Wildlife","floor":5,"turns":4},{"damage":0,"enemies":"3 Louse","floor":11,"turns":2},{"damage":20,"enemies":"Exordium Thugs","floor":13,"turns":4},{"damage":22,"enemies":"3 Sentries","floor":14,"turns":8},{"damage":37,"enemies":"The Guardian","floor":16,"turns":10},{"damage":0,"enemies":"Chosen","floor":18,"turns":3},{"damage":14,"enemies":"Spheric Guardian","floor":19,"turns":4},{"damage":18,"enemies":"Shelled Parasite and Fungi","floor":25,"turns":3},{"damage":4,"enemies":"Cultist and Chosen","floor":31,"turns":4},{"damage":33,"enemies":"Collector","floor":33,"turns":6},{"damage":28,"enemies":"Orb Walker","floor":35,"turns":4},{"damage":27,"enemies":"3 Darklings","floor":36,"turns":4},{"damage":17,"enemies":"Writhing Mass","floor":39,"turns":4},{"damage":13,"enemies":"Jaw Worm Horde","floor":41,"turns":3},{"damage":22,"enemies":"4 Shapes","floor":45,"turns":3},{"damage":3,"enemies":"Sphere and 2 Shapes","floor":46,"turns":5},{"damage":15,"enemies":"Maw","floor":47,"turns":5},{"damage":17,"enemies":"4 Shapes","floor":48,"turns":4},{"damage":102,"enemies":"Awakened One","floor":50,"turns":10}],"seed_played":"-4264421577327504842","potions_obtained":[{"floor":0,"key":"SmokeBomb"},{"floor":0,"key":"Fire Potion"},{"floor":0,"key":"Fire Potion"},{"floor":4,"key":"SpeedPotion"},{"floor":16,"key":"Strength Potion"},{"floor":19,"key":"Swift Potion"},{"floor":31,"key":"AttackPotion"},{"floor":34,"key":"Fire Potion"},{"floor":35,"key":"Weak Potion"},{"floor":36,"key":"EssenceOfSteel"},{"floor":39,"key":"Fire Potion"},{"floor":48,"key":"Energy Potion"}],"is_trial":false,"path_per_floor":["M","?","M","M","M","R","?","T","T","?","M","$","M","E","R","B",null,"M","M","?","?","T","R","$","M","T","$","R","?","R","M","R","B",null,"M","M","?","$","M","R","M","?","T","R","M","M","M","M","R","B"],"character_chosen":"IRONCLAD","items_purchased":["Happy Flower","Lantern","Shrug It Off","Whetstone","Toy Ornithopter","Metallicize"],"campfire_rested":2,"item_purchase_floors":[12,24,27,38,38,38],"current_hp_per_floor":[80,64,62,68,70,70,70,70,70,70,76,76,62,46,46,15,80,80,72,57,41,41,41,41,41,51,51,51,51,51,65,93,66,100,78,57,57,57,68,68,61,61,61,61,57,60,63,64,94,25],"gold":837,"neow_bonus":"THREE_SMALL_POTIONS","is_prod":false,"is_daily":false,"chose_seed":false,"campfire_upgraded":7,"win_rate":0,"timestamp":1540857153,"path_taken":["M","?","M","?","M","R","?","?","T","?","M","$","?","E","R","BOSS","M","M","?","?","?","R","?","?","T","$","R","?","R","M","R","BOSS","M","M","?","$","M","R","?","?","T","R","?","M","M","M","R","BOSS"],"build_version":"2018-10-25v2","purchased_purges":2,"victory":true,"max_hp_per_floor":[80,80,80,80,80,80,80,80,80,80,80,80,80,80,80,80,80,80,80,85,85,85,85,85,85,95,95,95,95,95,95,95,95,100,100,100,100,100,100,100,100,100,100,100,100,100,100,100,100,100],"card_choices":[{"not_picked":["Pommel Strike","Flex"],"picked":"Feel No Pain","floor":1},{"not_picked":["Warcry","Flex"],"picked":"Iron Wave","floor":3},{"not_picked":["Headbutt","Intimidate"],"picked":"Heavy Blade","floor":4},{"not_picked":["Infernal Blade","Battle Trance"],"picked":"Cleave","floor":5},{"not_picked":["Perfected Strike","Dropkick"],"picked":"True Grit","floor":11},{"not_picked":["Searing Blow","Reckless Charge"],"picked":"Clothesline","floor":13},{"not_picked":["Rage","Flex"],"picked":"Fire Breathing","floor":14},{"not_picked":["Fiend Fire","Offering"],"picked":"Demon Form","floor":16},{"not_picked":["Ghostly Armor","Thunderclap"],"picked":"Metallicize","floor":18},{"not_picked":["Clash","Sword Boomerang"],"picked":"Battle Trance+1","floor":19},{"not_picked":["Perfected Strike","Flex","Thunderclap"],"picked":"SKIP","floor":25},{"not_picked":["Iron Wave","Feel No Pain"],"picked":"Bloodletting","floor":31},{"not_picked":["Bludgeon","Reaper"],"picked":"Juggernaut","floor":33},{"not_picked":["Twin Strike","Pommel Strike","Clash"],"picked":"SKIP","floor":35},{"not_picked":["Body Slam+1","Iron Wave"],"picked":"Flame Barrier+1","floor":36},{"not_picked":["Perfected Strike","Juggernaut","Twin Strike"],"picked":"SKIP","floor":39},{"not_picked":["Battle Trance","Clash","Flex"],"picked":"SKIP","floor":41},{"not_picked":["Headbutt","Disarm+1","Feel No Pain+1"],"picked":"SKIP","floor":45},{"not_picked":["Anger","Dark Embrace"],"picked":"Clothesline+1","floor":46},{"not_picked":["Dual Wield","Clothesline+1","Metallicize"],"picked":"SKIP","floor":47},{"not_picked":["Flex+1","Feel No Pain+1"],"picked":"Spot Weakness+1","floor":48}],"player_experience":87281,"relics_obtained":[{"floor":8,"key":"Art of War"},{"floor":9,"key":"Anchor"},{"floor":14,"key":"Bag of Marbles"},{"floor":21,"key":"Necronomicon"},{"floor":22,"key":"Meat on the Bone"},{"floor":26,"key":"Pear"},{"floor":43,"key":"Ancient Tea Set"}],"event_choices":[{"damage_healed":0,"gold_gain":0,"player_choice":"Entered Light","damage_taken":16,"max_hp_gain":0,"max_hp_loss":0,"event_name":"Shining Light","floor":2,"gold_loss":0,"cards_upgraded":["Defend_R","Feel No Pain"]},{"damage_healed":0,"gold_gain":30,"player_choice":"Searched \u00271\u0027 times","damage_taken":0,"max_hp_gain":0,"max_hp_loss":0,"event_name":"Dead Adventurer","floor":7,"gold_loss":0},{"damage_healed":0,"gold_gain":0,"player_choice":"Leave","damage_taken":0,"max_hp_gain":0,"max_hp_loss":0,"event_name":"The Cleric","floor":10,"gold_loss":0},{"damage_healed":0,"gold_gain":0,"player_choice":"Shed Blood","damage_taken":20,"max_hp_gain":5,"max_hp_loss":0,"event_name":"Forgotten Altar","floor":20,"gold_loss":0},{"damage_healed":0,"gold_gain":0,"player_choice":"Obtained Book","damage_taken":16,"max_hp_gain":0,"max_hp_loss":0,"event_name":"Cursed Tome","floor":21,"gold_loss":0},{"damage_healed":0,"gold_gain":0,"player_choice":"Opened","damage_taken":0,"relics_obtained":["Centennial Puzzle"],"max_hp_gain":0,"max_hp_loss":0,"event_name":"The Mausoleum","floor":29,"gold_loss":0,"cards_obtained":["Writhe"]},{"damage_healed":0,"gold_gain":999,"player_choice":"Gold","damage_taken":0,"max_hp_gain":0,"max_hp_loss":0,"event_name":"MindBloom","floor":37,"gold_loss":0,"cards_obtained":["Normality","Normality"]},{"cards_removed":["Battle Trance"],"damage_healed":0,"gold_gain":0,"player_choice":"Removed Skill","damage_taken":0,"max_hp_gain":0,"max_hp_loss":0,"event_name":"Falling","floor":42,"gold_loss":0}],"is_beta":false,"boss_relics":[{"not_picked":["Ectoplasm","Orrery"],"picked":"Pandora\u0027s Box"},{"not_picked":["White Beast Statue","Astrolabe"],"picked":"Tiny House"}],"items_purged_floors":[12,38],"is_endless":false,"potions_floor_spawned":[3,4,5,16,19,31,35,36,39,48],"ascension_level":1}