{"gold_per_floor":[113,113,113,129,146,146,180,180,231,264,281,281,6,20,20,118,118,102,102,113,213,229,229,241,253,253,272,272,283,298,315,315,411,411,421,431,449,465,478,478,503,503,503,519,550,550,563,579,579,579,579,579,25,60,60],"floor_reached":56,"playtime":6166,"items_purged":["Strike_G","Defend_G"],"score":1350,"play_id":"4571ffcf-0b9c-4fe4-9225-c8bceee0c4c8","local_time":"20190505113512","is_ascension_mode":true,"campfire_choices":[{"floor":6.0,"key":"RECALL"},{"data":"Bouncing Flask","floor":8.0,"key":"SMITH"},{"floor":15.0,"key":"REST"},{"floor":23.0,"key":"REST"},{"floor":28.0,"key":"REST"},{"floor":32.0,"key":"REST"},{"floor":40,"key":"REST"},{"floor":42,"key":"REST"},{"floor":49,"key":"REST"},{"floor":52,"key":"REST"}],"neow_cost":"NONE","seed_source_timestamp":0,"circlet_count":0,"master_deck":["Defend_G","Defend_G","Defend_G","Defend_G","Survivor","Neutralize","Finisher","Bouncing Flask+1","Leg Sweep","Prepared","Blur","Cloak And Dagger","Bullet Time","Venomology","Bouncing Flask","Prepared","Storm of Steel","Backflip+1","Prepared","Blade Dance+1","Deflect","Well Laid Plans","Footwork+1","Poisoned Stab+1","Infinite Blades+1","Bullet Time","Backstab+1","Choke+1","Underhanded Strike+1","Underhanded Strike+1","Backstab+1","Backstab+1","Burst","Deadly Poison+1","Deflect+1","Caltrops","Infinite Blades","Leg Sweep+1","Dash+1","Crippling Poison+1","Blur","Deflect","Prepared+1","Underhanded Strike+1","Corpse Explosion","Blade Dance+1","Deflect","Deflect+1","Deflect+1","Underhanded Strike+1"],"special_seed":0,"relics":["Ring of the Snake","Regal Pillow","Unceasing Top","TwistedFunnel","Fusion Hammer","Prayer Wheel","Shuriken","Molten Egg 2","HoveringKite","Centennial Puzzle","Incense Burner","Nunchaku","Ornamental Fan","OrangePellets","Strawberry"],"potions_floor_usage":[41,41,47,48,54,55,55,55,55],"damage_taken":[{"damage":1.0,"enemies":"Cultist","floor":1.0,"turns":4.0},{"damage":0.0,"enemies":"2 Louse","floor":4.0,"turns":5.0},{"damage":0.0,"enemies":"Small Slimes","floor":5.0,"turns":3.0},{"damage":8.0,"enemies":"Gremlin Nob","floor":7.0,"turns":4.0},{"damage":54.0,"enemies":"3 Sentries","floor":10.0,"turns":21.0},{"damage":0.0,"enemies":"3 Louse","floor":11.0,"turns":5.0},{"damage":0.0,"enemies":"Large Slime","floor":14.0,"turns":8.0},{"damage":5.0,"enemies":"Hexaghost","floor":16.0,"turns":10.0},{"damage":0.0,"enemies":"2 Thieves","floor":18.0,"turns":4.0},{"damage":0.0,"enemies":"3 Byrds","floor":20.0,"turns":3.0},{"damage":16.0,"enemies":"Colosseum Slavers","floor":21.0,"turns":5.0},{"damage":43.0,"enemies":"Colosseum Nobs","floor":21.0,"turns":5.0},{"damage":17.0,"enemies":"Centurion and Healer","floor":22.0,"turns":8.0},{"damage":12.0,"enemies":"Snecko","floor":24.0,"turns":4.0},{"damage":0.0,"enemies":"Chosen and Byrds","floor":25.0,"turns":6.0},{"damage":0.0,"enemies":"Shelled Parasite and Fungi","floor":27.0,"turns":6.0},{"damage":0.0,"enemies":"Sentry and Sphere","floor":29.0,"turns":4.0},{"damage":12.0,"enemies":"Cultist and Chosen","floor":30.0,"turns":6.0},{"damage":0.0,"enemies":"Snake Plant","floor":31.0,"turns":2.0},{"damage":26.0,"enemies":"Collector","floor":33.0,"turns":5.0},{"damage":1.0,"enemies":"Orb Walker","floor":35.0,"turns":2.0},{"damage":19.0,"enemies":"3 Shapes","floor":36.0,"turns":2.0},{"damage":16.0,"enemies":"Spire Growth","floor":37.0,"turns":4.0},{"damage":17.0,"enemies":"Jaw Worm Horde","floor":38.0,"turns":4.0},{"damage":18.0,"enemies":"3 Darklings","floor":39.0,"turns":5.0},{"damage":16,"enemies":"Reptomancer","floor":41,"turns":6},{"damage":3,"enemies":"4 Shapes","floor":44,"turns":2},{"damage":9,"enemies":"Nemesis","floor":45,"turns":7},{"damage":0,"enemies":"Writhing Mass","floor":47,"turns":4},{"damage":0,"enemies":"Maw","floor":48,"turns":6},{"damage":39,"enemies":"Donu and Deca","floor":50,"turns":4},{"damage":26,"enemies":"Shield and Spear","floor":54,"turns":5},{"damage":28,"enemies":"The Heart","floor":55,"turns":10}],"seed_played":"3702213516019236024","potions_obtained":[{"floor":1.0,"key":"FearPotion"},{"floor":7.0,"key":"SneckoOil"},{"floor":14.0,"key":"FearPotion"},{"floor":16.0,"key":"Block Potion"},{"floor":18.0,"key":"SmokeBomb"},{"floor":22.0,"key":"SpeedPotion"},{"floor":24.0,"key":"Ancient Potion"},{"floor":25.0,"key":"Energy Potion"},{"floor":33.0,"key":"GhostInAJar"},{"floor":36.0,"key":"Poison Potion"},{"floor":41,"key":"Weak Potion"},{"floor":44,"key":"PowerPotion"}],"is_trial":false,"path_per_floor":["M","?","?","M","M","R","E","R","T","E","M","?","$","M","R","B",null,"M","?","M","?","M","R","M","M","T","M","R","M","M","M","R","B",null,"M","M","M","M","M","R","E","R","T","M","E","?","M","M","R","B",null,"R","$","E","B",null],"character_chosen":"THE_SILENT","items_purchased":["TwistedFunnel","Ornamental Fan","OrangePellets"],"campfire_rested":8,"item_purchase_floors":[13,53,53],"current_hp_per_floor":[76,69,69,69,69,69,61,61,61,7,7,7,7,7,45,40,77,77,77,77,18,1,39,27,27,27,27,65,65,53,53,77,51,77,76,57,41,24,6,44,42,77,77,74,65,65,65,65,77,38,77,77,77,58,45],"gold":60,"neow_bonus":"TEN_PERCENT_HP_BONUS","is_prod":false,"is_daily":false,"chose_seed":false,"campfire_upgraded":1,"win_rate":0,"timestamp":1557048912,"path_taken":["M","?","?","M","M","R","E","R","T","E","M","?","$","M","R","BOSS","M","?","M","?","M","R","M","M","T","M","R","M","M","M","R","BOSS","M","M","M","M","M","R","E","R","T","M","E","?","M","M","R","BOSS","R","$","E","BOSS"],"build_version":"2019-01-23","purchased_purges":2,"victory":true,"max_hp_per_floor":[77,77,77,77,77,77,77,77,77,77,77,77,77,77,77,77,77,77,77,77,77,77,77,77,77,77,77,77,77,77,77,77,77,77,77,77,77,77,77,77,77,77,77,77,77,77,77,77,77,77,77,77,77,84,84],"card_choices":[{"not_picked":["Dagger Throw","Quick Slash"],"picked":"Finisher","floor":1.0},{"not_picked":["Predator","Deflect"],"picked":"Bouncing Flask","floor":4.0},{"not_picked":["Dodge and Roll","Eviscerate"],"picked":"Leg Sweep","floor":5.0},{"not_picked":["Dodge and Roll","Sucker Punch"],"picked":"Prepared","floor":7.0},{"not_picked":["Sucker Punch","Quick Slash"],"picked":"Blur","floor":10.0},{"not_picked":["Bane","PiercingWail"],"picked":"Cloak And Dagger","floor":11.0},{"not_picked":["Tactician","Backstab"],"picked":"Bullet Time","floor":14.0},{"not_picked":["Night Terror","Unload"],"picked":"Venomology","floor":16.0},{"not_picked":["Poisoned Stab","Underhanded Strike"],"picked":"Bouncing Flask","floor":18.0},{"not_picked":["Cloak And Dagger","Caltrops"],"picked":"Backflip+1","floor":20.0},{"not_picked":["Skewer","Choke"],"picked":"Prepared","floor":21.0},{"not_picked":["Acrobatics","Poisoned Stab"],"picked":"Blade Dance+1","floor":22.0},{"not_picked":["Quick Slash","Backflip+1"],"picked":"Deflect","floor":22.0},{"not_picked":["Doppelganger","Infinite Blades+1"],"picked":"Well Laid Plans","floor":24.0},{"not_picked":["PiercingWail","Flying Knee"],"picked":"Footwork+1","floor":24.0},{"not_picked":["Backstab","All Out Attack"],"picked":"Poisoned Stab+1","floor":25.0},{"not_picked":["Sucker Punch","Dagger Throw","Bane"],"picked":"SKIP","floor":25.0},{"not_picked":["PiercingWail+1","Flying Knee+1"],"picked":"Infinite Blades+1","floor":27.0},{"not_picked":["All Out Attack+1","Bane+1"],"picked":"Bullet Time","floor":27.0},{"not_picked":["Quick Slash+1","Tactician"],"picked":"Backstab+1","floor":29.0},{"not_picked":["Blade Dance","Eviscerate+1"],"picked":"Choke+1","floor":29.0},{"not_picked":["Riddle With Holes+1","Dagger Spray+1"],"picked":"Underhanded Strike+1","floor":30.0},{"not_picked":["Deflect+1","Blade Dance+1"],"picked":"Underhanded Strike+1","floor":30.0},{"not_picked":["Skewer+1","Blade Dance"],"picked":"Backstab+1","floor":31.0},{"not_picked":["Flechettes+1","Acrobatics"],"picked":"Backstab+1","floor":31.0},{"not_picked":["Wraith Form v2","Phantasmal Killer"],"picked":"Burst","floor":33.0},{"not_picked":["Predator+1","Dagger Throw+1","Sucker Punch+1"],"picked":"SKIP","floor":35.0},{"not_picked":["Dagger Spray+1","Expertise","Quick Slash+1"],"picked":"SKIP","floor":35.0},{"not_picked":["Acrobatics+1","All Out Attack+1"],"picked":"Deadly Poison+1","floor":36.0},{"not_picked":["Dodge and Roll+1","Cloak And Dagger"],"picked":"Deflect+1","floor":36.0},{"not_picked":["Cloak And Dagger","Dagger Spray+1"],"picked":"Caltrops","floor":37.0},{"not_picked":["Predator+1","Quick Slash+1"],"picked":"Infinite Blades","floor":37.0},{"not_picked":["Dagger Throw+1","Slice+1"],"picked":"Leg Sweep+1","floor":38.0},{"not_picked":["Sucker Punch+1","Cloak And Dagger"],"picked":"Dash+1","floor":38.0},{"not_picked":["Backflip","Deadly Poison+1"],"picked":"Crippling Poison+1","floor":39},{"not_picked":["Prepared","Phantasmal Killer"],"picked":"Blur","floor":39},{"not_picked":["Dagger Throw+1","Cloak And Dagger"],"picked":"Deflect","floor":41},{"not_picked":["Flechettes+1","Underhanded Strike+1"],"picked":"Prepared+1","floor":44},{"not_picked":["Expertise","Masterful Stab+1"],"picked":"Underhanded Strike+1","floor":44},{"not_picked":["Tactician","Well Laid Plans+1"],"picked":"Corpse Explosion","floor":45},{"not_picked":["Flying Knee+1","Quick Slash+1"],"picked":"Blade Dance+1","floor":47},{"not_picked":["Well Laid Plans+1","Outmaneuver+1"],"picked":"Deflect","floor":47},{"not_picked":["Dagger Spray+1","Accuracy"],"picked":"Deflect+1","floor":48},{"not_picked":["Venomology","Sucker Punch+1"],"picked":"Deflect+1","floor":48},{"not_picked":["Dodge and Roll+1","Outmaneuver"],"picked":"Underhanded Strike+1","floor":54}],"player_experience":49950,"relics_obtained":[{"floor":7.0,"key":"Regal Pillow"},{"floor":10.0,"key":"Unceasing Top"},{"floor":21.0,"key":"Prayer Wheel"},{"floor":21.0,"key":"Shuriken"},{"floor":26.0,"key":"Molten Egg 2"},{"floor":41,"key":"Centennial Puzzle"},{"floor":43,"key":"Incense Burner"},{"floor":45,"key":"Nunchaku"},{"floor":54,"key":"Strawberry"}],"event_choices":[{"cards_removed":["Strike_G"],"damage_healed":0.0,"max_hp_gain":0.0,"max_hp_loss":0.0,"gold_gain":0.0,"event_name":"Golden Wing","player_choice":"Card Removal","floor":2.0,"gold_loss":0.0,"damage_taken":7.0},{"cards_removed":["Strike_G"],"damage_healed":0.0,"max_hp_gain":0.0,"max_hp_loss":0.0,"gold_gain":0.0,"event_name":"Living Wall","player_choice":"Forget","floor":3.0,"gold_loss":0.0,"damage_taken":0.0},{"damage_healed":0.0,"max_hp_gain":0.0,"max_hp_loss":0.0,"gold_gain":0.0,"event_name":"Dead Adventurer","player_choice":"Searched \u00271\u0027 times","floor":12.0,"gold_loss":0.0,"damage_taken":0.0},{"damage_healed":0.0,"max_hp_gain":0.0,"max_hp_loss":0.0,"gold_gain":0.0,"cards_transformed":["Strike_G","Strike_G"],"event_name":"Drug Dealer","player_choice":"Became Test Subject","floor":19.0,"gold_loss":0.0,"damage_taken":0.0,"cards_obtained":["Prepared","Storm of Steel"]},{"damage_healed":0.0,"max_hp_gain":0.0,"max_hp_loss":0.0,"gold_gain":0.0,"event_name":"Colosseum","player_choice":"Fight","floor":21.0,"gold_loss":0.0,"damage_taken":0.0},{"damage_healed":0.0,"max_hp_gain":0.0,"max_hp_loss":0.0,"gold_gain":0.0,"event_name":"Colosseum","player_choice":"Fought Nobs","floor":21.0,"gold_loss":0.0,"damage_taken":0.0},{"damage_healed":0,"gold_gain":0,"player_choice":"Ignored","damage_taken":0,"max_hp_gain":0,"max_hp_loss":0,"event_name":"Mysterious Sphere","floor":46,"gold_loss":0}],"is_beta":false,"boss_relics":[{"not_picked":["Empty Cage","Snecko Eye"],"picked":"Fusion Hammer"},{"not_picked":["Black Star","Tiny House"],"picked":"HoveringKite"}],"items_purged_floors":[13,53],"is_endless":false,"potions_floor_spawned":[1,7,14,16,18,21,22,24,25,33,36,39,41,44],"ascension_level":1}