{"gold_per_floor":[117,132,132,144,69,69,69,69,144,157,174,192,92,108,108,108],"floor_reached":16,"playtime":1278,"items_purged":["Defend_G","Strike_G"],"score":94,"play_id":"a446f087-b9a4-45f0-819b-a1f7433a9bfd","local_time":"20181001215744","is_ascension_mode":false,"campfire_choices":[{"data":"Burst","floor":6,"key":"SMITH"},{"data":"Flying Knee","floor":8,"key":"SMITH"},{"data":"Neutralize","floor":15,"key":"SMITH"}],"neow_cost":"NONE","seed_source_timestamp":20701039679502,"circlet_count":0,"master_deck":["Defend_G","Defend_G","Defend_G","Defend_G","Strike_G","Strike_G","Strike_G","Strike_G","Survivor","Neutralize+1","Flying Knee+1","Burst+1","Quick Slash","Dagger Throw","Outmaneuver","Blade Dance","Reflex"],"relics":["Eternal Feather","Sundial"],"potions_floor_usage":[16,16],"damage_taken":[{"damage":0,"enemies":"2 Louse","floor":1,"turns":3},{"damage":1,"enemies":"Jaw Worm","floor":2,"turns":5},{"damage":0,"enemies":"Cultist","floor":4,"turns":4},{"damage":5,"enemies":"3 Louse","floor":10,"turns":3},{"damage":18,"enemies":"Exordium Thugs","floor":11,"turns":4},{"damage":4,"enemies":"Blue Slaver","floor":12,"turns":4},{"damage":0,"enemies":"2 Fungi Beasts","floor":14,"turns":3},{"damage":68,"enemies":"Slime Boss","floor":16,"turns":10}],"seed_played":"-710492180938207433","potions_obtained":[{"floor":2,"key":"Ancient Potion"},{"floor":7,"key":"FairyPotion"},{"floor":7,"key":"FearPotion"},{"floor":11,"key":"AttackPotion"}],"is_trial":false,"path_per_floor":["M","M","?","M","$","R","?","R","T","M","M","M","$","M","R"],"character_chosen":"THE_SILENT","items_purchased":[],"campfire_rested":0,"item_purchase_floors":[],"current_hp_per_floor":[70,69,69,69,69,70,70,70,70,65,47,43,43,43,52,0],"gold":108,"neow_bonus":"BOSS_RELIC","is_prod":false,"is_daily":false,"chose_seed":false,"campfire_upgraded":3,"win_rate":0.0,"timestamp":1538445464,"path_taken":["M","M","?","M","$","R","?","R","T","M","M","?","?","M","R","BOSS"],"build_version":"2018-09-27","purchased_purges":2,"victory":false,"max_hp_per_floor":[70,70,70,70,70,70,70,70,70,70,70,70,70,70,70,70],"card_choices":[{"not_picked":["PiercingWail","Distraction"],"picked":"Flying Knee","floor":1},{"not_picked":["Bane","Outmaneuver"],"picked":"Burst","floor":2},{"not_picked":["Slice","Underhanded Strike"],"picked":"Quick Slash","floor":4},{"not_picked":["Calculated Gamble","Prepared"],"picked":"Dagger Throw","floor":10},{"not_picked":["Acrobatics","Deflect"],"picked":"Outmaneuver","floor":11},{"not_picked":["Underhanded Strike","Calculated Gamble"],"picked":"Blade Dance","floor":12},{"not_picked":["Escape Plan","Dagger Throw"],"picked":"Reflex","floor":14}],"player_experience":18417,"relics_obtained":[{"floor":9,"key":"Sundial"}],"event_choices":[{"event_name":"Golden Idol","player_choice":"Ignored","floor":3,"damage_taken":0},{"event_name":"The Lab","player_choice":"Got Potions","floor":7,"damage_taken":0}],"is_beta":false,"boss_relics":[],"items_purged_floors":[5,13],"is_endless":false,"potions_floor_spawned":[2,11,14],"killed_by":"Slime Boss","ascension_level":0}