{"gold_per_floor":[114,114,114,134,134,167,167,182,207,357,357,392,1,21,21,119,119,134,49,70,89,89,124,124,148,148,148,148],"floor_reached":28,"playtime":951,"items_purged":["Doubt"],"score":474,"play_id":"a570d385-78a2-474c-9ec1-c28a64170fa1","local_time":"20190428212130","is_ascension_mode":true,"campfire_choices":[{"data":"Bash","floor":7.0,"key":"SMITH"},{"data":"Anger","floor":11.0,"key":"SMITH"},{"data":"Armaments","floor":15.0,"key":"SMITH"},{"data":"Inflame","floor":24.0,"key":"SMITH"}],"neow_cost":"NONE","seed_source_timestamp":48643535836136,"circlet_count":0,"master_deck":["AscendersBane","Strike_R","Strike_R","Strike_R","Strike_R","Defend_R","Defend_R","Defend_R","Defend_R","Bash+1","Clothesline","Flame Barrier+1","Anger+1","Pummel","Inflame+1","Armaments+1","Sword Boomerang","Limit Break+1","True Grit+1","Armaments+1","Ghostly Armor"],"special_seed":0,"relics":["Burning Blood","NeowsBlessing","Golden Idol","Boot","Dream Catcher","PreservedInsect","Vajra","Snecko Eye","War Paint","Blue Candle","Blood Vial"],"potions_floor_usage":[27,28],"damage_taken":[{"damage":0.0,"enemies":"2 Louse","floor":1.0,"turns":1.0},{"damage":0.0,"enemies":"Jaw Worm","floor":4.0,"turns":1.0},{"damage":0.0,"enemies":"Lagavulin","floor":6.0,"turns":1.0},{"damage":0.0,"enemies":"Cultist","floor":8.0,"turns":3.0},{"damage":33.0,"enemies":"3 Sentries","floor":12.0,"turns":8.0},{"damage":13.0,"enemies":"Large Slime","floor":14.0,"turns":4.0},{"damage":25.0,"enemies":"The Guardian","floor":16.0,"turns":11.0},{"damage":7.0,"enemies":"Spheric Guardian","floor":18.0,"turns":4.0},{"damage":5.0,"enemies":"Shell Parasite","floor":20.0,"turns":3.0},{"damage":7.0,"enemies":"Snecko","floor":21.0,"turns":5.0},{"damage":14.0,"enemies":"Gremlin Leader","floor":23.0,"turns":5.0},{"damage":36.0,"enemies":"Sentry and Sphere","floor":25.0,"turns":7.0},{"damage":13,"enemies":"Colosseum Slavers","floor":27,"turns":4},{"damage":22,"enemies":"Book of Stabbing","floor":28,"turns":3}],"seed_played":"314047043537224684","potions_obtained":[{"floor":6.0,"key":"Explosive Potion"},{"floor":8.0,"key":"Block Potion"},{"floor":12.0,"key":"SkillPotion"},{"floor":16.0,"key":"Fire Potion"},{"floor":21.0,"key":"FearPotion"},{"floor":25.0,"key":"Strength Potion"}],"is_trial":false,"path_per_floor":["M","?","?","M","?","E","R","M","T","?","R","E","$","M","R","B",null,"M","?","M","M","?","E","R","M","T","?","E"],"character_chosen":"IRONCLAD","items_purchased":["Vajra","Inflame","Armaments","Sword Boomerang"],"campfire_rested":0,"item_purchase_floors":[13,13,13,13],"current_hp_per_floor":[74,74,68,68,68,68,68,68,68,68,68,41,41,34,34,15,55,54,54,55,54,54,46,46,16,16,11,0],"gold":148,"neow_bonus":"THREE_ENEMY_KILL","is_prod":false,"is_daily":false,"chose_seed":false,"campfire_upgraded":4,"win_rate":0,"timestamp":1556511690,"path_taken":["M","?","?","M","?","E","R","?","T","?","R","E","$","M","R","BOSS","M","?","M","M","?","E","R","M","T","?","E"],"build_version":"2019-01-23","purchased_purges":1,"victory":false,"max_hp_per_floor":[75,75,68,68,68,68,68,68,68,68,68,68,68,68,68,68,68,68,68,68,68,68,68,68,68,68,68,68],"card_choices":[{"not_picked":["Flex","Seeing Red","Searing Blow"],"picked":"SKIP","floor":1.0},{"not_picked":["Shockwave","Body Slam"],"picked":"Clothesline","floor":4.0},{"not_picked":["Evolve","Hemokinesis"],"picked":"Flame Barrier","floor":6.0},{"not_picked":["Demon Form","Thunderclap"],"picked":"Anger","floor":8.0},{"not_picked":["Brutality","Havoc"],"picked":"Pummel","floor":12.0},{"not_picked":["Sword Boomerang","Warcry","Rupture"],"picked":"SKIP","floor":14.0},{"not_picked":["Juggernaut","Demon Form"],"picked":"Limit Break","floor":16.0},{"not_picked":["Flex","Heavy Blade"],"picked":"True Grit+1","floor":18.0},{"not_picked":["Perfected Strike","Warcry","Iron Wave"],"picked":"SKIP","floor":20.0},{"not_picked":["True Grit","Searing Blow"],"picked":"Armaments+1","floor":21.0},{"not_picked":["Dropkick","Twin Strike","Hemokinesis"],"picked":"SKIP","floor":23.0},{"not_picked":["Clash","Metallicize"],"picked":"Ghostly Armor","floor":25.0}],"player_experience":2502252,"relics_obtained":[{"floor":6.0,"key":"Boot"},{"floor":9.0,"key":"Dream Catcher"},{"floor":12.0,"key":"PreservedInsect"},{"floor":23.0,"key":"Blue Candle"},{"floor":26.0,"key":"Blood Vial"}],"event_choices":[{"damage_healed":0.0,"max_hp_gain":0.0,"max_hp_loss":0.0,"gold_gain":0.0,"event_name":"Golden Wing","player_choice":"Ignored","floor":2.0,"gold_loss":0.0,"damage_taken":0.0},{"damage_healed":0.0,"max_hp_gain":0.0,"max_hp_loss":7.0,"gold_gain":0.0,"event_name":"Golden Idol","player_choice":"Lose Max HP","floor":3.0,"gold_loss":0.0,"damage_taken":0.0,"relics_obtained":["Golden Idol"]},{"cards_removed":["Strike_R"],"damage_healed":0.0,"max_hp_gain":0.0,"max_hp_loss":0.0,"gold_gain":0.0,"event_name":"Purifier","player_choice":"Purged","floor":5.0,"gold_loss":0.0,"damage_taken":0.0},{"damage_healed":0.0,"max_hp_gain":0.0,"max_hp_loss":0.0,"gold_gain":150.0,"event_name":"Liars Game","player_choice":"AGREE","floor":10.0,"gold_loss":0.0,"damage_taken":0.0,"cards_obtained":["Doubt"]},{"damage_healed":0.0,"max_hp_gain":0.0,"max_hp_loss":0.0,"gold_gain":0.0,"event_name":"Addict","player_choice":"Obtained Relic","floor":19.0,"gold_loss":85.0,"damage_taken":0.0,"relics_obtained":["War Paint"]},{"damage_healed":0.0,"max_hp_gain":0.0,"max_hp_loss":0.0,"gold_gain":0.0,"event_name":"Vampires","player_choice":"Ignored","floor":22.0,"gold_loss":0.0,"damage_taken":0.0},{"damage_healed":0,"gold_gain":0,"player_choice":"Fight","damage_taken":0,"max_hp_gain":0,"max_hp_loss":0,"event_name":"Colosseum","floor":27,"gold_loss":0},{"damage_healed":0,"gold_gain":0,"player_choice":"Fled From Nobs","damage_taken":0,"max_hp_gain":0,"max_hp_loss":0,"event_name":"Colosseum","floor":27,"gold_loss":0}],"is_beta":false,"boss_relics":[{"not_picked":["Orrery","Lizard Tail"],"picked":"Snecko Eye"}],"items_purged_floors":[13],"is_endless":false,"potions_floor_spawned":[6,8,12,16,18,20,21,25],"killed_by":"Book of Stabbing","ascension_level":15}