{"gold_per_floor":[116,266,341,341,364,364,403,428,428,482,482,503,503,538,538,538],"floor_reached":16,"playtime":506,"items_purged":[],"score":239,"play_id":"55dcccd7-05e8-4021-8fb2-0e436da5b662","local_time":"20190117052217","is_ascension_mode":true,"campfire_choices":[{"data":"Streamline","floor":6,"key":"SMITH"},{"data":"Hologram","floor":11,"key":"SMITH"},{"data":"Zap","floor":13,"key":"SMITH"},{"floor":15,"key":"REST"}],"neow_cost":"NONE","seed_source_timestamp":12974267835425,"circlet_count":0,"master_deck":["AscendersBane","Strike_B","Strike_B","Strike_B","Strike_B","Defend_B","Defend_B","Defend_B","Defend_B","Zap+1","Dualcast","Conserve Battery","Doubt","Streamline+1","Self Repair","Hologram+1","Core Surge","Conserve Battery"],"relics":["Cracked Core","NeowsBlessing","Golden Idol","Question Card","FossilizedHelix","Anchor","Frozen Egg 2"],"potions_floor_usage":[14,16],"damage_taken":[{"damage":0,"enemies":"Small Slimes","floor":1,"turns":1},{"damage":0,"enemies":"2 Louse","floor":5,"turns":1},{"damage":0,"enemies":"Gremlin Nob","floor":7,"turns":1},{"damage":6,"enemies":"Cultist","floor":8,"turns":4},{"damage":2,"enemies":"Red Slaver","floor":12,"turns":3},{"damage":30,"enemies":"3 Sentries","floor":14,"turns":7},{"damage":48,"enemies":"Hexaghost","floor":16,"turns":11}],"seed_played":"2645301538161747165","potions_obtained":[{"floor":7,"key":"Swift Potion"},{"floor":14,"key":"SpeedPotion"}],"is_trial":false,"path_per_floor":["M","?","?","?","M","R","E","M","T","T","R","M","R","E","R","B"],"character_chosen":"DEFECT","items_purchased":[],"campfire_rested":1,"item_purchase_floors":[],"current_hp_per_floor":[64,64,53,53,53,53,53,47,47,47,47,52,52,29,48,0],"gold":538,"neow_bonus":"THREE_ENEMY_KILL","is_prod":false,"is_daily":false,"chose_seed":false,"campfire_upgraded":3,"win_rate":0,"timestamp":1547698937,"path_taken":["M","?","?","?","M","R","E","M","T","?","R","?","R","E","R","BOSS"],"build_version":"2019-01-10","purchased_purges":0,"victory":false,"max_hp_per_floor":[71,71,71,64,64,64,64,64,64,64,64,64,64,64,64,64],"card_choices":[{"not_picked":["Cold Snap","Beam Cell"],"picked":"Conserve Battery","floor":1},{"not_picked":["Fusion","Turbo"],"picked":"Streamline","floor":5},{"not_picked":["Meteor Strike","FTL"],"picked":"Self Repair","floor":7},{"not_picked":["Skim","Stack","Compile Driver"],"picked":"Hologram","floor":8},{"not_picked":["Leap","Reinforced Body","Streamline"],"picked":"Core Surge","floor":12},{"not_picked":["Steam","Go for the Eyes","Leap"],"picked":"Conserve Battery","floor":14}],"player_experience":490656,"relics_obtained":[{"floor":7,"key":"Question Card"},{"floor":9,"key":"FossilizedHelix"},{"floor":10,"key":"Anchor"},{"floor":14,"key":"Frozen Egg 2"}],"event_choices":[{"damage_healed":0,"gold_gain":150,"player_choice":"AGREE","damage_taken":0,"max_hp_gain":0,"max_hp_loss":0,"event_name":"Liars Game","floor":2,"gold_loss":0,"cards_obtained":["Doubt"]},{"damage_healed":0,"gold_gain":75,"player_choice":"Gather Gold","damage_taken":11,"max_hp_gain":0,"max_hp_loss":0,"event_name":"World of Goop","floor":3,"gold_loss":0},{"damage_healed":0,"gold_gain":0,"player_choice":"Lose Max HP","damage_taken":0,"relics_obtained":["Golden Idol"],"max_hp_gain":0,"max_hp_loss":7,"event_name":"Golden Idol","floor":4,"gold_loss":0}],"is_beta":false,"boss_relics":[],"items_purged_floors":[],"is_endless":false,"potions_floor_spawned":[7,14],"killed_by":"Hexaghost","ascension_level":16}