{"gold_per_floor":[210,36,36,36,36,36,77,101,125,150,165,165,204,223,223,321,321,340,376,177,190,190,190,190,208,234,253,253,58,73,98,98,191,191,204,204,219,244,181,181,205,7,7,7,7,27,27,45,45,45],"floor_reached":51,"playtime":2296,"items_purged":["Strike_B"],"score":1244,"play_id":"ed452bf9-0dc2-4609-a96a-57436ce87ead","local_time":"20181002120501","is_ascension_mode":true,"campfire_choices":[{"data":"Zap","floor":6.0,"key":"SMITH"},{"floor":12.0,"key":"REST"},{"data":"White Noise","floor":15.0,"key":"SMITH"},{"floor":23.0,"key":"REST"},{"floor":28.0,"key":"REST"},{"data":"Buffer","floor":32.0,"key":"SMITH"},{"data":"Defragment","floor":40.0,"key":"SMITH"},{"data":"Multi-Cast","floor":44,"key":"SMITH"},{"data":"Capacitor","floor":47,"key":"SMITH"},{"floor":49,"key":"REST"}],"neow_cost":"NONE","seed_source_timestamp":13538914040295,"circlet_count":0,"master_deck":["Defend_B+1","Defend_B+1","Defend_B+1","Defend_B+1","Zap+1","Dualcast","AscendersBane","Consume","Conserve Battery","Doom and Gloom","Go for the Eyes","Ball Lightning","White Noise+1","Ball Lightning","Cold Snap","Buffer+1","Compile Driver+1","Barrage+1","Fission+1","Conserve Battery","Hologram","Coolheaded","Reinforced Body","Capacitor+1","Undo","Defragment+1","Multi-Cast+1","BootSequence+1","Loop","Hologram+1"],"special_seed":0,"relics":["Cracked Core","Golden Idol","The Courier","Regal Pillow","Boot","DataDisk","Astrolabe","Red Mask","Lantern","Pantograph","Cursed Key","Singing Bowl"],"potions_floor_usage":[46,48,50],"damage_taken":[{"damage":0.0,"enemies":"2 Louse","floor":1.0,"turns":3.0},{"damage":20.0,"enemies":"3 Sentries","floor":7.0,"turns":5.0},{"damage":12.0,"enemies":"Jaw Worm","floor":8.0,"turns":3.0},{"damage":3.0,"enemies":"Small Slimes","floor":11.0,"turns":2.0},{"damage":20.0,"enemies":"Lagavulin","floor":13.0,"turns":6.0},{"damage":0.0,"enemies":"2 Fungi Beasts","floor":14.0,"turns":2.0},{"damage":22.0,"enemies":"Hexaghost","floor":16.0,"turns":8.0},{"damage":0.0,"enemies":"Spheric Guardian","floor":18.0,"turns":2.0},{"damage":44.0,"enemies":"Masked Bandits","floor":19.0,"turns":4.0},{"damage":3.0,"enemies":"Chosen","floor":21.0,"turns":3.0},{"damage":6.0,"enemies":"Shelled Parasite and Fungi","floor":25.0,"turns":5.0},{"damage":21.0,"enemies":"Snake Plant","floor":27.0,"turns":4.0},{"damage":11.0,"enemies":"Centurion and Healer","floor":30.0,"turns":8.0},{"damage":0.0,"enemies":"Chosen and Byrds","floor":31.0,"turns":3.0},{"damage":0.0,"enemies":"Champ","floor":33.0,"turns":19.0},{"damage":11.0,"enemies":"Orb Walker","floor":35.0,"turns":4.0},{"damage":0.0,"enemies":"3 Darklings","floor":37.0,"turns":7.0},{"damage":0.0,"enemies":"Reptomancer","floor":38.0,"turns":6.0},{"damage":5.0,"enemies":"Sphere and 2 Shapes","floor":41.0,"turns":8.0},{"damage":24,"enemies":"3 Darklings","floor":46,"turns":7},{"damage":22,"enemies":"Maw","floor":48,"turns":7},{"damage":25,"enemies":"Time Eater","floor":50,"turns":12}],"seed_played":"5770265044849868107","potions_obtained":[{"floor":1.0,"key":"SteroidPotion"},{"floor":8.0,"key":"Energy Potion"},{"floor":13.0,"key":"Dexterity Potion"},{"floor":27.0,"key":"SpeedPotion"},{"floor":31.0,"key":"Swift Potion"},{"floor":33.0,"key":"Fruit Juice"},{"floor":38.0,"key":"Swift Potion"},{"floor":41.0,"key":"Weak Potion"},{"floor":48,"key":"EssenceOfSteel"}],"is_trial":false,"path_per_floor":["M","$","?","?","?","R","E","M","T","T","M","R","E","M","R","B",null,"M","?","$","M","?","R","?","M","T","M","R","$","M","M","R","B",null,"M","?","M","M","$","R","M","$","T","R","?","M","R","M","R","B"],"character_chosen":"DEFECT","items_purchased":["Conserve Battery","Doom and Gloom","Go for the Eyes","Hologram","Coolheaded","Reinforced Body","Pantograph","Loop","Singing Bowl"],"campfire_rested":4,"item_purchase_floors":[2,2,2,20,20,20,29,39,42],"current_hp_per_floor":[64,64,64,64,64,64,44,32,32,32,29,63,43,43,43,21,53,53,9,9,6,6,40,40,34,34,13,47,47,36,36,36,66,68,57,57,57,64,64,64,59,59,59,59,59,37,37,15,50,43],"gold":45,"neow_bonus":"HUNDRED_GOLD","is_prod":false,"is_daily":false,"chose_seed":false,"campfire_upgraded":6,"win_rate":0,"timestamp":1538507101,"path_taken":["M","$","?","?","?","R","E","M","T","?","M","R","E","?","R","BOSS","M","?","$","M","?","R","?","M","T","M","R","$","M","M","R","BOSS","M","?","M","?","?","R","M","$","T","R","?","M","R","M","R","BOSS"],"build_version":"2018-09-27","purchased_purges":1,"victory":true,"max_hp_per_floor":[71,71,71,71,64,64,64,64,64,64,64,64,64,64,64,64,64,64,64,64,64,64,64,64,64,64,64,64,64,64,64,64,69,69,69,69,69,69,69,69,69,69,69,69,66,68,68,68,68,68],"card_choices":[{"not_picked":["Tempest","Static Discharge"],"picked":"Consume","floor":1.0},{"not_picked":["Gash","Streamline","Tempest"],"picked":"SKIP","floor":7.0},{"not_picked":["Stack","Melter"],"picked":"Ball Lightning","floor":8.0},{"not_picked":["Storm","Beam Cell"],"picked":"White Noise","floor":11.0},{"not_picked":["Meteor Strike","Rip and Tear"],"picked":"Ball Lightning","floor":13.0},{"not_picked":["Coolheaded","Rip and Tear"],"picked":"Cold Snap","floor":14.0},{"not_picked":["Meteor Strike","Machine Learning"],"picked":"Buffer","floor":16.0},{"not_picked":["Heatsinks","Gash","Sweeping Beam"],"picked":"SKIP","floor":18.0},{"not_picked":["Recycle","Compile Driver"],"picked":"Conserve Battery","floor":19.0},{"not_picked":["Rebound","Buffer","Beam Cell"],"picked":"SKIP","floor":21.0},{"not_picked":["Tempest","Stack"],"picked":"Capacitor","floor":25.0},{"not_picked":["Hologram","Compile Driver"],"picked":"Undo","floor":27.0},{"not_picked":["Beam Cell","Go for the Eyes","Leap"],"picked":"SKIP","floor":30.0},{"not_picked":["Compile Driver+1","Coolheaded"],"picked":"Defragment","floor":31.0},{"not_picked":["Creative AI","Amplify"],"picked":"Multi-Cast","floor":33.0},{"not_picked":["Sunder","Steam","Compile Driver"],"picked":"SKIP","floor":35.0},{"not_picked":["Lockon","Cold Snap","Heatsinks"],"picked":"SKIP","floor":37.0},{"not_picked":["Ball Lightning","Storm+1"],"picked":"BootSequence+1","floor":38.0},{"not_picked":["Sweeping Beam","Go for the Eyes","Rebound+1"],"picked":"SKIP","floor":41.0},{"not_picked":["Cold Snap","Electrodynamics","Sweeping Beam"],"picked":"Singing Bowl","floor":46},{"not_picked":["Fusion+1","Beam Cell"],"picked":"Hologram+1","floor":48}],"player_experience":1232616,"relics_obtained":[{"floor":7.0,"key":"The Courier"},{"floor":9.0,"key":"Regal Pillow"},{"floor":10.0,"key":"Boot"},{"floor":13.0,"key":"DataDisk"},{"floor":19.0,"key":"Red Mask"},{"floor":26.0,"key":"Lantern"}],"event_choices":[{"event_name":"Liars Game","player_choice":"disagreed","floor":3.0,"damage_taken":0.0},{"event_name":"Scrap Ooze","player_choice":"unsuccessful","floor":4.0,"damage_taken":0.0},{"event_name":"Golden Idol","player_choice":"Lose Max HP","floor":5.0,"damage_taken":0.0},{"event_name":"Masked Bandits","player_choice":"Fought Bandits","floor":19.0,"damage_taken":0.0},{"event_name":"Back to Basics","player_choice":"Simplicity","floor":22.0,"damage_taken":0.0},{"event_name":"Vampires","player_choice":"Ignored","floor":24.0,"damage_taken":0.0},{"event_name":"SensoryStone","player_choice":"Memory 1","floor":36.0,"damage_taken":0.0},{"event_name":"Winding Halls","player_choice":"Max HP","floor":45,"damage_taken":0}],"is_beta":false,"boss_relics":[{"not_picked":["White Beast Statue","Coffee Dripper"],"picked":"Astrolabe"},{"not_picked":["Tiny House","Lizard Tail"],"picked":"Cursed Key"}],"items_purged_floors":[20],"is_endless":false,"potions_floor_spawned":[1,8,11,13,27,31,33,38,41,48],"ascension_level":15}