{"gold_per_floor":[113,133,58,58,69,69,94,94,94,94,120,132,132,150,150,222,222,233,233,251,122,139,139,165,165,211,239,239,249,279,379,379,450,450,460,475,494,494,514,514,107,125,151,165,165,165,176,195,195,195],"floor_reached":51,"playtime":3336,"items_purged":[],"score":1221,"play_id":"98e486fa-d3a2-45a7-ad54-a876ee4cba50","local_time":"20190508213700","is_ascension_mode":true,"campfire_choices":[{"data":"Neutralize","floor":6,"key":"SMITH"},{"floor":8,"key":"REST"},{"floor":10,"key":"REST"},{"data":"Deadly Poison","floor":13,"key":"SMITH"},{"data":"Deadly Poison","floor":15,"key":"SMITH"},{"data":"Cloak And Dagger","floor":23,"key":"SMITH"},{"floor":28,"key":"REST"},{"floor":32,"key":"REST"},{"data":"Flechettes","floor":40,"key":"SMITH"},{"floor":46,"key":"REST"},{"data":"Calculated Gamble","floor":49,"key":"SMITH"}],"neow_cost":"NONE","seed_source_timestamp":274766458309549,"circlet_count":0,"master_deck":["AscendersBane","Defend_G+1","Defend_G+1","Defend_G+1","Defend_G+1","Defend_G+1","Strike_G+1","Survivor+1","Neutralize+1","Quick Slash+1","Deadly Poison+1","Deadly Poison+1","Skewer","Backflip","Backflip","Adrenaline","Infinite Blades+1","Wraith Form v2+1","Acrobatics+1","PiercingWail","Cloak And Dagger+1","Flechettes+1","Backflip+1","Deflect+1","Well Laid Plans+1","Tools of the Trade+1","All Out Attack+1","Backstab+1","Sucker Punch+1","Envenom+1","Escape Plan","Calculated Gamble+1","PiercingWail","Pain","Leg Sweep+1","Cloak And Dagger+1"],"relics":["Ring of the Snake","Mummified Hand","Ornamental Fan","Centennial Puzzle","Astrolabe","Nunchaku","Ancient Tea Set","Orichalcum","Frozen Egg 2","Gambling Chip","Molten Egg 2","Cursed Key","Kunai","Snake Skull"],"potions_floor_usage":[1,11,24,27,30,50],"damage_taken":[{"damage":2,"enemies":"Jaw Worm","floor":1,"turns":7},{"damage":0,"enemies":"Small Slimes","floor":2,"turns":4},{"damage":4,"enemies":"2 Louse","floor":5,"turns":3},{"damage":34,"enemies":"3 Sentries","floor":7,"turns":10},{"damage":30,"enemies":"Lagavulin","floor":11,"turns":5},{"damage":3,"enemies":"Blue Slaver","floor":12,"turns":4},{"damage":5,"enemies":"Gremlin Gang","floor":14,"turns":5},{"damage":2,"enemies":"The Guardian","floor":16,"turns":8},{"damage":0,"enemies":"Shell Parasite","floor":18,"turns":5},{"damage":1,"enemies":"3 Byrds","floor":20,"turns":6},{"damage":9,"enemies":"Centurion and Healer","floor":22,"turns":8},{"damage":6,"enemies":"Slavers","floor":24,"turns":9},{"damage":2,"enemies":"Book of Stabbing","floor":27,"turns":5},{"damage":3,"enemies":"3 Cultists","floor":29,"turns":6},{"damage":16,"enemies":"Gremlin Leader","floor":30,"turns":9},{"damage":9,"enemies":"Colosseum Slavers","floor":31,"turns":5},{"damage":5,"enemies":"Colosseum Nobs","floor":31,"turns":6},{"damage":19,"enemies":"Automaton","floor":33,"turns":13},{"damage":0,"enemies":"Orb Walker","floor":35,"turns":4},{"damage":4,"enemies":"3 Darklings","floor":36,"turns":6},{"damage":0,"enemies":"Maw","floor":37,"turns":7},{"damage":6,"enemies":"Transient","floor":39,"turns":5},{"damage":0,"enemies":"Sphere and 2 Shapes","floor":42,"turns":6},{"damage":0,"enemies":"Jaw Worm Horde","floor":44,"turns":5},{"damage":1,"enemies":"Spire Growth","floor":47,"turns":4},{"damage":6,"enemies":"Maw","floor":48,"turns":6},{"damage":9,"enemies":"Donu and Deca","floor":50,"turns":15}],"seed_played":"5247470322340609617","potions_obtained":[{"floor":0,"key":"Fruit Juice"},{"floor":0,"key":"FearPotion"},{"floor":7,"key":"Ancient Potion"},{"floor":11,"key":"Strength Potion"},{"floor":14,"key":"Dexterity Potion"},{"floor":24,"key":"SteroidPotion"},{"floor":27,"key":"SpeedPotion"},{"floor":31,"key":"Dexterity Potion"}],"is_trial":false,"path_per_floor":["M","M","?","?","M","R","E","R","T","R","E","M","R","M","R","B",null,"M","?","M","$","M","R","E","?","T","E","R","M","E","?","R","B",null,"M","M","M","$","M","R","$","M","T","M","?","R","M","M","R","B",null],"character_chosen":"THE_SILENT","items_purchased":["Cloak And Dagger","Flechettes","Kunai","Escape Plan","Calculated Gamble"],"campfire_rested":5,"item_purchase_floors":[21,21,41,41,41],"current_hp_per_floor":[62,62,62,41,37,37,3,24,24,45,15,12,12,7,7,5,55,55,55,54,54,45,45,39,39,39,37,58,55,39,25,46,27,60,60,56,56,56,50,50,50,50,50,50,50,71,70,64,64,55],"gold":195,"neow_bonus":"THREE_SMALL_POTIONS","is_prod":false,"is_daily":false,"chose_seed":false,"campfire_upgraded":6,"win_rate":0,"timestamp":1557376620,"path_taken":["M","M","?","?","M","R","E","R","T","R","E","M","R","M","R","BOSS","M","?","M","$","M","R","E","?","T","E","R","M","E","?","R","BOSS","M","M","M","$","M","R","$","M","T","M","?","R","?","M","R","BOSS"],"build_version":"2019-01-23","purchased_purges":0,"victory":true,"max_hp_per_floor":[71,71,71,71,71,71,71,71,71,71,71,71,71,71,71,71,71,71,71,71,71,71,71,71,71,71,71,71,71,71,71,71,71,71,71,71,71,71,71,71,71,71,71,71,71,71,71,71,71,71],"card_choices":[{"not_picked":["Acrobatics","Slice"],"picked":"Quick Slash","floor":1},{"not_picked":["Prepared","Endless Agony"],"picked":"Deadly Poison","floor":2},{"not_picked":["Bane","Dodge and Roll"],"picked":"Deadly Poison","floor":5},{"not_picked":["Terror","Bane"],"picked":"Skewer","floor":7},{"not_picked":["Outmaneuver","Riddle With Holes"],"picked":"Backflip","floor":11},{"not_picked":["Blade Dance","Underhanded Strike"],"picked":"Backflip","floor":12},{"not_picked":["Poisoned Stab","Flying Knee","Dagger Spray"],"picked":"SKIP","floor":14},{"not_picked":["Wraith Form v2","Envenom"],"picked":"Adrenaline","floor":16},{"not_picked":["Endless Agony","Masterful Stab","Quick Slash"],"picked":"SKIP","floor":18},{"not_picked":["Expertise","Masterful Stab"],"picked":"PiercingWail","floor":20},{"not_picked":["Sucker Punch","Deadly Poison","Acrobatics"],"picked":"SKIP","floor":22},{"not_picked":["Predator","Tools of the Trade"],"picked":"Backflip+1","floor":24},{"not_picked":["Escape Plan","Grand Finale"],"picked":"Deflect+1","floor":27},{"not_picked":["Backflip","Predator","Dagger Spray"],"picked":"SKIP","floor":29},{"not_picked":["Dagger Throw","Masterful Stab","Dash"],"picked":"SKIP","floor":30},{"not_picked":["Setup","Sucker Punch"],"picked":"Well Laid Plans+1","floor":31},{"not_picked":["Unload+1","Wraith Form v2+1"],"picked":"Tools of the Trade+1","floor":33},{"not_picked":["Outmaneuver+1","Prepared+1"],"picked":"All Out Attack+1","floor":35},{"not_picked":["Underhanded Strike+1","Terror"],"picked":"Backstab+1","floor":36},{"not_picked":["Prepared","Flying Knee+1"],"picked":"Sucker Punch+1","floor":37},{"not_picked":["Terror","Acrobatics"],"picked":"Envenom+1","floor":39},{"not_picked":["Underhanded Strike+1","Backstab+1"],"picked":"PiercingWail","floor":42},{"not_picked":["Masterful Stab+1","Acrobatics"],"picked":"Leg Sweep","floor":44},{"not_picked":["Finisher+1","Quick Slash+1"],"picked":"Cloak And Dagger+1","floor":47},{"not_picked":["Deflect","Skewer+1","Predator+1"],"picked":"SKIP","floor":48}],"player_experience":2604016,"relics_obtained":[{"floor":7,"key":"Mummified Hand"},{"floor":9,"key":"Ornamental Fan"},{"floor":11,"key":"Centennial Puzzle"},{"floor":24,"key":"Nunchaku"},{"floor":26,"key":"Ancient Tea Set"},{"floor":27,"key":"Orichalcum"},{"floor":30,"key":"Frozen Egg 2"},{"floor":31,"key":"Gambling Chip"},{"floor":31,"key":"Molten Egg 2"},{"floor":43,"key":"Snake Skull"}],"event_choices":[{"cards_removed":["Strike_G"],"damage_healed":0,"gold_gain":0,"player_choice":"Card Removal","damage_taken":0,"max_hp_gain":0,"max_hp_loss":0,"event_name":"The Cleric","floor":3,"gold_loss":75},{"damage_healed":0,"gold_gain":0,"player_choice":"Entered Light","damage_taken":21,"max_hp_gain":0,"max_hp_loss":0,"event_name":"Shining Light","floor":4,"gold_loss":0,"cards_upgraded":["Quick Slash","Survivor"]},{"damage_healed":0,"gold_gain":0,"player_choice":"Ignored","damage_taken":0,"max_hp_gain":0,"max_hp_loss":0,"event_name":"Beggar","floor":19,"gold_loss":0},{"damage_healed":0,"gold_gain":0,"player_choice":"Simplicity","damage_taken":0,"max_hp_gain":0,"max_hp_loss":0,"event_name":"Back to Basics","floor":25,"gold_loss":0,"cards_upgraded":["Defend_G","Defend_G","Defend_G","Defend_G","Defend_G","Strike_G"]},{"damage_healed":0,"gold_gain":0,"player_choice":"Fight","damage_taken":0,"max_hp_gain":0,"max_hp_loss":0,"event_name":"Colosseum","floor":31,"gold_loss":0},{"damage_healed":0,"gold_gain":0,"player_choice":"Fought Nobs","damage_taken":0,"max_hp_gain":0,"max_hp_loss":0,"event_name":"Colosseum","floor":31,"gold_loss":0},{"damage_healed":0,"gold_gain":0,"player_choice":"Forge","damage_taken":0,"max_hp_gain":0,"max_hp_loss":0,"event_name":"Accursed Blacksmith","floor":45,"gold_loss":0,"cards_upgraded":["Leg Sweep"]}],"is_beta":false,"boss_relics":[{"not_picked":["Snecko Eye","Runic Dome"],"picked":"Astrolabe"},{"not_picked":["Runic Pyramid","Empty Cage"],"picked":"Cursed Key"}],"items_purged_floors":[],"is_endless":false,"potions_floor_spawned":[7,11,14,16,24,27,31,31,37,39,47],"ascension_level":15}