{"gold_per_floor":[110,129,140,19,31,31,47,47,128,140,90,90,90,123,123,219,219,229,248,66,81,81,81,91,91,171,181,181,201,201,220,220,321,321,331,331,331,351,10,10,23,39,65,92,107,107,161,161,161,161],"floor_reached":51,"playtime":2610,"items_purged":["Strike_B"],"score":856,"play_id":"f2bda764-f1d4-4456-8487-6dff5d65e800","local_time":"20180824005008","is_ascension_mode":true,"campfire_choices":[{"data":"Go for the Eyes","floor":6,"key":"SMITH"},{"data":"Steam Power","floor":8,"key":"SMITH"},{"data":"Chill","floor":13,"key":"SMITH"},{"data":"Zap","floor":15,"key":"SMITH"},{"data":"Blizzard","floor":23,"key":"SMITH"},{"data":"Capacitor","floor":25,"key":"SMITH"},{"data":"Electrodynamics","floor":28,"key":"SMITH"},{"data":"Defragment","floor":30,"key":"SMITH"},{"data":"Glacier","floor":32,"key":"SMITH"},{"data":"Loop","floor":40,"key":"SMITH"},{"data":"Creative AI","floor":46,"key":"SMITH"},{"floor":49,"key":"REST"}],"neow_cost":"NONE","seed_source_timestamp":368177495897161,"circlet_count":0,"master_deck":["Zap+1","Dualcast","Gash+1","Leap","Steam Power+1","Steam","Go for the Eyes+1","Glacier","Chill+1","Ball Lightning","Electrodynamics+1","Heatsinks","Redo","Stack","Rebound","Steam Power","Capacitor+1","Turbo","Blizzard+1","Chill","Conserve Battery+1","Reinforced Body+1","Defragment+1","Glacier+1","Creative AI+1","Tempest+1","Madness","Madness","Storm+1","Loop+1","Machine Learning","Blizzard","Hello World","Capacitor+1","Seek","Ball Lightning+1","Capacitor+1"],"relics":["FrozenCore","Cables","Emotion Chip","Pandora\u0027s Box","Lantern","The Courier","Anchor","Blood Vial","Bag of Preparation","Torii","Calipers"],"potions_floor_usage":[16,16,16,27,33,41,47,50,50,50],"damage_taken":[{"damage":0,"enemies":"Cultist","floor":1,"turns":3},{"damage":3,"enemies":"Small Slimes","floor":2,"turns":3},{"damage":0,"enemies":"2 Louse","floor":3,"turns":4},{"damage":9,"enemies":"Large Slime","floor":5,"turns":7},{"damage":0,"enemies":"Exordium Thugs","floor":7,"turns":6},{"damage":0,"enemies":"2 Fungi Beasts","floor":10,"turns":3},{"damage":34,"enemies":"Gremlin Nob","floor":14,"turns":6},{"damage":4,"enemies":"The Guardian","floor":16,"turns":12},{"damage":4,"enemies":"Chosen","floor":18,"turns":4},{"damage":6,"enemies":"2 Thieves","floor":19,"turns":4},{"damage":4,"enemies":"Centurion and Healer","floor":21,"turns":6},{"damage":14,"enemies":"Chosen and Byrds","floor":24,"turns":7},{"damage":3,"enemies":"Sentry and Sphere","floor":27,"turns":5},{"damage":0,"enemies":"3 Cultists","floor":29,"turns":4},{"damage":5,"enemies":"Cultist and Chosen","floor":31,"turns":5},{"damage":31,"enemies":"Champ","floor":33,"turns":14},{"damage":0,"enemies":"3 Darklings","floor":35,"turns":3},{"damage":0,"enemies":"3 Shapes","floor":38,"turns":3},{"damage":0,"enemies":"3 Darklings","floor":41,"turns":4},{"damage":0,"enemies":"Maw","floor":42,"turns":6},{"damage":0,"enemies":"4 Shapes","floor":45,"turns":3},{"damage":0,"floor":47,"turns":3},{"damage":16,"floor":48,"turns":5},{"damage":19,"enemies":"Donu and Deca","floor":50,"turns":4}],"seed_played":"755255439060396904","potions_obtained":[{"floor":1,"key":"PowerPotion"},{"floor":2,"key":"EssenceOfSteel"},{"floor":7,"key":"Regen Potion"},{"floor":19,"key":"Block Potion"},{"floor":24,"key":"Block Potion"},{"floor":27,"key":"Energy Potion"},{"floor":31,"key":"AttackPotion"},{"floor":35,"key":"EssenceOfSteel"},{"floor":41,"key":"FocusPotion"},{"floor":48,"key":"Dexterity Potion"}],"is_trial":false,"path_per_floor":["M","M","M","$","M","R","M","R","T","M","?","?","R","E","R","B",null,"M","M","$","M","?","R","M","R","T","M","R","M","R","M","R","B",null,"M","?","?","M","$","R","M","M","T","T","M","R","?","?","R","B"],"character_chosen":"DEFECT","items_purchased":["Steam","Lantern","Blizzard","Loop","Anchor","Machine Learning","Blizzard"],"campfire_rested":1,"item_purchase_floors":[4,20,20,39,39,39,39],"current_hp_per_floor":[68,65,65,65,56,56,56,56,56,56,56,41,41,7,7,18,61,57,51,51,47,72,72,58,58,58,55,55,55,55,50,50,19,61,61,61,52,52,52,52,52,52,52,52,54,54,56,42,64,47],"gold":161,"neow_bonus":"REMOVE_CARD","is_prod":false,"is_daily":false,"chose_seed":false,"campfire_upgraded":11,"win_rate":0,"timestamp":1535064608,"path_taken":["M","M","M","$","M","R","M","R","T","M","?","?","R","E","R","BOSS","M","M","$","M","?","R","M","R","T","M","R","M","R","M","R","BOSS","M","?","?","M","$","R","M","M","T","?","M","R","?","?","R","BOSS"],"build_version":"2018-08-16","purchased_purges":1,"victory":true,"max_hp_per_floor":[75,75,75,75,75,75,75,75,75,75,75,75,75,75,75,75,75,75,75,75,75,75,75,75,75,75,75,75,75,75,75,75,75,75,75,75,75,75,75,75,75,75,75,75,75,75,75,75,75,75],"card_choices":[{"not_picked":["Go for the Eyes","Hologram"],"picked":"Gash","floor":1},{"not_picked":["Redo","Cold Snap"],"picked":"Leap","floor":2},{"not_picked":["Stack","Undo"],"picked":"Steam Power","floor":3},{"not_picked":["Steam","Glacier"],"picked":"Go for the Eyes","floor":5},{"not_picked":["Barrage","Steam"],"picked":"Glacier","floor":7},{"not_picked":["Sunder","Go for the Eyes"],"picked":"Chill","floor":10},{"not_picked":["Undo","Compile Driver"],"picked":"Ball Lightning","floor":14},{"not_picked":["Amplify","Rainbow"],"picked":"Electrodynamics","floor":16},{"not_picked":["Aggregate","Chill"],"picked":"Capacitor","floor":18},{"not_picked":["Beam Cell","Stack+1"],"picked":"Turbo","floor":19},{"not_picked":["Loop","Rip and Tear"],"picked":"Chill","floor":21},{"not_picked":["Beam Cell","Steam"],"picked":"Conserve Battery+1","floor":24},{"not_picked":["Hologram","Ball Lightning"],"picked":"Reinforced Body+1","floor":27},{"not_picked":["Heatsinks","Darkness"],"picked":"Defragment","floor":29},{"not_picked":["Barrage+1","Blizzard"],"picked":"Glacier","floor":31},{"not_picked":["Buffer","Fission"],"picked":"Creative AI","floor":33},{"not_picked":["Sweeping Beam+1","Skim"],"picked":"Tempest+1","floor":35},{"not_picked":["Self Repair","Leap+1"],"picked":"Storm+1","floor":38},{"not_picked":["Hologram+1","Gash"],"picked":"Hello World","floor":41},{"not_picked":["Hello World+1","Storm+1"],"picked":"Capacitor+1","floor":42},{"not_picked":["Barrage","Hologram+1"],"picked":"Seek","floor":45},{"not_picked":["Auto Shields","Chaos+1"],"picked":"Ball Lightning+1","floor":47},{"not_picked":["Reinforced Body","Lockon+1"],"picked":"Capacitor+1","floor":48}],"player_experience":256567,"relics_obtained":[{"floor":9,"key":"Cables"},{"floor":14,"key":"Emotion Chip"},{"floor":26,"key":"The Courier"},{"floor":43,"key":"Blood Vial"},{"floor":44,"key":"Bag of Preparation"},{"floor":47,"key":"Torii"},{"floor":48,"key":"Calipers"}],"event_choices":[{"event_name":"The Cleric","player_choice":"Card Removal","floor":11,"damage_taken":0},{"event_name":"Shining Light","player_choice":"Entered Light","floor":12,"damage_taken":0},{"event_name":"The Library","player_choice":"Heal","floor":22,"damage_taken":0},{"event_name":"Tomb of Lord Red Mask","player_choice":"Ignored","floor":36,"damage_taken":0},{"event_name":"Winding Halls","player_choice":"Embrace Madness","floor":37,"damage_taken":0},{"event_name":"Mysterious Sphere","player_choice":"Fight","floor":47,"damage_taken":0},{"event_name":"MindBloom","player_choice":"Fight","floor":48,"damage_taken":0}],"is_beta":false,"boss_relics":[{"not_picked":["Runic Dome","White Beast Statue"],"picked":"Pandora\u0027s Box"},{"not_picked":["Busted Crown","Orrery"],"picked":"FrozenCore"}],"items_purged_floors":[4],"is_endless":false,"potions_floor_spawned":[1,2,7,14,19,24,27,31,35,41,48],"ascension_level":6}