{"gold_per_floor":[116,133,133,83,83,117,131,131,131,161,173,193,193,222,222,222],"floor_reached":16,"playtime":976,"items_purged":[],"score":194,"play_id":"3fe00e5e-6d22-4edf-afbf-3ad469833488","local_time":"20190331184419","is_ascension_mode":true,"campfire_choices":[{"data":"Inflame","floor":8,"key":"SMITH"},{"data":"Bash","floor":13,"key":"SMITH"},{"floor":15,"key":"REST"}],"neow_cost":"CURSE","seed_source_timestamp":1415414665764000,"circlet_count":0,"master_deck":["Strike_R+1","Strike_R","Strike_R+1","Strike_R","Defend_R","Defend_R","Defend_R","Defend_R","Bash+1","Inflame+1","Cleave","Battle Trance","Headbutt","Bloodletting","Spot Weakness"],"relics":["Burning Blood","Dodecahedron","Whetstone","Omamori","Strawberry","Pear"],"potions_floor_usage":[6,10,11,14,16],"damage_taken":[{"damage":16,"enemies":"2 Louse","floor":1,"turns":3},{"damage":7,"enemies":"Small Slimes","floor":2,"turns":4},{"damage":24,"enemies":"Gremlin Nob","floor":6,"turns":4},{"damage":1,"enemies":"Cultist","floor":7,"turns":3},{"damage":30,"enemies":"3 Sentries","floor":10,"turns":4},{"damage":14,"enemies":"Exordium Thugs","floor":11,"turns":4},{"damage":12,"enemies":"Red Slaver","floor":12,"turns":4},{"damage":26,"enemies":"Gremlin Nob","floor":14,"turns":4},{"damage":73,"enemies":"The Guardian","floor":16,"turns":8}],"seed_played":"1351198620940480432","potions_obtained":[{"floor":2,"key":"Poison Potion"},{"floor":6,"key":"AttackPotion"},{"floor":7,"key":"FearPotion"},{"floor":11,"key":"SkillPotion"},{"floor":14,"key":"BloodPotion"}],"is_trial":false,"path_per_floor":["M","M","?","?","?","E","M","R","T","E","M","M","R","E","R","B"],"character_chosen":"IRONCLAD","items_purchased":[],"campfire_rested":1,"item_purchase_floors":[],"current_hp_per_floor":[86,85,78,78,78,60,65,65,65,48,40,34,34,24,57,0],"gold":222,"neow_bonus":"TWENTY_PERCENT_HP_BONUS","is_prod":false,"is_daily":false,"chose_seed":false,"campfire_upgraded":2,"win_rate":0,"timestamp":1554047059,"path_taken":["M","M","?","?","?","E","M","R","T","E","M","M","R","E","R","BOSS"],"build_version":"2019-01-23","purchased_purges":0,"victory":false,"max_hp_per_floor":[96,96,96,96,96,96,96,96,96,103,103,103,103,113,113,113],"card_choices":[{"not_picked":["Uppercut","Pommel Strike"],"picked":"Inflame","floor":1},{"not_picked":["Seeing Red","Battle Trance"],"picked":"Cleave","floor":2},{"not_picked":["Clash","Sword Boomerang"],"picked":"Battle Trance","floor":6},{"not_picked":["Brutality","Havoc"],"picked":"Headbutt","floor":7},{"not_picked":["Hemokinesis","Flex","Bludgeon"],"picked":"SKIP","floor":10},{"not_picked":["Wild Strike","Perfected Strike","Disarm"],"picked":"SKIP","floor":11},{"not_picked":["Thunderclap","Inflame"],"picked":"Bloodletting","floor":12},{"not_picked":["Clash","Shockwave"],"picked":"Spot Weakness","floor":14}],"player_experience":126740,"relics_obtained":[{"floor":6,"key":"Whetstone"},{"floor":9,"key":"Omamori"},{"floor":10,"key":"Strawberry"},{"floor":14,"key":"Pear"}],"event_choices":[{"damage_healed":0,"gold_gain":0,"player_choice":"Success","damage_taken":7,"relics_obtained":["Dodecahedron"],"max_hp_gain":0,"max_hp_loss":0,"event_name":"Scrap Ooze","floor":3,"gold_loss":0},{"cards_removed":["Doubt"],"damage_healed":0,"gold_gain":0,"player_choice":"Card Removal","damage_taken":0,"max_hp_gain":0,"max_hp_loss":0,"event_name":"The Cleric","floor":4,"gold_loss":50},{"cards_removed":["Strike_R"],"damage_healed":0,"gold_gain":0,"player_choice":"Forget","damage_taken":0,"max_hp_gain":0,"max_hp_loss":0,"event_name":"Living Wall","floor":5,"gold_loss":0}],"is_beta":false,"boss_relics":[],"items_purged_floors":[],"is_endless":false,"potions_floor_spawned":[2,6,7,11,14],"killed_by":"The Guardian","ascension_level":4}