{"gold_per_floor":[111,76,76,87,104,165,165,197,197,228,243,243,74,139,139,217,217,236,250,268,282,282,311,311,346,346,346,362,389,406,416,416,493,493,511,4,23,38,38,373,373,373,399,399,84,84,84,94,94,94],"floor_reached":50,"playtime":3355,"items_purged":[],"score":1350,"play_id":"a388d6dc-5c94-4721-a4f6-b2194dfab9a5","local_time":"20180901202156","daily_mods":["Draft"],"is_ascension_mode":true,"campfire_choices":[{"data":"Defragment","floor":7.0,"key":"SMITH"},{"data":"Beam Cell","floor":15.0,"key":"SMITH"},{"floor":24.0,"key":"REST"},{"floor":27.0,"key":"REST"},{"data":"Capacitor","floor":32.0,"key":"SMITH"},{"floor":41,"key":"REST"},{"floor":44,"key":"REST"},{"floor":46,"key":"REST"},{"floor":49,"key":"REST"}],"neow_cost":"","seed_source_timestamp":0,"circlet_count":0,"master_deck":["AscendersBane","Cold Snap+1","Genetic Algorithm+1","BootSequence+1","Defragment+1","Ball Lightning+1","Compile Driver+1","Steam+1","Reprogram+1","Go for the Eyes+1","Ball Lightning+1","Reinforced Body+1","Ball Lightning+1","Genetic Algorithm+1","Beam Cell+1","Glacier+1","Conserve Battery+1","Glacier+1","Echo Form+1","Hologram+1","Turbo+1","Biased Cognition+1","Recycle+1","Steam Power+1","Capacitor+1","Core Surge+1","Rip and Tear+1","White Noise+1","White Noise+1","Tempest+1","Blizzard+1","Force Field+1","Discovery+1","Stack+1","Barrage+1"],"special_seed":0,"relics":["Cracked Core","Tiny Chest","Toxic Egg 2","Anchor","Ancient Tea Set","Bag of Preparation","Meat on the Bone","Black Star","MutagenicStrength","Pantograph","Smiling Mask","Orichalcum","Boot","The Courier","Blood Vial","Dream Catcher","Astrolabe","Thread and Needle","Lantern","Mark of the Bloom","Ice Cream","Old Coin","Matryoshka","Juzu Bracelet","Bag of Marbles","Runic Capacitor","Strawberry","Oddly Smooth Stone"],"potions_floor_usage":[40,50],"damage_taken":[{"damage":0.0,"enemies":"2 Louse","floor":1.0,"turns":2.0},{"damage":0.0,"enemies":"Small Slimes","floor":4.0,"turns":2.0},{"damage":0.0,"enemies":"Jaw Worm","floor":5.0,"turns":4.0},{"damage":6.0,"enemies":"Gremlin Nob","floor":6.0,"turns":3.0},{"damage":0.0,"enemies":"Lagavulin","floor":8.0,"turns":7.0},{"damage":2.0,"enemies":"3 Sentries","floor":10.0,"turns":8.0},{"damage":0.0,"enemies":"2 Fungi Beasts","floor":11.0,"turns":3.0},{"damage":0.0,"enemies":"Gremlin Nob","floor":14.0,"turns":5.0},{"damage":0.0,"enemies":"The Guardian","floor":16.0,"turns":9.0},{"damage":0.0,"enemies":"2 Thieves","floor":18.0,"turns":4.0},{"damage":0.0,"enemies":"Shell Parasite","floor":19.0,"turns":8.0},{"damage":17.0,"enemies":"Cultist and Chosen","floor":20.0,"turns":8.0},{"damage":0.0,"enemies":"Snecko","floor":21.0,"turns":7.0},{"damage":43.0,"enemies":"Slavers","floor":23.0,"turns":7.0},{"damage":18.0,"enemies":"Book of Stabbing","floor":25.0,"turns":8.0},{"damage":0.0,"enemies":"3 Cultists","floor":28.0,"turns":7.0},{"damage":19.0,"enemies":"Gremlin Leader","floor":29.0,"turns":7.0},{"damage":0.0,"enemies":"Shelled Parasite and Fungi","floor":30.0,"turns":7.0},{"damage":0.0,"enemies":"Snecko","floor":31.0,"turns":10.0},{"damage":24.0,"enemies":"Collector","floor":33.0,"turns":11.0},{"damage":9.0,"enemies":"3 Darklings","floor":35.0,"turns":6.0},{"damage":0.0,"enemies":"Orb Walker","floor":37.0,"turns":4.0},{"damage":0.0,"enemies":"Reptomancer","floor":38.0,"turns":9.0},{"damage":18,"enemies":"Giant Head","floor":40,"turns":8},{"damage":0,"enemies":"Spire Growth","floor":48,"turns":4},{"damage":49,"enemies":"Awakened One","floor":50,"turns":2}],"seed_played":"-2251872638844420712","potions_obtained":[{"floor":5.0,"key":"FearPotion"},{"floor":6.0,"key":"Fire Potion"},{"floor":11.0,"key":"PowerPotion"},{"floor":18.0,"key":"FearPotion"},{"floor":21.0,"key":"GamblersBrew"},{"floor":38.0,"key":"Swift Potion"}],"is_trial":true,"path_per_floor":["M","?","?","M","M","E","R","E","T","E","M","?","$","?","R","B",null,"M","M","M","M","?","E","R","E","T","R","M","E","M","M","R","B",null,"M","$","M","M","?","E","R","T","T","R","$","R","T","M","R"],"character_chosen":"DEFECT","items_purchased":["Bag of Preparation","Thread and Needle","Lantern","Blizzard","Discovery+1","SpeedPotion","Runic Capacitor"],"campfire_rested":6,"item_purchase_floors":[13,36,36,36,45,45,45],"current_hp_per_floor":[64,71,71,71,71,65,65,65,65,63,63,42,42,42,42,42,64,64,64,47,47,47,16,37,31,31,52,52,45,47,49,49,47,65,58,58,60,62,62,44,44,44,44,44,44,44,44,44,44,0],"gold":94,"neow_bonus":"","is_prod":false,"is_daily":false,"chose_seed":false,"campfire_upgraded":3,"win_rate":0,"timestamp":1535858516,"path_taken":["M","?","?","M","M","E","R","E","T","E","M","?","?","?","R","BOSS","M","M","M","M","?","E","R","E","T","R","M","E","M","M","R","BOSS","M","$","?","M","?","E","R","?","T","R","$","R","?","M","R","BOSS"],"build_version":"2018-08-30","purchased_purges":0,"victory":false,"max_hp_per_floor":[71,71,71,71,71,71,71,71,71,71,71,71,71,71,71,71,71,71,71,71,71,71,71,71,71,71,71,71,71,71,71,71,71,71,71,71,71,71,71,71,71,71,71,71,71,71,78,78,78,78],"card_choices":[{"not_picked":["Coolheaded","Leap"],"picked":"Cold Snap","floor":0.0},{"not_picked":["Coolheaded","Redo"],"picked":"Genetic Algorithm","floor":0.0},{"not_picked":["Streamline","Beam Cell"],"picked":"Sweeping Beam","floor":0.0},{"not_picked":["Barrage","Storm"],"picked":"BootSequence","floor":0.0},{"not_picked":["Self Repair","Streamline"],"picked":"Cold Snap","floor":0.0},{"not_picked":["Rebound","Gash"],"picked":"Defragment","floor":0.0},{"not_picked":["Self Repair","Heatsinks"],"picked":"Ball Lightning","floor":0.0},{"not_picked":["Rip and Tear","Sweeping Beam"],"picked":"Compile Driver","floor":0.0},{"not_picked":["Go for the Eyes","Chaos"],"picked":"Steam","floor":0.0},{"not_picked":["Barrage","Cold Snap"],"picked":"Reprogram","floor":0.0},{"not_picked":["Cold Snap","Rip and Tear"],"picked":"Go for the Eyes","floor":0.0},{"not_picked":["Go for the Eyes","Sweeping Beam"],"picked":"Leap","floor":0.0},{"not_picked":["Redo","Lockon"],"picked":"Ball Lightning","floor":0.0},{"not_picked":["Ball Lightning","Rebound"],"picked":"Reinforced Body","floor":0.0},{"not_picked":["Turbo","Go for the Eyes"],"picked":"Ball Lightning","floor":0.0},{"not_picked":["Rebound","Genetic Algorithm","Static Discharge"],"picked":"SKIP","floor":1.0},{"not_picked":["Rebound","Static Discharge"],"picked":"Genetic Algorithm","floor":1.0},{"not_picked":["Reinforced Body","Beam Cell"],"picked":"Hologram","floor":4.0},{"not_picked":["Echo Form","Hologram"],"picked":"Glacier","floor":5.0},{"not_picked":["Ball Lightning","Buffer"],"picked":"Conserve Battery","floor":6.0},{"not_picked":["Self Repair","Chill"],"picked":"Glacier","floor":8.0},{"not_picked":["Steam+1","Go for the Eyes"],"picked":"Echo Form","floor":10.0},{"not_picked":["Sunder","Lockon"],"picked":"Hologram+1","floor":11.0},{"not_picked":["Leap+1","Barrage"],"picked":"Turbo+1","floor":14.0},{"not_picked":["Fission+1","Thunder Strike"],"picked":"Biased Cognition","floor":16.0},{"not_picked":["Undo+1","Aggregate+1"],"picked":"Recycle+1","floor":18.0},{"not_picked":["Cold Snap+1","Coolheaded+1"],"picked":"Steam Power+1","floor":19.0},{"not_picked":["Auto Shields+1","Conserve Battery+1"],"picked":"Capacitor","floor":20.0},{"not_picked":["Beam Cell","Steam+1","Cold Snap"],"picked":"SKIP","floor":21.0},{"not_picked":["Biased Cognition","Creative AI","Melter"],"picked":"SKIP","floor":23.0},{"not_picked":["Steam+1","Rainbow+1","Skim+1"],"picked":"SKIP","floor":25.0},{"not_picked":["Gash+1","Cold Snap","Compile Driver"],"picked":"SKIP","floor":28.0},{"not_picked":["Buffer","Double Energy+1","Thunder Strike"],"picked":"SKIP","floor":29.0},{"not_picked":["Aggregate+1","Turbo+1","Leap+1"],"picked":"SKIP","floor":30.0},{"not_picked":["BootSequence+1","Loop","Reinforced Body+1"],"picked":"SKIP","floor":31.0},{"not_picked":["Meteor Strike","Fission+1"],"picked":"Core Surge","floor":33.0},{"not_picked":["Leap+1","Barrage"],"picked":"Tempest+1","floor":35.0},{"not_picked":["Streamline","Skim+1"],"picked":"Force Field+1","floor":37.0},{"not_picked":["Conserve Battery+1","Streamline","Lockon"],"picked":"SKIP","floor":38.0},{"not_picked":["Scrape","Tempest+1","Gash"],"picked":"SKIP","floor":40},{"not_picked":["Thunder Strike","Go for the Eyes"],"picked":"Stack+1","floor":48},{"not_picked":["Sweeping Beam+1","Steam+1"],"picked":"Barrage+1","floor":49}],"player_experience":1062537,"relics_obtained":[{"floor":6.0,"key":"Tiny Chest"},{"floor":8.0,"key":"Toxic Egg 2"},{"floor":9.0,"key":"Anchor"},{"floor":10.0,"key":"Ancient Tea Set"},{"floor":14.0,"key":"Meat on the Bone"},{"floor":23.0,"key":"Pantograph"},{"floor":23.0,"key":"Smiling Mask"},{"floor":25.0,"key":"Orichalcum"},{"floor":25.0,"key":"Boot"},{"floor":26.0,"key":"The Courier"},{"floor":29.0,"key":"Blood Vial"},{"floor":29.0,"key":"Dream Catcher"},{"floor":40,"key":"Ice Cream"},{"floor":40,"key":"Old Coin"},{"floor":42,"key":"Matryoshka"},{"floor":43,"key":"Juzu Bracelet"},{"floor":43,"key":"Bag of Marbles"},{"floor":47,"key":"Strawberry"},{"floor":47,"key":"Oddly Smooth Stone"}],"event_choices":[{"event_name":"The Cleric","player_choice":"Healed","floor":2.0,"damage_taken":0.0},{"event_name":"Transmorgrifier","player_choice":"Transform","floor":3.0,"damage_taken":0.0},{"event_name":"Shining Light","player_choice":"Entered Light","floor":12.0,"damage_taken":0.0},{"event_name":"Dead Adventurer","player_choice":"Searched \u00271\u0027 times","floor":14.0,"damage_taken":0.0},{"event_name":"Drug Dealer","player_choice":"Inject Mutagens","floor":22.0,"damage_taken":0.0},{"event_name":"MindBloom","player_choice":"Upgrade","floor":39.0,"damage_taken":0.0}],"is_beta":false,"boss_relics":[{"not_picked":["FrozenCore","Tiny House"],"picked":"Black Star"},{"not_picked":["Runic Pyramid","White Beast Statue"],"picked":"Astrolabe"}],"items_purged_floors":[],"is_endless":false,"potions_floor_spawned":[5,6,11,14,18,21,28,29,30,38],"killed_by":"Awakened One","ascension_level":20}