{"gold_per_floor":[110,127,8,18,193,193,208,239,317,317,328,343,343,17,17,112,112,131,131,11,28,42,42,42,42,42,62,62,62,92,104,104,104],"floor_reached":33,"playtime":1011,"items_purged":["Strike_B","Strike_B","Pain"],"score":451,"play_id":"2ec1d2a3-9821-481f-9b74-7b667c304a7e","local_time":"20181215083508","is_ascension_mode":true,"campfire_choices":[{"data":"Loop","floor":6,"key":"SMITH"},{"data":"Electrodynamics","floor":13,"key":"SMITH"},{"floor":15,"key":"REST"},{"data":"Defragment","floor":23,"key":"SMITH"},{"data":"Static Discharge","floor":25,"key":"SMITH"},{"data":"White Noise","floor":32,"key":"SMITH"}],"neow_cost":"NONE","seed_source_timestamp":262374623709297,"circlet_count":0,"master_deck":["AscendersBane","Defend_B+1","Defend_B+1","Defend_B+1","Defend_B+1","Zap","Dualcast","Conserve Battery","Ball Lightning","Loop+1","Go for the Eyes","Lockon","Static Discharge+1","Chill","Electrodynamics+1","Defragment+1","Echo Form","Self Repair","Loop","Turbo","Go for the Eyes","Hologram","Bite","Bite","Bite","Bite","Bite","White Noise+1","Biased Cognition"],"relics":["Cracked Core","Smiling Mask","StoneCalendar","Ornamental Fan","Spirit Poop","Chemical X","Sozu","WarpedTongs","Sundial","Bag of Marbles"],"potions_floor_usage":[16],"damage_taken":[{"damage":1,"enemies":"2 Louse","floor":1,"turns":2},{"damage":8,"enemies":"Small Slimes","floor":2,"turns":4},{"damage":0,"enemies":"Cultist","floor":4,"turns":3},{"damage":7,"enemies":"Looter","floor":7,"turns":4},{"damage":23,"enemies":"Gremlin Nob","floor":8,"turns":4},{"damage":8,"enemies":"Red Slaver","floor":11,"turns":4},{"damage":7,"enemies":"Lots of Slimes","floor":12,"turns":5},{"damage":3,"enemies":"Slime Boss","floor":16,"turns":6},{"damage":10,"enemies":"Chosen","floor":18,"turns":4},{"damage":15,"enemies":"Spheric Guardian","floor":21,"turns":4},{"damage":0,"enemies":"Cultist and Chosen","floor":22,"turns":5},{"damage":20,"enemies":"Snake Plant","floor":27,"turns":4},{"damage":31,"enemies":"Book of Stabbing","floor":30,"turns":4},{"damage":21,"enemies":"Centurion and Healer","floor":31,"turns":5},{"damage":36,"enemies":"Collector","floor":33,"turns":6}],"seed_played":"8686073182960680765","potions_obtained":[{"floor":8,"key":"Ancient Potion"},{"floor":12,"key":"Fire Potion"}],"is_trial":false,"path_per_floor":["M","M","$","M","?","R","M","E","T","?","M","M","R","$","R","B",null,"M","?","$","M","M","R","$","R","T","M","?","?","E","M","R","B"],"character_chosen":"DEFECT","items_purchased":["Loop","Defragment","Chemical X","Loop"],"campfire_rested":1,"item_purchase_floors":[3,14,14,20],"current_hp_per_floor":[67,59,59,59,59,59,52,29,29,29,21,14,14,14,36,33,65,55,55,55,50,64,64,64,64,64,51,51,51,28,24,24,0],"gold":104,"neow_bonus":"RANDOM_COMMON_RELIC","is_prod":false,"is_daily":false,"chose_seed":false,"campfire_upgraded":5,"win_rate":0,"timestamp":1544859308,"path_taken":["M","M","$","M","?","R","M","E","T","?","M","?","R","$","R","BOSS","M","?","$","?","M","R","$","R","T","?","?","?","E","M","R","BOSS"],"build_version":"2018-12-13","purchased_purges":3,"victory":false,"max_hp_per_floor":[75,75,75,75,75,75,75,75,75,75,75,75,75,75,75,75,75,75,75,75,75,75,75,75,75,75,75,52,52,52,52,52,52],"card_choices":[{"not_picked":["Turbo","Leap"],"picked":"Conserve Battery","floor":1},{"not_picked":["Rebound","Sweeping Beam"],"picked":"Ball Lightning","floor":2},{"not_picked":["Turbo","Genetic Algorithm"],"picked":"Go for the Eyes","floor":4},{"not_picked":["Darkness","Stack"],"picked":"Lockon","floor":7},{"not_picked":["Sweeping Beam","Ball Lightning"],"picked":"Static Discharge","floor":8},{"not_picked":["Stack","Steam"],"picked":"Chill","floor":11},{"not_picked":["Ball Lightning","Hologram"],"picked":"Electrodynamics","floor":12},{"not_picked":["Hyperbeam","Reboot"],"picked":"Echo Form","floor":16},{"not_picked":["Rip and Tear","Go for the Eyes"],"picked":"Self Repair","floor":18},{"not_picked":["Sweeping Beam","Rip and Tear"],"picked":"Turbo","floor":21},{"not_picked":["Gash","Rebound"],"picked":"Go for the Eyes","floor":22},{"not_picked":["Gash","Self Repair"],"picked":"Hologram","floor":27},{"not_picked":["Streamline","Heatsinks"],"picked":"White Noise","floor":30},{"not_picked":["Beam Cell","Hologram"],"picked":"Biased Cognition","floor":31}],"player_experience":377714,"relics_obtained":[{"floor":8,"key":"StoneCalendar"},{"floor":9,"key":"Ornamental Fan"},{"floor":26,"key":"Sundial"},{"floor":30,"key":"Bag of Marbles"}],"event_choices":[{"damage_healed":0,"gold_gain":175,"player_choice":"AGREE","damage_taken":0,"max_hp_gain":0,"max_hp_loss":0,"event_name":"Liars Game","floor":5,"gold_loss":0,"cards_obtained":["Doubt"]},{"cards_removed":["Doubt"],"damage_healed":0,"gold_gain":0,"player_choice":"Offered Curse","damage_taken":0,"relics_obtained":["Spirit Poop"],"max_hp_gain":0,"max_hp_loss":0,"event_name":"Bonfire Elementals","floor":10,"gold_loss":0},{"damage_healed":0,"gold_gain":0,"player_choice":"Rummage","damage_taken":0,"relics_obtained":["WarpedTongs"],"max_hp_gain":0,"max_hp_loss":0,"event_name":"Accursed Blacksmith","floor":19,"gold_loss":0,"cards_obtained":["Pain"]},{"damage_healed":0,"gold_gain":0,"player_choice":"Became a vampire","damage_taken":0,"max_hp_gain":0,"max_hp_loss":23,"event_name":"Vampires","floor":28,"gold_loss":0,"cards_obtained":["Bite","Bite","Bite","Bite","Bite"]},{"damage_healed":0,"gold_gain":0,"player_choice":"Simplicity","damage_taken":0,"max_hp_gain":0,"max_hp_loss":0,"event_name":"Back to Basics","floor":29,"gold_loss":0,"cards_upgraded":["Defend_B","Defend_B","Defend_B","Defend_B"]}],"is_beta":false,"boss_relics":[{"not_picked":["Cursed Key","Eternal Feather"],"picked":"Sozu"}],"items_purged_floors":[3,14,20],"is_endless":false,"potions_floor_spawned":[8,12,18,22,31],"killed_by":"Collector","ascension_level":12}