{"gold_per_floor":[111,386,386,396,411,441,441,441,471,490,197,197,74,85,85,183,183,199,199,217,62,80,80,4,4,81,91,91,91,101,130,130,230,230,245,345,60,70,70,70,98,111,138,138,464,464,85,85,85,85],"floor_reached":51,"playtime":5067,"items_purged":["Regret","Strike_B"],"score":746,"play_id":"fa857845-35f4-4e35-8a50-3b2f67c2b56d","local_time":"20181031033112","is_ascension_mode":false,"campfire_choices":[{"data":"Chill","floor":8,"key":"SMITH"},{"data":"Loop","floor":12,"key":"SMITH"},{"data":"Go for the Eyes","floor":15,"key":"SMITH"},{"floor":23,"key":"REST"},{"data":"Genetic Algorithm","floor":25,"key":"SMITH"},{"floor":29,"key":"REST"},{"floor":32,"key":"REST"},{"floor":40,"key":"REST"},{"floor":44,"key":"REST"},{"floor":49,"key":"REST"}],"neow_cost":"NONE","seed_source_timestamp":832697126430313,"circlet_count":0,"master_deck":["Strike_B","Strike_B","Defend_B","Defend_B","Defend_B","Defend_B+1","Zap+1","Dualcast","Redo+1","Auto Shields","Chill+1","Loop+1","Redo+1","Defragment","Biased Cognition","Go for the Eyes+1","Beam Cell","Hyperbeam","Leap+1","Sweeping Beam","Genetic Algorithm+1","Defragment","Chill+1","Storm+1","Darkness","Ball Lightning","Hello World+1","Multi-Cast","Hologram","Double Energy+1","Trip","Streamline+1","Turbo+1","Conserve Battery+1","Chaos"],"relics":["Cracked Core","Pear","Tiny Chest","War Paint","Lizard Tail","Meat on the Bone","Nilry\u0027s Codex","Bronze Scales","Nuclear Battery","Du-Vu Doll","HandDrill","Orichalcum","PreservedInsect","Old Coin","DataDisk"],"potions_floor_usage":[16,20,20,41,42,45,50],"damage_taken":[{"damage":0,"enemies":"2 Louse","floor":1,"turns":2},{"damage":3,"enemies":"Cultist","floor":4,"turns":3},{"damage":4,"enemies":"Small Slimes","floor":5,"turns":2},{"damage":44,"enemies":"Gremlin Nob","floor":6,"turns":5},{"damage":2,"enemies":"Red Slaver","floor":10,"turns":4},{"damage":8,"enemies":"Looter","floor":14,"turns":3},{"damage":6,"enemies":"Hexaghost","floor":16,"turns":8},{"damage":1,"enemies":"Shell Parasite","floor":18,"turns":4},{"damage":17,"enemies":"2 Thieves","floor":20,"turns":3},{"damage":11,"enemies":"Centurion and Healer","floor":22,"turns":8},{"damage":17,"enemies":"3 Cultists","floor":27,"turns":7},{"damage":11,"enemies":"Snecko","floor":30,"turns":6},{"damage":19,"enemies":"Gremlin Leader","floor":31,"turns":7},{"damage":66,"enemies":"Automaton","floor":33,"turns":9},{"damage":27,"enemies":"Orb Walker","floor":35,"turns":4},{"damage":3,"enemies":"Mind Bloom Boss Battle","floor":36,"turns":7},{"damage":24,"enemies":"3 Shapes","floor":38,"turns":6},{"damage":50,"enemies":"Reptomancer","floor":41,"turns":7},{"damage":4,"enemies":"Writhing Mass","floor":42,"turns":5},{"damage":39,"enemies":"Giant Head","floor":45,"turns":7},{"damage":51,"enemies":"Donu and Deca","floor":50,"turns":12}],"seed_played":"626602260714625000","potions_obtained":[{"floor":4,"key":"Strength Potion"},{"floor":6,"key":"AttackPotion"},{"floor":10,"key":"SmokeBomb"},{"floor":16,"key":"Fire Potion"},{"floor":18,"key":"Regen Potion"},{"floor":33,"key":"FearPotion"},{"floor":35,"key":"SneckoOil"},{"floor":42,"key":"Swift Potion"},{"floor":45,"key":"Swift Potion"}],"is_trial":false,"path_per_floor":["M","?","?","M","M","E","?","R","T","M","$","R","$","M","R","B",null,"M","?","M","$","M","R","$","R","T","M","?","R","M","E","R","B",null,"M","?","$","M","?","R","E","M","T","R","E","?","$","T","R","B"],"character_chosen":"DEFECT","items_purchased":["War Paint","Defragment","Biased Cognition","Go for the Eyes","Genetic Algorithm","Defragment","Storm","HandDrill","Trip","DataDisk","Chaos","Dexterity Potion"],"campfire_rested":6,"item_purchase_floors":[11,11,13,13,21,21,24,37,37,47,47,47],"current_hp_per_floor":[75,75,75,72,68,34,34,34,34,32,32,32,32,24,24,18,85,84,68,56,56,45,72,72,72,72,55,39,66,55,48,75,21,90,63,60,60,48,48,75,37,45,45,72,45,45,45,45,72,33],"gold":85,"neow_bonus":"UPGRADE_CARD","is_prod":false,"is_daily":false,"chose_seed":false,"campfire_upgraded":4,"win_rate":0,"timestamp":1540953072,"path_taken":["M","?","?","?","M","E","?","R","T","M","$","R","$","M","R","BOSS","M","?","M","$","M","R","$","R","T","M","?","R","M","E","R","BOSS","M","?","$","M","?","R","E","?","T","R","E","?","$","?","R","BOSS"],"build_version":"2018-10-29v2","purchased_purges":2,"victory":true,"max_hp_per_floor":[75,75,75,75,75,85,85,85,85,85,85,85,85,85,85,85,85,85,90,90,90,90,90,90,90,90,90,90,90,90,90,90,90,90,90,90,90,90,90,90,90,90,90,90,90,90,90,90,90,90],"card_choices":[{"not_picked":["Barrage","Leap"],"picked":"Redo","floor":1},{"not_picked":["Heatsinks","Cold Snap"],"picked":"Auto Shields","floor":4},{"not_picked":["Go for the Eyes","Turbo"],"picked":"Chill","floor":5},{"not_picked":["Skim","Steam Power"],"picked":"Loop","floor":6},{"not_picked":["Compile Driver","Recycle"],"picked":"Redo","floor":10},{"not_picked":["Barrage","Aggregate"],"picked":"Beam Cell","floor":14},{"not_picked":["Creative AI","All For One"],"picked":"Hyperbeam","floor":16},{"not_picked":["Auto Shields","FTL"],"picked":"Leap+1","floor":18},{"not_picked":["Recycle","Redo"],"picked":"Sweeping Beam","floor":20},{"not_picked":["Conserve Battery+1","Compile Driver"],"picked":"Chill+1","floor":22},{"not_picked":["Double Energy+1","Turbo+1"],"picked":"Darkness","floor":27},{"not_picked":["Chill","Turbo"],"picked":"Ball Lightning","floor":30},{"not_picked":["Fusion","Sunder"],"picked":"Hello World+1","floor":31},{"not_picked":["Reboot","Machine Learning"],"picked":"Multi-Cast","floor":33},{"not_picked":["Turbo","Aggregate"],"picked":"Hologram","floor":35},{"not_picked":["Sweeping Beam","Coolheaded+1"],"picked":"Double Energy+1","floor":36},{"not_picked":["Hello World+1","Fusion"],"picked":"Streamline+1","floor":38},{"not_picked":["Creative AI","Redo+1"],"picked":"Turbo+1","floor":41},{"not_picked":["Compile Driver","Hologram","Coolheaded"],"picked":"SKIP","floor":42},{"not_picked":["Steam Power","Multi-Cast"],"picked":"Conserve Battery+1","floor":45}],"player_experience":216141,"relics_obtained":[{"floor":6,"key":"Pear"},{"floor":9,"key":"Tiny Chest"},{"floor":26,"key":"Meat on the Bone"},{"floor":28,"key":"Nilry\u0027s Codex"},{"floor":31,"key":"Bronze Scales"},{"floor":36,"key":"Du-Vu Doll"},{"floor":41,"key":"Orichalcum"},{"floor":43,"key":"PreservedInsect"},{"floor":45,"key":"Old Coin"}],"event_choices":[{"damage_healed":0,"gold_gain":275,"player_choice":"Desecrate","damage_taken":0,"max_hp_gain":0,"max_hp_loss":0,"event_name":"Golden Shrine","floor":2,"gold_loss":0,"cards_obtained":["Regret"]},{"damage_healed":0,"gold_gain":0,"player_choice":"Upgraded","damage_taken":0,"max_hp_gain":0,"max_hp_loss":0,"event_name":"Upgrade Shrine","floor":3,"gold_loss":0,"cards_upgraded":["Redo"]},{"cards_removed":["Strike_B"],"damage_healed":0,"gold_gain":0,"player_choice":"Purged","damage_taken":0,"max_hp_gain":0,"max_hp_loss":0,"event_name":"Purifier","floor":7,"gold_loss":0},{"damage_healed":0,"gold_gain":0,"player_choice":"Shed Blood","damage_taken":21,"max_hp_gain":5,"max_hp_loss":0,"event_name":"Forgotten Altar","floor":19,"gold_loss":0},{"damage_healed":0,"gold_gain":0,"player_choice":"Obtained Book","damage_taken":16,"max_hp_gain":0,"max_hp_loss":0,"event_name":"Cursed Tome","floor":28,"gold_loss":0},{"damage_healed":0,"gold_gain":0,"player_choice":"Fight","damage_taken":0,"max_hp_gain":0,"max_hp_loss":0,"event_name":"MindBloom","floor":36,"gold_loss":0},{"damage_healed":0,"gold_gain":0,"player_choice":"Upgraded","damage_taken":0,"max_hp_gain":0,"max_hp_loss":0,"event_name":"Upgrade Shrine","floor":39,"gold_loss":0,"cards_upgraded":["Storm"]},{"damage_healed":0,"gold_gain":0,"player_choice":"Ignored","damage_taken":0,"max_hp_gain":0,"max_hp_loss":0,"event_name":"Tomb of Lord Red Mask","floor":46,"gold_loss":0}],"is_beta":true,"boss_relics":[{"not_picked":["Ectoplasm","White Beast Statue"],"picked":"Lizard Tail"},{"not_picked":["Calling Bell","Runic Dome"],"picked":"Nuclear Battery"}],"items_purged_floors":[11,47],"is_endless":false,"potions_floor_spawned":[4,6,10,16,18,33,35,42,45],"ascension_level":0}