{"gold_per_floor":[118,137,97,113,126,126,142,92,165,229,229,240,272,272,272,373,373,384,299,299,299,310,310,341,341,341,70,70,84,95,108,108,206,206,216,140,153,253,0,0,0,12,12,22,22,22,48,63,63,63],"floor_reached":50,"playtime":3695,"items_purged":["Blizzard"],"score":672,"play_id":"65b1998a-6bc8-4967-a417-df914b7f2993","local_time":"20181205205739","is_ascension_mode":true,"campfire_choices":[{"data":"Hologram","floor":6.0,"key":"SMITH"},{"data":"Zap","floor":11.0,"key":"SMITH"},{"floor":15.0,"key":"REST"},{"floor":23.0,"key":"REST"},{"floor":25.0,"key":"REST"},{"floor":32,"key":"REST"},{"data":"Storm","floor":41,"key":"SMITH"},{"data":"Loop","floor":45,"key":"SMITH"},{"floor":49,"key":"REST"}],"neow_cost":"NONE","seed_source_timestamp":753306579481958,"circlet_count":0,"master_deck":["Zap+1","Dualcast+1","Loop+1","Defragment","Hologram+1","Leap","Undo","Darkness","Sunder","Biased Cognition+1","Storm+1","Go for the Eyes","Sunder","Redo","Streamline","Beam Cell","Defragment","Conserve Battery","Decay","Melter","Leap","Amplify+1","FTL","Self Repair","Loop","Core Surge","Hologram+1"],"special_seed":0,"relics":["Cracked Core","NeowsBlessing","Pantograph","Incense Burner","Juzu Bracelet","Pandora\u0027s Box","Cables","Regal Pillow","Blood Vial","ClockworkSouvenir","Nuclear Battery","Turnip","Runic Capacitor","Singing Bowl","Toxic Egg 2","War Paint"],"potions_floor_usage":[31,42,44,47,50],"damage_taken":[{"damage":0.0,"enemies":"Cultist","floor":1.0,"turns":1.0},{"damage":0.0,"enemies":"2 Louse","floor":2.0,"turns":1.0},{"damage":0.0,"enemies":"Small Slimes","floor":4.0,"turns":1.0},{"damage":5.0,"enemies":"2 Fungi Beasts","floor":5.0,"turns":4.0},{"damage":2.0,"enemies":"Looter","floor":7.0,"turns":4.0},{"damage":7.0,"enemies":"3 Sentries","floor":10.0,"turns":5.0},{"damage":4.0,"enemies":"Blue Slaver","floor":12.0,"turns":4.0},{"damage":24.0,"enemies":"Gremlin Nob","floor":13.0,"turns":5.0},{"damage":15.0,"enemies":"Hexaghost","floor":16.0,"turns":9.0},{"damage":24.0,"enemies":"Chosen","floor":18.0,"turns":5.0},{"damage":19.0,"enemies":"2 Thieves","floor":22.0,"turns":3.0},{"damage":35.0,"enemies":"Book of Stabbing","floor":24.0,"turns":4.0},{"damage":0,"enemies":"Chosen and Byrds","floor":29,"turns":5},{"damage":29,"enemies":"Centurion and Healer","floor":30,"turns":6},{"damage":15,"enemies":"Snake Plant","floor":31,"turns":4},{"damage":45,"enemies":"Collector","floor":33,"turns":6},{"damage":18,"enemies":"Orb Walker","floor":35,"turns":3},{"damage":41,"enemies":"3 Darklings","floor":37,"turns":4},{"damage":6,"enemies":"Mind Bloom Boss Battle","floor":38,"turns":4},{"damage":6,"enemies":"4 Shapes","floor":42,"turns":6},{"damage":16,"enemies":"Transient","floor":44,"turns":5},{"damage":3,"enemies":"Nemesis","floor":47,"turns":5},{"damage":24,"enemies":"Jaw Worm Horde","floor":48,"turns":3},{"damage":105,"enemies":"Donu and Deca","floor":50,"turns":6}],"seed_played":"-345954856763374271","potions_obtained":[{"floor":3.0,"key":"Block Potion"},{"floor":3.0,"key":"Energy Potion"},{"floor":3.0,"key":"Dexterity Potion"},{"floor":5.0,"key":"EssenceOfSteel"},{"floor":7.0,"key":"AttackPotion"},{"floor":13.0,"key":"Poison Potion"},{"floor":18.0,"key":"Fruit Juice"},{"floor":31,"key":"Fruit Juice"},{"floor":38,"key":"Fire Potion"},{"floor":44,"key":"Poison Potion"},{"floor":48,"key":"Regen Potion"}],"is_trial":false,"path_per_floor":["M","M","?","M","M","R","M","?","T","?","R","M","E","?","R","B",null,"M","?","?","?","M","R","E","R","T","$","?","M","M","M","R","B",null,"M","$","M","?","$","?","R","M","T","M","R","T","E","M","R","B"],"character_chosen":"DEFECT","items_purchased":["ClockworkSouvenir","Self Repair","Runic Capacitor","PowerPotion"],"campfire_rested":5,"item_purchase_floors":[27,36,39,39],"current_hp_per_floor":[68,68,68,68,63,63,61,61,61,54,54,50,26,11,33,43,67,43,48,40,40,21,45,10,49,49,49,49,51,24,16,56,38,73,57,57,25,53,53,53,53,63,63,58,58,58,64,44,85,0],"gold":63,"neow_bonus":"THREE_ENEMY_KILL","is_prod":false,"is_daily":false,"chose_seed":false,"campfire_upgraded":4,"win_rate":0,"timestamp":1544039859,"path_taken":["M","?","?","M","?","R","M","?","T","?","R","M","E","?","R","BOSS","M","?","?","?","M","R","E","R","T","?","?","M","M","M","R","BOSS","M","$","M","?","$","?","R","M","T","M","R","?","E","M","R","BOSS"],"build_version":"2018-12-05","purchased_purges":1,"victory":false,"max_hp_per_floor":[75,75,75,75,75,75,75,75,75,75,75,75,75,75,75,75,75,75,80,80,80,80,80,80,80,80,80,80,80,80,85,85,85,85,85,85,85,85,85,85,85,85,85,87,87,87,87,89,89,89],"card_choices":[{"not_picked":["Beam Cell","Sweeping Beam"],"picked":"Loop","floor":1.0},{"not_picked":["Consume","Barrage"],"picked":"Defragment","floor":2.0},{"not_picked":["Stack","Beam Cell"],"picked":"Hologram","floor":4.0},{"not_picked":["Gash","Double Energy"],"picked":"Leap","floor":5.0},{"not_picked":["Steam","Compile Driver"],"picked":"Undo","floor":7.0},{"not_picked":["Hello World","Barrage"],"picked":"Darkness","floor":10.0},{"not_picked":["Hologram","Recycle","Stack"],"picked":"SKIP","floor":12.0},{"not_picked":["Compile Driver","Tempest"],"picked":"Sunder","floor":13.0},{"not_picked":["Core Surge","All For One"],"picked":"Biased Cognition","floor":16.0},{"not_picked":["Rebound","Skim","Go for the Eyes"],"picked":"SKIP","floor":18.0},{"not_picked":["Capacitor","Compile Driver"],"picked":"Defragment","floor":22.0},{"not_picked":["Barrage","Steam Power"],"picked":"Conserve Battery","floor":24.0},{"not_picked":["Meteor Strike","Chaos"],"picked":"Melter","floor":29},{"not_picked":["Scrape","Chill","Storm"],"picked":"SKIP","floor":30},{"not_picked":["Tempest","Ball Lightning"],"picked":"Leap","floor":31},{"not_picked":["Core Surge","Fission"],"picked":"Amplify","floor":33},{"not_picked":["Gash+1","Recycle+1"],"picked":"FTL","floor":35},{"not_picked":["Hello World","Ball Lightning"],"picked":"Loop","floor":37},{"not_picked":["Reprogram","Lockon+1"],"picked":"Core Surge","floor":42},{"not_picked":["Tempest+1","Skim","Coolheaded"],"picked":"Singing Bowl","floor":44},{"not_picked":["Beam Cell","Rebound"],"picked":"Hologram+1","floor":47},{"not_picked":["Hologram+1","Reprogram+1","Beam Cell"],"picked":"Singing Bowl","floor":48}],"player_experience":242179,"relics_obtained":[{"floor":9.0,"key":"Pantograph"},{"floor":10.0,"key":"Incense Burner"},{"floor":13.0,"key":"Juzu Bracelet"},{"floor":24.0,"key":"Regal Pillow"},{"floor":26.0,"key":"Blood Vial"},{"floor":38,"key":"Turnip"},{"floor":43,"key":"Singing Bowl"},{"floor":46,"key":"Toxic Egg 2"},{"floor":47,"key":"War Paint"}],"event_choices":[{"damage_healed":0.0,"max_hp_gain":0.0,"max_hp_loss":0.0,"gold_gain":0.0,"event_name":"The Woman in Blue","player_choice":"Bought 3 Potions","floor":3.0,"gold_loss":0.0,"damage_taken":0.0},{"cards_removed":["Defend_B"],"damage_healed":0.0,"max_hp_gain":0.0,"max_hp_loss":0.0,"gold_gain":0.0,"event_name":"The Cleric","player_choice":"Card Removal","floor":8.0,"gold_loss":50.0,"damage_taken":0.0},{"damage_healed":0.0,"max_hp_gain":0.0,"max_hp_loss":0.0,"gold_gain":0.0,"event_name":"Dead Adventurer","player_choice":"Searched \u00271\u0027 times","floor":10.0,"gold_loss":0.0,"damage_taken":0.0},{"damage_healed":0.0,"max_hp_gain":0.0,"max_hp_loss":0.0,"gold_gain":0.0,"event_name":"Shining Light","player_choice":"Entered Light","floor":14.0,"gold_loss":0.0,"damage_taken":15.0,"cards_upgraded":["Defend_B","Defend_B"]},{"damage_healed":0.0,"max_hp_gain":0.0,"max_hp_loss":0.0,"gold_gain":0.0,"event_name":"Addict","player_choice":"Obtained Relic","floor":19.0,"gold_loss":85.0,"damage_taken":0.0,"relics_obtained":["Cables"]},{"damage_healed":0.0,"max_hp_gain":0.0,"max_hp_loss":0.0,"gold_gain":0.0,"event_name":"Knowing Skull","player_choice":"","floor":20.0,"potions_obtained":[],"gold_loss":0.0,"damage_taken":8.0,"cards_obtained":[]},{"damage_healed":0.0,"max_hp_gain":0.0,"max_hp_loss":0.0,"gold_gain":0.0,"event_name":"Accursed Blacksmith","player_choice":"Forge","floor":21.0,"gold_loss":0.0,"damage_taken":0.0,"cards_upgraded":["Biased Cognition"]},{"damage_healed":0.0,"max_hp_gain":0.0,"max_hp_loss":0.0,"gold_gain":0.0,"event_name":"Forgotten Altar","player_choice":"Smashed Altar","floor":28.0,"gold_loss":0.0,"damage_taken":0.0,"cards_obtained":["Decay"]},{"damage_healed":0,"gold_gain":0,"player_choice":"Fight","damage_taken":0,"max_hp_gain":0,"max_hp_loss":0,"event_name":"MindBloom","floor":38,"gold_loss":0},{"damage_healed":0,"gold_gain":0,"player_choice":"Ignored","damage_taken":0,"max_hp_gain":0,"max_hp_loss":0,"event_name":"Mysterious Sphere","floor":40,"gold_loss":0}],"is_beta":true,"boss_relics":[{"not_picked":["Runic Pyramid","Velvet Choker"],"picked":"Pandora\u0027s Box"},{"not_picked":["Runic Dome","Astrolabe"],"picked":"Nuclear Battery"}],"items_purged_floors":[27],"is_endless":false,"potions_floor_spawned":[5,7,13,18,31,38,44,48],"killed_by":"Donu and Deca","ascension_level":6}