{"gold_per_floor":[116,127,127,127,147,147,175,175,252,266,266,266,277,303,303,382,382,399,411,126,143,156,156,191,191,191,218,233,233,266,276,276,353,353,365,199,210,221,521,550,568,568,568,568,256,256,266,285,285,285,285],"floor_reached":52,"playtime":2286,"items_purged":[],"score":2158,"play_id":"021a548b-29f6-42fe-b0d0-05557b56538c","local_time":"20181009104843","daily_mods":["SealedDeck"],"is_ascension_mode":true,"campfire_choices":[{"data":"Go for the Eyes","floor":6,"key":"SMITH"},{"data":"Beam Cell","floor":8,"key":"SMITH"},{"data":"FTL","floor":11,"key":"SMITH"},{"data":"Cold Snap","floor":15,"key":"SMITH"},{"data":"Creative AI","floor":23,"key":"SMITH"},{"data":"Genetic Algorithm","floor":25,"key":"SMITH"},{"data":"Conserve Battery","floor":29,"key":"SMITH"},{"data":"Conserve Battery","floor":32,"key":"SMITH"},{"data":"Undo","floor":42,"key":"SMITH"},{"data":"All For One","floor":46,"key":"SMITH"},{"data":"Compile Driver","floor":49,"key":"SMITH"}],"neow_cost":"","seed_source_timestamp":92757787524128,"circlet_count":0,"master_deck":["AscendersBane","Leap","Conserve Battery+1","Genetic Algorithm+1","Conserve Battery+1","Cold Snap+1","Ball Lightning+1","Compile Driver+1","Beam Cell+1","Go for the Eyes+1","Cold Snap+1","FTL+1","Creative AI+1","Undo+1","All For One+1"],"relics":["Cracked Core","Whetstone","Matryoshka","Smiling Mask","Bag of Marbles","Mummified Hand","Busted Crown","Pantograph","Happy Flower","Vajra","Lantern","Ancient Tea Set","Bronze Scales","Nuclear Battery","Oddly Smooth Stone","Old Coin","Pen Nib","Shuriken","Runic Capacitor"],"potions_floor_usage":[14,24,33,40],"damage_taken":[{"damage":0,"enemies":"Small Slimes","floor":1,"turns":2},{"damage":0,"enemies":"Jaw Worm","floor":2,"turns":2},{"damage":0,"enemies":"Cultist","floor":5,"turns":3},{"damage":0,"enemies":"Lagavulin","floor":7,"turns":4},{"damage":0,"enemies":"Blue Slaver","floor":10,"turns":2},{"damage":0,"enemies":"Gremlin Gang","floor":13,"turns":3},{"damage":0,"enemies":"Gremlin Nob","floor":14,"turns":2},{"damage":6,"enemies":"The Guardian","floor":16,"turns":11},{"damage":2,"enemies":"2 Thieves","floor":18,"turns":3},{"damage":5,"enemies":"3 Byrds","floor":19,"turns":4},{"damage":7,"enemies":"Cultist and Chosen","floor":21,"turns":5},{"damage":0,"enemies":"Shelled Parasite and Fungi","floor":22,"turns":3},{"damage":1,"enemies":"Gremlin Leader","floor":24,"turns":4},{"damage":13,"enemies":"Book of Stabbing","floor":27,"turns":4},{"damage":0,"enemies":"Snecko","floor":28,"turns":3},{"damage":16,"enemies":"Slavers","floor":30,"turns":6},{"damage":5,"enemies":"Snake Plant","floor":31,"turns":2},{"damage":0,"enemies":"Automaton","floor":33,"turns":8},{"damage":0,"enemies":"3 Shapes","floor":35,"turns":4},{"damage":0,"enemies":"Orb Walker","floor":37,"turns":3},{"damage":0,"enemies":"4 Shapes","floor":38,"turns":5},{"damage":0,"enemies":"Mind Bloom Boss Battle","floor":39,"turns":5},{"damage":3,"enemies":"2 Orb Walkers","floor":40,"turns":5},{"damage":0,"enemies":"Maw","floor":41,"turns":6},{"damage":0,"enemies":"Sphere and 2 Shapes","floor":47,"turns":3},{"damage":0,"enemies":"3 Darklings","floor":48,"turns":3},{"damage":0,"enemies":"Time Eater","floor":50,"turns":7},{"damage":17,"enemies":"Awakened One","floor":51,"turns":8}],"seed_played":"6500572111757126402","potions_obtained":[{"floor":5,"key":"Explosive Potion"},{"floor":7,"key":"Ancient Potion"},{"floor":13,"key":"SteroidPotion"},{"floor":14,"key":"FocusPotion"},{"floor":22,"key":"Regen Potion"},{"floor":30,"key":"Fire Potion"},{"floor":38,"key":"SkillPotion"},{"floor":41,"key":"FairyPotion"}],"is_trial":true,"path_per_floor":["M","M","?","$","M","R","E","R","T","M","R","T","M","E","R","B",null,"M","M","$","M","M","R","E","R","T","E","M","R","E","M","R","B",null,"M","$","M","M","?","E","M","R","T","?","$","R","M","M","R","B","B"],"character_chosen":"DEFECT","items_purchased":["Pantograph","Oddly Smooth Stone","Runic Capacitor","All For One"],"campfire_rested":0,"item_purchase_floors":[20,36,45,45],"current_hp_per_floor":[64,64,64,64,64,64,64,64,64,64,64,64,64,64,64,58,68,66,61,61,54,54,54,65,65,65,52,52,52,36,31,31,56,67,67,67,67,67,71,68,68,68,68,68,68,68,68,68,68,71,54],"gold":285,"neow_bonus":"","is_prod":false,"is_daily":false,"chose_seed":false,"campfire_upgraded":11,"win_rate":0,"timestamp":1539107323,"path_taken":["M","M","?","$","M","R","E","R","T","M","R","?","M","E","R","BOSS","M","M","$","M","M","R","E","R","T","E","?","R","E","M","R","BOSS","M","$","M","M","?","E","M","R","T","?","$","R","?","M","R","BOSS","BOSS"],"build_version":"2018-10-04v2","purchased_purges":0,"victory":true,"max_hp_per_floor":[71,71,71,71,71,71,71,71,71,71,71,71,71,71,71,71,71,71,71,71,71,71,71,71,71,71,71,71,71,71,71,71,71,71,71,71,71,71,71,71,71,71,71,71,71,71,71,71,71,71,71],"card_choices":[{"not_picked":["Steam","Redo","Sweeping Beam"],"picked":"SKIP","floor":1},{"not_picked":["Rebound","Coolheaded","Barrage"],"picked":"SKIP","floor":2},{"not_picked":["Go for the Eyes","Doom and Gloom","Compile Driver"],"picked":"SKIP","floor":5},{"not_picked":["Streamline","Double Energy","Darkness"],"picked":"SKIP","floor":7},{"not_picked":["Multi-Cast","Undo"],"picked":"FTL","floor":10},{"not_picked":["Chaos","Consume","Stack"],"picked":"SKIP","floor":13},{"not_picked":["Rebound","Auto Shields","Storm"],"picked":"SKIP","floor":14},{"not_picked":["Seek","Rainbow"],"picked":"Creative AI","floor":16},{"not_picked":["Steam"],"picked":"SKIP","floor":18},{"not_picked":["Conserve Battery"],"picked":"SKIP","floor":19},{"not_picked":["Coolheaded+1"],"picked":"SKIP","floor":21},{"not_picked":["Double Energy"],"picked":"SKIP","floor":22},{"not_picked":["Aggregate"],"picked":"SKIP","floor":24},{"not_picked":["Barrage"],"picked":"SKIP","floor":27},{"not_picked":["Redo"],"picked":"SKIP","floor":28},{"not_picked":["Melter"],"picked":"SKIP","floor":30},{"not_picked":["Barrage"],"picked":"SKIP","floor":31},{"not_picked":["Conserve Battery"],"picked":"SKIP","floor":35},{"not_picked":["Hologram"],"picked":"SKIP","floor":37},{"not_picked":["Stack"],"picked":"SKIP","floor":38},{"not_picked":[],"picked":"Undo","floor":39},{"not_picked":["Barrage"],"picked":"SKIP","floor":40},{"not_picked":["Turbo"],"picked":"SKIP","floor":41},{"not_picked":["FTL"],"picked":"SKIP","floor":47},{"not_picked":["Steam"],"picked":"SKIP","floor":48}],"player_experience":1310821,"relics_obtained":[{"floor":7,"key":"Whetstone"},{"floor":9,"key":"Matryoshka"},{"floor":12,"key":"Smiling Mask"},{"floor":12,"key":"Bag of Marbles"},{"floor":14,"key":"Mummified Hand"},{"floor":24,"key":"Happy Flower"},{"floor":26,"key":"Vajra"},{"floor":26,"key":"Lantern"},{"floor":27,"key":"Ancient Tea Set"},{"floor":30,"key":"Bronze Scales"},{"floor":39,"key":"Old Coin"},{"floor":40,"key":"Pen Nib"},{"floor":43,"key":"Shuriken"}],"event_choices":[{"event_name":"Golden Wing","player_choice":"Ignored","floor":3,"damage_taken":0},{"event_name":"MindBloom","player_choice":"Fight","floor":39,"damage_taken":0},{"event_name":"SensoryStone","player_choice":"Memory 1","floor":44,"damage_taken":0}],"is_beta":false,"boss_relics":[{"not_picked":["Runic Pyramid","Empty Cage"],"picked":"Busted Crown"},{"not_picked":["Lizard Tail","Cursed Key"],"picked":"Nuclear Battery"}],"items_purged_floors":[],"is_endless":false,"potions_floor_spawned":[5,7,13,14,19,22,30,38,39,41,47],"ascension_level":20}