{"gold_per_floor":[115,132,10,10,30,30,46,46,46,59,59,72,85,85,85,185,185,202,65,80,97,12,46,46,57,83,106,139,139,154,172,172,269,269,281,156,174,174,174],"floor_reached":39,"playtime":1690,"items_purged":["Strike_G","Regret","Strike_G"],"score":698,"play_id":"21cd10a6-a98f-4aff-a5a8-187151cc9847","local_time":"20180821214852","is_ascension_mode":true,"campfire_choices":[{"data":"Dagger Spray","floor":6,"key":"SMITH"},{"data":"Leg Sweep","floor":8,"key":"SMITH"},{"data":"Corpse Explosion","floor":11,"key":"SMITH"},{"data":"Caltrops","floor":15,"key":"SMITH"},{"floor":24,"key":"DIG"},{"data":"Catalyst","floor":29,"key":"SMITH"},{"floor":32,"key":"DIG"}],"neow_cost":"","seed_source_timestamp":185398396261291,"circlet_count":0,"master_deck":["Defend_G","Defend_G","Defend_G","Defend_G","Defend_G","Strike_G","Strike_G","Strike_G","Survivor","Neutralize","AscendersBane","Caltrops+1","Dagger Spray+1","PiercingWail","Leg Sweep+1","Corpse Explosion+1","Prepared","Prepared","Neutralize","Adrenaline","Deadly Poison+1","Caltrops","Blur","Catalyst+1","Deadly Poison","Malaise","Calculated Gamble+1","Heel Hook+1"],"relics":["Ring of the Snake","Shuriken","Pantograph","Cursed Key","Omamori","Shovel","The Specimen","Dream Catcher","Orichalcum","Ninja Scroll","Girya","Sozu"],"potions_floor_usage":[16,23,23,30,31,33,39],"damage_taken":[{"damage":2,"enemies":"Jaw Worm","floor":1,"turns":5},{"damage":0,"enemies":"Small Slimes","floor":2,"turns":4},{"damage":9,"enemies":"Cultist","floor":5,"turns":5},{"damage":0,"enemies":"Blue Slaver","floor":7,"turns":6},{"damage":3,"enemies":"Red Slaver","floor":10,"turns":5},{"damage":11,"enemies":"Looter","floor":12,"turns":3},{"damage":0,"enemies":"2 Fungi Beasts","floor":13,"turns":2},{"damage":18,"enemies":"The Guardian","floor":16,"turns":10},{"damage":3,"enemies":"Chosen","floor":18,"turns":6},{"damage":0,"enemies":"3 Byrds","floor":20,"turns":1},{"damage":0,"enemies":"Snake Plant","floor":21,"turns":4},{"damage":0,"enemies":"Gremlin Leader","floor":23,"turns":6},{"damage":0,"enemies":"3 Cultists","floor":25,"turns":2},{"damage":20,"enemies":"Book of Stabbing","floor":28,"turns":6},{"damage":8,"enemies":"Centurion and Healer","floor":30,"turns":3},{"damage":0,"enemies":"Snake Plant","floor":31,"turns":3},{"damage":33,"enemies":"Collector","floor":33,"turns":7},{"damage":26,"enemies":"Flame Bruiser 1 Orb","floor":35,"turns":5},{"damage":7,"enemies":"3 Darklings","floor":37,"turns":2},{"damage":48,"enemies":"Transient","floor":39,"turns":5}],"seed_played":"-4805624729155129986","potions_obtained":[{"floor":1,"key":"SkillPotion"},{"floor":7,"key":"Poison Potion"},{"floor":10,"key":"SteroidPotion"},{"floor":20,"key":"Fire Potion"},{"floor":23,"key":"EssenceOfSteel"},{"floor":28,"key":"Fire Potion"},{"floor":33,"key":"AttackPotion"}],"is_trial":false,"path_per_floor":["M","M","$","?","M","R","M","R","T","M","R","M","M","?","R","B",null,"M","$","M","M","?","E","R","M","T","T","E","R","M","M","R","B",null,"M","$","M","?"],"character_chosen":"THE_SILENT","items_purchased":["PiercingWail","Caltrops"],"campfire_rested":0,"item_purchase_floors":[3,19],"current_hp_per_floor":[61,61,61,61,52,52,52,52,52,49,49,38,38,38,38,45,64,61,61,61,61,61,61,61,61,61,61,41,41,33,33,33,25,59,33,33,26,26,0],"gold":174,"neow_bonus":"","is_prod":false,"is_daily":false,"chose_seed":false,"campfire_upgraded":5,"win_rate":0,"timestamp":1534880932,"path_taken":["M","M","$","?","M","R","M","R","T","M","R","M","?","?","R","BOSS","M","$","M","M","?","E","R","M","T","?","E","R","M","M","R","BOSS","M","$","M","?","M"],"build_version":"2018-08-16","purchased_purges":3,"victory":false,"max_hp_per_floor":[70,70,70,70,70,70,70,70,70,70,70,70,70,70,70,70,70,70,70,70,70,70,70,70,70,70,70,70,70,70,70,70,70,70,70,70,70,70,70],"card_choices":[{"not_picked":["Blur","Dagger Throw"],"picked":"Caltrops","floor":1},{"not_picked":["Prepared","Slice"],"picked":"Dagger Spray","floor":2},{"not_picked":["Backflip","Cloak And Dagger"],"picked":"Leg Sweep","floor":5},{"not_picked":["Sucker Punch","Underhanded Strike","Blade Dance"],"picked":"SKIP","floor":7},{"not_picked":["Escape Plan","Flying Knee"],"picked":"Corpse Explosion","floor":10},{"not_picked":["Accuracy","Bane"],"picked":"Prepared","floor":12},{"not_picked":["Flechettes","Slice","Underhanded Strike"],"picked":"SKIP","floor":13},{"not_picked":["Venomology","Tools of the Trade"],"picked":"Adrenaline","floor":16},{"not_picked":["Terror","Riddle With Holes+1"],"picked":"Deadly Poison+1","floor":18},{"not_picked":["Deflect","Setup","Outmaneuver"],"picked":"SKIP","floor":20},{"not_picked":["Slice","Flying Knee+1","Accuracy+1"],"picked":"SKIP","floor":21},{"not_picked":["Outmaneuver+1","Prepared","Sucker Punch"],"picked":"SKIP","floor":23},{"not_picked":["Bane+1","Dagger Spray"],"picked":"Blur","floor":25},{"not_picked":["Acrobatics+1","Outmaneuver"],"picked":"Catalyst","floor":28},{"not_picked":["Blade Dance+1","Quick Slash"],"picked":"Die Die Die","floor":30},{"not_picked":["Cloak And Dagger","Masterful Stab"],"picked":"Deadly Poison","floor":31},{"not_picked":["Night Terror","Venomology"],"picked":"Malaise","floor":33},{"not_picked":["Dagger Spray+1","Eviscerate"],"picked":"Calculated Gamble+1","floor":35},{"not_picked":["Blade Dance","Deflect"],"picked":"Heel Hook+1","floor":37}],"player_experience":249079,"relics_obtained":[{"floor":9,"key":"Pantograph"},{"floor":23,"key":"Shovel"},{"floor":24,"key":"The Specimen"},{"floor":26,"key":"Dream Catcher"},{"floor":27,"key":"Orichalcum"},{"floor":28,"key":"Ninja Scroll"},{"floor":32,"key":"Girya"}],"event_choices":[{"event_name":"Big Fish","player_choice":"Box","floor":4,"damage_taken":0},{"event_name":"Match and Keep!","player_choice":"2 cards matched","floor":14,"damage_taken":0},{"event_name":"Addict","player_choice":"Obtained Relic","floor":22,"damage_taken":0},{"event_name":"Falling","player_choice":"Removed Attack","floor":38,"damage_taken":0}],"is_beta":false,"boss_relics":[{"not_picked":["WristBlade","Calling Bell"],"picked":"Cursed Key"},{"not_picked":["Orrery","Empty Cage"],"picked":"Sozu"}],"items_purged_floors":[3,19,36],"is_endless":false,"potions_floor_spawned":[1,7,10,20,23,28,33],"killed_by":"Transient","ascension_level":10}