{"gold_per_floor":[111,127,145,145,22,22,55,70,95,111,111,111,32,44,44,44],"floor_reached":16,"playtime":576,"items_purged":["Strike_R"],"score":173,"play_id":"6b7650ae-0d90-41c4-a67e-b15199bc599d","local_time":"20190419133336","is_ascension_mode":true,"campfire_choices":[{"data":"Bash","floor":6,"key":"SMITH"},{"floor":11,"key":"REST"},{"floor":15,"key":"REST"}],"neow_cost":"NONE","seed_source_timestamp":620721119814600,"circlet_count":0,"master_deck":["AscendersBane","Strike_R","Strike_R","Strike_R","Strike_R","Defend_R","Defend_R+1","Defend_R","Defend_R","Bash+1","Rampage","Iron Wave+1","Shrug It Off","Uppercut","Disarm","Ghostly Armor"],"relics":["Burning Blood","Juzu Bracelet","Bronze Scales","Du-Vu Doll"],"potions_floor_usage":[7,8,10],"damage_taken":[{"damage":5,"enemies":"Cultist","floor":1,"turns":5},{"damage":3,"enemies":"2 Louse","floor":2,"turns":4},{"damage":4,"enemies":"Jaw Worm","floor":3,"turns":4},{"damage":25,"enemies":"Lagavulin","floor":7,"turns":6},{"damage":41,"enemies":"Gremlin Gang","floor":8,"turns":6},{"damage":10,"enemies":"Exordium Thugs","floor":10,"turns":4},{"damage":20,"enemies":"Exordium Wildlife","floor":14,"turns":4},{"damage":44,"enemies":"Hexaghost","floor":16,"turns":10}],"seed_played":"7594395923782389269","potions_obtained":[{"floor":1,"key":"PowerPotion"},{"floor":2,"key":"LiquidBronze"},{"floor":8,"key":"SteroidPotion"}],"is_trial":false,"path_per_floor":["M","M","M","?","$","R","E","M","T","M","R","T","$","M","R","B"],"character_chosen":"IRONCLAD","items_purchased":["Shrug It Off","Disarm"],"campfire_rested":2,"item_purchase_floors":[5,13],"current_hp_per_floor":[76,79,81,65,65,65,46,11,11,7,31,31,31,17,41,0],"gold":44,"neow_bonus":"TEN_PERCENT_HP_BONUS","is_prod":false,"is_daily":false,"chose_seed":false,"campfire_upgraded":1,"win_rate":0,"timestamp":1555670016,"path_taken":["M","?","M","?","$","R","E","M","T","M","R","?","$","M","R","BOSS"],"build_version":"2019-01-23","purchased_purges":1,"victory":false,"max_hp_per_floor":[82,82,82,82,82,82,82,82,82,82,82,82,82,82,82,82],"card_choices":[{"not_picked":["Sentinel","Searing Blow","Anger"],"picked":"SKIP","floor":1},{"not_picked":["Sword Boomerang","Metallicize"],"picked":"Rampage","floor":2},{"not_picked":["Heavy Blade","Sword Boomerang"],"picked":"Iron Wave","floor":3},{"not_picked":["Clash","Bloodletting"],"picked":"Uppercut","floor":7},{"not_picked":["Sentinel","Infernal Blade","Burning Pact"],"picked":"SKIP","floor":8},{"not_picked":["Clash","Evolve","Rage"],"picked":"SKIP","floor":10},{"not_picked":["Corruption","Rage"],"picked":"Ghostly Armor","floor":14}],"player_experience":303714,"relics_obtained":[{"floor":7,"key":"Juzu Bracelet"},{"floor":9,"key":"Bronze Scales"},{"floor":12,"key":"Du-Vu Doll"}],"event_choices":[{"damage_healed":0,"gold_gain":0,"player_choice":"Entered Light","damage_taken":16,"max_hp_gain":0,"max_hp_loss":0,"event_name":"Shining Light","floor":4,"gold_loss":0,"cards_upgraded":["Iron Wave","Defend_R"]}],"is_beta":false,"boss_relics":[],"items_purged_floors":[5],"is_endless":false,"potions_floor_spawned":[1,2,8],"killed_by":"Hexaghost","ascension_level":14}