{"gold_per_floor":[119,130,130,144,144,144,177,189,283,323,335,359,401,39,39,116,116,136,136,136,136],"floor_reached":21,"playtime":684,"items_purged":["Strike_R"],"score":341,"play_id":"cfa1bc88-8323-4b5d-8daf-0b3a09ce27b6","local_time":"20190317174651","is_ascension_mode":true,"campfire_choices":[{"data":"Bludgeon","floor":6,"key":"SMITH"},{"floor":8,"key":"REST"},{"data":"Bash","floor":15,"key":"SMITH"}],"neow_cost":"TEN_PERCENT_HP_LOSS","seed_source_timestamp":8978856376400,"circlet_count":0,"master_deck":["AscendersBane","Strike_R+1","Strike_R","Strike_R","Strike_R","Defend_R","Defend_R+1","Defend_R","Defend_R","Bash+1","Bludgeon+1","Dropkick","Rage","Evolve","Dropkick","Shrug It Off","Double Tap","Feel No Pain","Corruption"],"relics":["Burning Blood","MawBank","Mercury Hourglass","Anchor","Paper Frog","Ornamental Fan","Runic Dome","Enchiridion"],"potions_floor_usage":[10,16,16,16,21],"damage_taken":[{"damage":18,"enemies":"Small Slimes","floor":1,"turns":3},{"damage":14,"enemies":"2 Louse","floor":2,"turns":3},{"damage":0,"enemies":"Jaw Worm","floor":4,"turns":3},{"damage":32,"enemies":"Gremlin Nob","floor":7,"turns":4},{"damage":20,"enemies":"Lagavulin","floor":10,"turns":5},{"damage":0,"enemies":"2 Fungi Beasts","floor":12,"turns":3},{"damage":34,"enemies":"Gremlin Nob","floor":13,"turns":5},{"damage":12,"enemies":"The Guardian","floor":16,"turns":9},{"damage":6,"enemies":"3 Byrds","floor":18,"turns":5},{"damage":23,"enemies":"Colosseum Slavers","floor":21,"turns":5},{"damage":17,"enemies":"Colosseum Nobs","floor":21,"turns":2}],"seed_played":"1054515477453242192","potions_obtained":[{"floor":2,"key":"Dexterity Potion"},{"floor":7,"key":"SpeedPotion"},{"floor":13,"key":"EntropicBrew"}],"is_trial":false,"path_per_floor":["M","M","?","M","?","R","E","R","T","E","?","M","E","$","R","B",null,"M","?","?","?"],"character_chosen":"IRONCLAD","items_purchased":["Ornamental Fan","Shrug It Off"],"campfire_rested":1,"item_purchase_floors":[14,14],"current_hp_per_floor":[56,48,28,34,56,56,30,50,50,36,36,42,14,14,14,8,53,53,32,32,0],"gold":136,"neow_bonus":"THREE_RARE_CARDS","is_prod":false,"is_daily":false,"chose_seed":false,"campfire_upgraded":2,"win_rate":0,"timestamp":1552816011,"path_taken":["M","M","?","M","?","R","E","R","T","E","?","M","E","$","R","BOSS","M","?","?","?"],"build_version":"2019-01-23","purchased_purges":1,"victory":false,"max_hp_per_floor":[68,68,68,68,68,68,68,68,68,68,68,68,68,68,68,68,68,68,68,68,68],"card_choices":[{"not_picked":["Double Tap","Exhume"],"picked":"Bludgeon","floor":0},{"not_picked":["Perfected Strike","Fire Breathing","Havoc"],"picked":"SKIP","floor":1},{"not_picked":["True Grit","Clothesline"],"picked":"Dropkick","floor":2},{"not_picked":["Anger","Armaments","Hemokinesis"],"picked":"SKIP","floor":4},{"not_picked":["Cleave","Headbutt","Thunderclap"],"picked":"SKIP","floor":7},{"not_picked":["Cleave","Headbutt","Thunderclap"],"picked":"SKIP","floor":7},{"not_picked":["Demon Form","Inflame"],"picked":"Rage","floor":10},{"not_picked":["Anger","Headbutt"],"picked":"Evolve","floor":12},{"not_picked":["Havoc","Sword Boomerang"],"picked":"Dropkick","floor":13},{"not_picked":["Barricade","Demon Form"],"picked":"Double Tap","floor":16},{"not_picked":["Warcry","Shrug It Off"],"picked":"Feel No Pain","floor":18}],"player_experience":2849986,"relics_obtained":[{"floor":7,"key":"MawBank"},{"floor":9,"key":"Mercury Hourglass"},{"floor":10,"key":"Anchor"},{"floor":13,"key":"Paper Frog"},{"floor":19,"key":"Enchiridion"}],"event_choices":[{"damage_healed":0,"gold_gain":0,"player_choice":"Entered Light","damage_taken":20,"max_hp_gain":0,"max_hp_loss":0,"event_name":"Shining Light","floor":3,"gold_loss":0,"cards_upgraded":["Strike_R","Defend_R"]},{"damage_healed":22,"gold_gain":0,"player_choice":"Banana","damage_taken":0,"max_hp_gain":0,"max_hp_loss":0,"event_name":"Big Fish","floor":5,"gold_loss":0},{"damage_healed":0,"gold_gain":0,"player_choice":"Ignored","damage_taken":0,"max_hp_gain":0,"max_hp_loss":0,"event_name":"Liars Game","floor":11,"gold_loss":0},{"damage_healed":0,"gold_gain":0,"player_choice":"Obtained Book","damage_taken":21,"max_hp_gain":0,"max_hp_loss":0,"event_name":"Cursed Tome","floor":19,"gold_loss":0},{"damage_healed":0,"gold_gain":0,"player_choice":"Read","damage_taken":0,"max_hp_gain":0,"max_hp_loss":0,"event_name":"The Library","floor":20,"gold_loss":0,"cards_obtained":["Corruption"]},{"damage_healed":0,"gold_gain":0,"player_choice":"Fight","damage_taken":0,"max_hp_gain":0,"max_hp_loss":0,"event_name":"Colosseum","floor":21,"gold_loss":0},{"damage_healed":0,"gold_gain":0,"player_choice":"Fought Nobs","damage_taken":0,"max_hp_gain":0,"max_hp_loss":0,"event_name":"Colosseum","floor":21,"gold_loss":0}],"is_beta":false,"boss_relics":[{"not_picked":["Astrolabe","Black Star"],"picked":"Runic Dome"}],"items_purged_floors":[14],"is_endless":false,"potions_floor_spawned":[2,7,13,21],"killed_by":"Colosseum Nobs","ascension_level":15}