{"gold_per_floor":[117,134,153,203,222,222,247,247,247,247,247,77,109,109,109,180,180,198,398,79,89,103,103,116,148,194,227,244,277,277,293,293,366,366,379,392,441,441,70,98,98,130,153,178,10,10,44,61,61,61],"floor_reached":51,"playtime":2603,"items_purged":["Strike_R","Strike_R","Strike_R","Strike_R"],"score":1679,"play_id":"480ef9d5-6964-4f27-b3db-92a6230ebac1","local_time":"20190422115938","is_ascension_mode":true,"campfire_choices":[{"data":"Bash","floor":6.0,"key":"SMITH"},{"data":"Inflame","floor":8.0,"key":"SMITH"},{"data":"True Grit","floor":10.0,"key":"SMITH"},{"data":"Flame Barrier","floor":15.0,"key":"SMITH"},{"data":"Armaments","floor":23.0,"key":"SMITH"},{"data":"Demon Form","floor":30,"key":"SMITH"},{"data":"Corruption","floor":32,"key":"SMITH"},{"data":"Limit Break","floor":46,"key":"SMITH"},{"data":"Feel No Pain","floor":49,"key":"SMITH"}],"neow_cost":"NONE","seed_source_timestamp":10996730000608,"circlet_count":0,"master_deck":["AscendersBane","Strike_R","Defend_R","Defend_R","Defend_R","Defend_R","Bash+1","True Grit+1","Pommel Strike","Inflame+1","Headbutt","Battle Trance","Flame Barrier+1","Impervious","Feed","Intimidate","Corruption+1","Armaments+1","Anger","Demon Form+1","Pummel","Limit Break+1","Rage","Seeing Red","Feel No Pain+1","Finesse","Shrug It Off"],"special_seed":0,"relics":["Burning Blood","Ancient Tea Set","Smiling Mask","Darkstone Periapt","Incense Burner","Gremlin Horn","Runic Pyramid","Centennial Puzzle","Pocketwatch","Bag of Marbles","Anchor","Bottled Lightning","Lizard Tail","Gambling Chip","Omamori","Matryoshka","Lantern","Bottled Tornado","The Courier","Ornamental Fan","Art of War","Mercury Hourglass","Oddly Smooth Stone","Paper Frog"],"potions_floor_usage":[50],"damage_taken":[{"damage":4.0,"enemies":"Small Slimes","floor":1.0,"turns":4.0},{"damage":1.0,"enemies":"Cultist","floor":2.0,"turns":3.0},{"damage":8.0,"enemies":"2 Louse","floor":3.0,"turns":3.0},{"damage":25.0,"enemies":"Exordium Thugs","floor":5.0,"turns":5.0},{"damage":32.0,"enemies":"Gremlin Nob","floor":7.0,"turns":4.0},{"damage":13.0,"enemies":"3 Sentries","floor":13.0,"turns":7.0},{"damage":14.0,"enemies":"The Guardian","floor":16.0,"turns":12.0},{"damage":2.0,"enemies":"3 Byrds","floor":18.0,"turns":5.0},{"damage":4.0,"enemies":"Chosen","floor":21.0,"turns":7.0},{"damage":6.0,"enemies":"3 Cultists","floor":22.0,"turns":6.0},{"damage":1.0,"enemies":"Snecko","floor":24.0,"turns":5.0},{"damage":25.0,"enemies":"Book of Stabbing","floor":25.0,"turns":5.0},{"damage":0.0,"enemies":"Gremlin Leader","floor":27.0,"turns":6.0},{"damage":2.0,"enemies":"Centurion and Healer","floor":28.0,"turns":6.0},{"damage":1.0,"enemies":"Slavers","floor":29.0,"turns":5.0},{"damage":1,"enemies":"Cultist and Chosen","floor":31,"turns":6},{"damage":47,"enemies":"Champ","floor":33,"turns":11},{"damage":0,"enemies":"Orb Walker","floor":35,"turns":4},{"damage":6,"enemies":"3 Darklings","floor":36,"turns":5},{"damage":30,"enemies":"2 Orb Walkers","floor":37,"turns":5},{"damage":2,"enemies":"Nemesis","floor":40,"turns":9},{"damage":3,"enemies":"Giant Head","floor":42,"turns":7},{"damage":0,"enemies":"Nemesis","floor":44,"turns":5},{"damage":9,"enemies":"Reptomancer","floor":47,"turns":6},{"damage":1,"enemies":"Sphere and 2 Shapes","floor":48,"turns":4},{"damage":22,"enemies":"Time Eater","floor":50,"turns":6}],"seed_played":"-7224022187295758643","potions_obtained":[{"floor":2.0,"key":"Poison Potion"},{"floor":5.0,"key":"BloodPotion"},{"floor":13.0,"key":"Block Potion"},{"floor":16.0,"key":"Strength Potion"},{"floor":21.0,"key":"Poison Potion"},{"floor":24.0,"key":"Regen Potion"},{"floor":27.0,"key":"Strength Potion"},{"floor":48,"key":"AttackPotion"}],"is_trial":false,"path_per_floor":["M","M","M","?","M","R","E","R","T","R","?","$","E","?","R","B",null,"M","?","$","M","M","R","M","E","T","E","M","E","R","M","R","B",null,"M","M","?","?","$","E","T","E","T","E","$","R","E","M","R","B",null],"character_chosen":"IRONCLAD","items_purchased":["Flame Barrier","Strength Potion","Corruption","Armaments","Centennial Puzzle","Feel No Pain","Omamori","Finesse","Oddly Smooth Stone"],"campfire_rested":0,"item_purchase_floors":[12,12,20,20,20,39,39,39,45],"current_hp_per_floor":[70,75,73,73,54,54,28,28,28,28,28,28,21,26,26,18,65,72,72,72,78,82,82,91,76,76,86,94,103,103,112,112,75,108,117,121,101,101,101,109,109,112,112,121,121,121,122,130,130,119],"gold":61,"neow_bonus":"RANDOM_COMMON_RELIC","is_prod":false,"is_daily":false,"chose_seed":false,"campfire_upgraded":9,"win_rate":0,"timestamp":1555959578,"path_taken":["M","M","M","?","?","R","E","R","T","R","?","?","E","?","R","BOSS","M","?","$","M","M","R","?","E","T","E","M","E","R","M","R","BOSS","M","M","?","?","$","E","?","E","T","E","?","R","E","M","R","BOSS"],"build_version":"2019-01-23","purchased_purges":4,"victory":true,"max_hp_per_floor":[75,75,75,75,75,75,75,75,75,75,75,75,75,80,80,80,80,83,83,83,87,91,91,95,99,99,103,107,111,111,115,115,119,119,122,126,130,130,130,134,134,134,134,137,137,137,141,144,144,144],"card_choices":[{"not_picked":["Havoc","Flex"],"picked":"True Grit","floor":1.0},{"not_picked":["Cleave","Pummel"],"picked":"Pommel Strike","floor":2.0},{"not_picked":["Cleave","Sword Boomerang"],"picked":"Inflame","floor":3.0},{"not_picked":["Wild Strike","Dark Embrace"],"picked":"Headbutt","floor":5.0},{"not_picked":["Ghostly Armor","Blood for Blood"],"picked":"Battle Trance","floor":7.0},{"not_picked":["Sword Boomerang","Spot Weakness"],"picked":"Impervious","floor":13.0},{"not_picked":["Exhume","Immolate"],"picked":"Feed","floor":16.0},{"not_picked":["Flex","Body Slam"],"picked":"Intimidate","floor":18.0},{"not_picked":["Armaments","Dropkick","Perfected Strike"],"picked":"SKIP","floor":21.0},{"not_picked":["Sword Boomerang","Seeing Red"],"picked":"Anger","floor":22.0},{"not_picked":["Clothesline","Wild Strike+1","Bludgeon"],"picked":"SKIP","floor":24.0},{"not_picked":["Dual Wield","Wild Strike","Havoc+1"],"picked":"SKIP","floor":25.0},{"not_picked":["Entrench","Rage"],"picked":"Demon Form","floor":27.0},{"not_picked":["Ghostly Armor+1","Armaments"],"picked":"Pummel","floor":28.0},{"not_picked":["Inflame","Offering","Anger+1"],"picked":"SKIP","floor":29},{"not_picked":["Pommel Strike","Iron Wave","Clash"],"picked":"SKIP","floor":31},{"not_picked":["Exhume","Offering"],"picked":"Limit Break","floor":33},{"not_picked":["Whirlwind","Perfected Strike","Armaments"],"picked":"SKIP","floor":35},{"not_picked":["Twin Strike","Body Slam"],"picked":"Rage","floor":36},{"not_picked":["Anger","Wild Strike+1"],"picked":"Seeing Red","floor":37},{"not_picked":["Sword Boomerang","Intimidate+1"],"picked":"Shrug It Off","floor":40},{"not_picked":["Pommel Strike","Warcry","Infernal Blade"],"picked":"SKIP","floor":42},{"not_picked":["Power Through+1","Bludgeon","Sentinel"],"picked":"SKIP","floor":44},{"not_picked":["True Grit","Hemokinesis+1","Inflame"],"picked":"SKIP","floor":47},{"not_picked":["Clash+1","Spot Weakness+1","Armaments"],"picked":"SKIP","floor":48}],"player_experience":2488203,"relics_obtained":[{"floor":7.0,"key":"Smiling Mask"},{"floor":9.0,"key":"Darkstone Periapt"},{"floor":13.0,"key":"Gremlin Horn"},{"floor":25.0,"key":"Pocketwatch"},{"floor":26.0,"key":"Bag of Marbles"},{"floor":27.0,"key":"Anchor"},{"floor":29,"key":"Bottled Lightning"},{"floor":37,"key":"Gambling Chip"},{"floor":40,"key":"Matryoshka"},{"floor":41,"key":"Lantern"},{"floor":41,"key":"Bottled Tornado"},{"floor":42,"key":"The Courier"},{"floor":43,"key":"Ornamental Fan"},{"floor":43,"key":"Art of War"},{"floor":44,"key":"Mercury Hourglass"},{"floor":47,"key":"Paper Frog"}],"event_choices":[{"damage_healed":0.0,"max_hp_gain":0.0,"max_hp_loss":0.0,"gold_gain":50.0,"event_name":"Golden Shrine","player_choice":"Pray","floor":4.0,"gold_loss":0.0,"damage_taken":0.0},{"damage_healed":0.0,"max_hp_gain":0.0,"max_hp_loss":0.0,"gold_gain":0.0,"event_name":"WeMeetAgain","player_choice":"Gave Potion","floor":11.0,"gold_loss":0.0,"damage_taken":0.0,"relics_obtained":["Incense Burner"]},{"damage_healed":0.0,"max_hp_gain":5.0,"max_hp_loss":0.0,"gold_gain":0.0,"event_name":"Big Fish","player_choice":"Donut","floor":14.0,"gold_loss":0.0,"damage_taken":0.0},{"damage_healed":0.0,"max_hp_gain":0.0,"max_hp_loss":0.0,"gold_gain":250.0,"event_name":"The Joust","player_choice":"Bet on Owner","floor":19.0,"gold_loss":50.0,"damage_taken":0.0},{"damage_healed":0,"gold_gain":0,"player_choice":"Fight","damage_taken":0,"max_hp_gain":0,"max_hp_loss":0,"event_name":"Mysterious Sphere","floor":37,"gold_loss":0},{"damage_healed":0,"gold_gain":0,"player_choice":"Ignored","damage_taken":0,"max_hp_gain":0,"max_hp_loss":0,"event_name":"Tomb of Lord Red Mask","floor":38,"gold_loss":0}],"is_beta":false,"boss_relics":[{"not_picked":["Mark of Pain","Tiny House"],"picked":"Runic Pyramid"},{"not_picked":["Black Blood","Snecko Eye"],"picked":"Lizard Tail"}],"items_purged_floors":[12,20,39,45],"is_endless":false,"potions_floor_spawned":[2,5,13,16,21,24,27,28,35,42,47,48],"ascension_level":15}