{"gold_per_floor":[12,12,28,39,59,85,85,85,140,140,156,156,171,171],"floor_reached":14,"playtime":459,"items_purged":[],"score":184,"play_id":"72495edc-ffdb-439f-adde-f6cf0fb61352","local_time":"20181215234530","is_ascension_mode":true,"campfire_choices":[{"floor":7.0,"key":"REST"},{"data":"Riddle With Holes","floor":10.0,"key":"SMITH"},{"data":"Flying Knee","floor":12.0,"key":"SMITH"}],"neow_cost":"NO_GOLD","seed_source_timestamp":25947964525396,"circlet_count":0,"master_deck":["AscendersBane","Defend_G","Defend_G","Defend_G","Defend_G","Defend_G","Strike_G","Strike_G","Strike_G","Strike_G","Strike_G","Survivor","Neutralize","Riddle With Holes+1","Escape Plan","Flying Knee+1","Quick Slash+1","Dagger Spray+1"],"special_seed":0,"relics":["Ring of the Snake","Turnip","Molten Egg 2","Art of War"],"potions_floor_usage":[14],"damage_taken":[{"damage":6.0,"enemies":"Jaw Worm","floor":1.0,"turns":8.0},{"damage":0.0,"enemies":"Small Slimes","floor":3.0,"turns":5.0},{"damage":2.0,"enemies":"2 Louse","floor":4.0,"turns":4.0},{"damage":0.0,"enemies":"Looter","floor":5.0,"turns":4.0},{"damage":50.0,"enemies":"Gremlin Nob","floor":6.0,"turns":5.0},{"damage":7.0,"enemies":"3 Louse","floor":11.0,"turns":4.0},{"damage":1.0,"enemies":"2 Fungi Beasts","floor":13.0,"turns":3.0},{"damage":19,"enemies":"3 Sentries","floor":14,"turns":6}],"seed_played":"437447256703664049","potions_obtained":[{"floor":1.0,"key":"GamblersBrew"},{"floor":11.0,"key":"Weak Potion"}],"is_trial":false,"path_per_floor":["M","?","M","M","M","E","R","?","T","R","M","R","M","E"],"character_chosen":"THE_SILENT","items_purchased":[],"campfire_rested":1,"item_purchase_floors":[],"current_hp_per_floor":[53,58,58,56,56,6,27,27,27,27,20,20,19,0],"gold":171,"neow_bonus":"ONE_RARE_RELIC","is_prod":false,"is_daily":false,"chose_seed":false,"campfire_upgraded":2,"win_rate":0,"timestamp":1544888730,"path_taken":["M","?","M","M","M","E","R","?","T","R","M","R","?","E"],"build_version":"2018-12-13","purchased_purges":0,"victory":false,"max_hp_per_floor":[66,71,71,71,71,71,71,71,71,71,71,71,71,71],"card_choices":[{"not_picked":["Caltrops","Prepared"],"picked":"Riddle With Holes","floor":1.0},{"not_picked":["Bane","Caltrops","Choke"],"picked":"SKIP","floor":3.0},{"not_picked":["Acrobatics","Caltrops","Escape Plan"],"picked":"SKIP","floor":4.0},{"not_picked":["Acrobatics","Caltrops"],"picked":"Escape Plan","floor":4.0},{"not_picked":["Bane","Finisher"],"picked":"Flying Knee","floor":5.0},{"not_picked":["PiercingWail","Distraction","Blade Dance"],"picked":"SKIP","floor":6.0},{"not_picked":["Slice+1","Poisoned Stab+1"],"picked":"Quick Slash+1","floor":11.0},{"not_picked":["Dodge and Roll","All Out Attack+1"],"picked":"Dagger Spray+1","floor":13.0}],"player_experience":2399750,"relics_obtained":[{"floor":6.0,"key":"Molten Egg 2"},{"floor":9.0,"key":"Art of War"}],"event_choices":[{"damage_healed":0.0,"max_hp_gain":5.0,"max_hp_loss":0.0,"gold_gain":0.0,"event_name":"Big Fish","player_choice":"Donut","floor":2.0,"gold_loss":0.0,"damage_taken":0.0},{"damage_healed":0.0,"max_hp_gain":0.0,"max_hp_loss":0.0,"gold_gain":0.0,"event_name":"Dead Adventurer","player_choice":"Searched \u00270\u0027 times","floor":8.0,"gold_loss":0.0,"damage_taken":0.0}],"is_beta":false,"boss_relics":[],"items_purged_floors":[],"is_endless":false,"potions_floor_spawned":[1,11],"killed_by":"3 Sentries","ascension_level":20}