{"gold_per_floor":[119,13,13,13,13,13,45,45,122,122,140,152,184,184,184,263,263,237,256,256,256,256,256,256],"floor_reached":24,"playtime":907,"items_purged":[],"score":425,"play_id":"e75d6247-d085-4606-a168-27d76e1ad10b","local_time":"20190321170529","is_ascension_mode":true,"campfire_choices":[{"data":"Bash","floor":6,"key":"SMITH"},{"floor":8,"key":"REST"},{"data":"Wild Strike","floor":10,"key":"SMITH"},{"floor":15,"key":"REST"},{"floor":23,"key":"REST"}],"neow_cost":"PERCENT_DAMAGE","seed_source_timestamp":127802320197400,"circlet_count":0,"master_deck":["AscendersBane","Defend_R","Defend_R","Defend_R","Bash+1","Shrug It Off","Shrug It Off","True Grit+1","Wild Strike+1","Pommel Strike","Demon Form","Reaper","Sword Boomerang","Bite","Bite","Bite","Bite","Bite","RitualDagger"],"relics":["Burning Blood","Darkstone Periapt","Mummified Hand","Turnip","Fusion Hammer"],"potions_floor_usage":[13,24],"damage_taken":[{"damage":7,"enemies":"Jaw Worm","floor":1,"turns":3},{"damage":49,"enemies":"3 Sentries","floor":7,"turns":17},{"damage":2,"enemies":"2 Louse","floor":11,"turns":3},{"damage":1,"enemies":"Cultist","floor":12,"turns":3},{"damage":18,"enemies":"Lagavulin","floor":13,"turns":7},{"damage":41,"enemies":"Slime Boss","floor":16,"turns":8},{"damage":14,"enemies":"2 Thieves","floor":18,"turns":4},{"damage":30,"enemies":"Chosen","floor":19,"turns":5},{"damage":73,"enemies":"Slavers","floor":24,"turns":4}],"seed_played":"-6690068392785232066","potions_obtained":[{"floor":12,"key":"EssenceOfSteel"},{"floor":16,"key":"Explosive Potion"}],"is_trial":false,"path_per_floor":["M","$","?","?","$","R","E","R","T","R","M","M","E","?","R","B",null,"M","M","?","?","?","R","E"],"character_chosen":"IRONCLAD","items_purchased":["Shrug It Off","True Grit"],"campfire_rested":3,"item_purchase_floors":[2,2],"current_hp_per_floor":[63,63,63,56,56,56,13,39,39,39,43,48,36,36,62,27,74,76,64,64,62,56,62,0],"gold":256,"neow_bonus":"TWENTY_PERCENT_HP_BONUS","is_prod":false,"is_daily":false,"chose_seed":false,"campfire_upgraded":2,"win_rate":0,"timestamp":1553187929,"path_taken":["M","$","?","?","?","R","E","R","T","R","M","?","E","?","R","BOSS","M","?","?","?","?","R","E"],"build_version":"2019-01-23","purchased_purges":0,"victory":false,"max_hp_per_floor":[89,89,89,89,89,89,89,89,89,89,89,89,89,89,89,89,89,89,89,89,62,62,62,62],"card_choices":[{"not_picked":["Flex","Rampage"],"picked":"Shrug It Off","floor":1},{"not_picked":["Body Slam","True Grit"],"picked":"Wild Strike","floor":7},{"not_picked":["Feel No Pain","Sever Soul"],"picked":"Pommel Strike","floor":11},{"not_picked":["Sword Boomerang","Armaments","Wild Strike"],"picked":"SKIP","floor":12},{"not_picked":["Evolve","Flame Barrier"],"picked":"Demon Form","floor":13},{"not_picked":["Fiend Fire","Limit Break"],"picked":"Reaper","floor":16},{"not_picked":["Iron Wave","Anger"],"picked":"Sword Boomerang","floor":18},{"not_picked":["Blood for Blood","Clash","Anger"],"picked":"SKIP","floor":19}],"player_experience":2292519,"relics_obtained":[{"floor":7,"key":"Darkstone Periapt"},{"floor":9,"key":"Mummified Hand"},{"floor":13,"key":"Turnip"}],"event_choices":[{"damage_healed":0,"gold_gain":0,"player_choice":"Ignored","damage_taken":0,"max_hp_gain":0,"max_hp_loss":0,"event_name":"Liars Game","floor":3,"gold_loss":0},{"cards_removed":["Defend_R"],"damage_healed":0,"gold_gain":0,"player_choice":"Card Removal","damage_taken":7,"max_hp_gain":0,"max_hp_loss":0,"event_name":"Golden Wing","floor":4,"gold_loss":0},{"damage_healed":0,"gold_gain":0,"player_choice":"Upgraded","damage_taken":0,"max_hp_gain":0,"max_hp_loss":0,"event_name":"Upgrade Shrine","floor":14,"gold_loss":0,"cards_upgraded":["True Grit"]},{"damage_healed":0,"gold_gain":0,"player_choice":"Ignored","damage_taken":0,"max_hp_gain":0,"max_hp_loss":0,"event_name":"Ghosts","floor":20,"gold_loss":0},{"damage_healed":0,"gold_gain":0,"player_choice":"Became a vampire","damage_taken":0,"max_hp_gain":0,"max_hp_loss":27,"event_name":"Vampires","floor":21,"gold_loss":0,"cards_obtained":["Bite","Bite","Bite","Bite","Bite"]},{"damage_healed":0,"gold_gain":0,"player_choice":"Joined the Cult","damage_taken":6,"max_hp_gain":0,"max_hp_loss":0,"event_name":"Nest","floor":22,"gold_loss":0,"cards_obtained":["RitualDagger"]}],"is_beta":false,"boss_relics":[{"not_picked":["Empty Cage","Runic Cube"],"picked":"Fusion Hammer"}],"items_purged_floors":[],"is_endless":false,"potions_floor_spawned":[12,16],"killed_by":"Slavers","ascension_level":20}