{"gold_per_floor":[361,373,373,386,147,181,181,200,200,200,200,234,71,106,106,178,178,189,201,201,201,201,201,213,213,213,231,264,280,291,326,326,402,402,416,79,90,90,102,102,134,146,146,173,187,287,303,314,314,314,314,314,314,38,65,65],"floor_reached":57,"playtime":5291,"items_purged":["Strike_R","Strike_R+1"],"score":2773,"play_id":"f39d01cf-7498-42c2-b2cf-959c35609bc5","local_time":"20190414124053","is_ascension_mode":true,"campfire_choices":[{"data":"Bash","floor":7.0,"key":"SMITH"},{"data":"Twin Strike","floor":15.0,"key":"SMITH"},{"floor":23.0,"key":"REST"},{"floor":25.0,"key":"REST"},{"floor":32.0,"key":"REST"},{"data":"Flame Barrier","floor":40,"key":"SMITH"},{"floor":49,"key":"RECALL"},{"data":"Rage","floor":53,"key":"SMITH"}],"neow_cost":"CURSE","seed_source_timestamp":2177468914962400,"circlet_count":0,"master_deck":["AscendersBane","Strike_R+1","Strike_R+1","Defend_R+1","Defend_R+1","Defend_R+1","Defend_R+1","Bash+1","Pommel Strike","Twin Strike+1","Clothesline+1","True Grit","Sword Boomerang+1","Offering","Spot Weakness","Writhe","Flame Barrier+1","Rage+1","Demon Form+1","Feel No Pain+1","Spot Weakness","Limit Break","Limit Break","Burning Pact","Reaper","Shrug It Off","Heavy Blade","Spot Weakness"],"special_seed":0,"relics":["Burning Blood","Red Skull","Bottled Flame","Frozen Egg 2","Blue Candle","PreservedInsect","Nunchaku","Runic Pyramid","Self Forming Clay","Torii","Whetstone","Thread and Needle","Busted Crown","Juzu Bracelet","Pear","Ginger","Bottled Tornado","Incense Burner"],"potions_floor_usage":[51,56],"damage_taken":[{"damage":1.0,"enemies":"2 Louse","floor":1.0,"turns":2.0},{"damage":15.0,"enemies":"Small Slimes","floor":2.0,"turns":4.0},{"damage":6.0,"enemies":"Cultist","floor":4.0,"turns":3.0},{"damage":35.0,"enemies":"3 Sentries","floor":6.0,"turns":6.0},{"damage":6.0,"enemies":"Looter","floor":8.0,"turns":2.0},{"damage":48.0,"enemies":"Lagavulin","floor":12.0,"turns":7.0},{"damage":2.0,"enemies":"Gremlin Nob","floor":14.0,"turns":3.0},{"damage":24.0,"enemies":"The Guardian","floor":16.0,"turns":11.0},{"damage":35.0,"enemies":"Spheric Guardian","floor":18.0,"turns":6.0},{"damage":12.0,"enemies":"3 Byrds","floor":19.0,"turns":5.0},{"damage":24.0,"enemies":"Colosseum Slavers","floor":21.0,"turns":4.0},{"damage":9.0,"enemies":"3 Cultists","floor":24.0,"turns":4.0},{"damage":15.0,"enemies":"Chosen and Byrds","floor":27.0,"turns":5.0},{"damage":24.0,"enemies":"Slavers","floor":28.0,"turns":4.0},{"damage":9.0,"enemies":"Snecko","floor":29.0,"turns":4.0},{"damage":8.0,"enemies":"3 Cultists","floor":30.0,"turns":5.0},{"damage":12.0,"enemies":"Book of Stabbing","floor":31.0,"turns":4.0},{"damage":26.0,"enemies":"Champ","floor":33.0,"turns":9.0},{"damage":1.0,"enemies":"3 Shapes","floor":35.0,"turns":6.0},{"damage":8,"enemies":"Orb Walker","floor":37,"turns":3},{"damage":46,"enemies":"Sphere and 2 Shapes","floor":39,"turns":10},{"damage":7,"enemies":"Giant Head","floor":41,"turns":4},{"damage":38,"enemies":"Writhing Mass","floor":42,"turns":9},{"damage":15,"enemies":"Nemesis","floor":44,"turns":5},{"damage":63,"enemies":"4 Shapes","floor":45,"turns":9},{"damage":7,"enemies":"Mind Bloom Boss Battle","floor":46,"turns":6},{"damage":50,"enemies":"3 Darklings","floor":47,"turns":6},{"damage":36,"enemies":"Maw","floor":48,"turns":9},{"damage":50,"enemies":"Time Eater","floor":50,"turns":8},{"damage":98,"enemies":"Awakened One","floor":51,"turns":8},{"damage":45,"enemies":"Shield and Spear","floor":55,"turns":5},{"damage":60,"enemies":"The Heart","floor":56,"turns":7}],"seed_played":"-5073325156251756529","potions_obtained":[{"floor":1.0,"key":"AttackPotion"},{"floor":4.0,"key":"GamblersBrew"},{"floor":6.0,"key":"Swift Potion"},{"floor":12.0,"key":"Strength Potion"},{"floor":24.0,"key":"PowerPotion"},{"floor":29.0,"key":"Regen Potion"},{"floor":33.0,"key":"PowerPotion"},{"floor":45,"key":"Energy Potion"}],"is_trial":false,"path_per_floor":["M","M","?","M","$","E","R","M","T","?","?","E","$","E","R","B",null,"M","M","?","?","?","R","M","R","T","M","E","M","M","E","R","B",null,"M","$","M","?","M","R","E","M","T","E","M","?","M","M","R","B","B",null,"R","$","E","B",null],"character_chosen":"IRONCLAD","items_purchased":["Red Skull","PreservedInsect","Reaper","Shrug It Off","Block Potion","Bottled Tornado"],"campfire_rested":3,"item_purchase_floors":[5,13,36,36,36,54],"current_hp_per_floor":[73,64,57,57,57,28,28,28,28,5,75,33,33,37,37,19,61,32,26,26,8,8,30,27,49,49,40,22,19,31,25,47,27,63,68,68,66,66,75,75,74,75,75,85,85,85,85,85,85,85,55,78,78,78,83,52],"gold":65,"neow_bonus":"TWO_FIFTY_GOLD","is_prod":false,"is_daily":false,"chose_seed":false,"campfire_upgraded":4,"win_rate":0,"timestamp":1555242053,"path_taken":["M","M","?","M","$","E","R","M","T","?","?","E","$","E","R","BOSS","M","M","?","?","?","R","M","R","T","M","E","M","M","E","R","BOSS","M","$","M","?","M","R","E","M","T","E","M","?","M","M","R","BOSS","BOSS","R","$","E","BOSS"],"build_version":"2019-01-23","purchased_purges":2,"victory":true,"max_hp_per_floor":[75,75,75,75,75,75,75,75,75,75,75,75,75,75,75,75,75,75,75,75,75,75,75,75,75,75,75,75,75,75,75,75,75,75,75,75,75,75,75,75,75,75,75,85,85,85,85,85,85,85,85,85,85,85,85,85],"card_choices":[{"not_picked":["Twin Strike","Perfected Strike"],"picked":"Pommel Strike","floor":1.0},{"not_picked":["Iron Wave","Warcry"],"picked":"Twin Strike","floor":2.0},{"not_picked":["Body Slam","Bloodletting","Intimidate"],"picked":"SKIP","floor":4.0},{"not_picked":["Corruption","Heavy Blade"],"picked":"Clothesline","floor":6.0},{"not_picked":["Warcry","Cleave"],"picked":"Dropkick","floor":8.0},{"not_picked":["Hemokinesis","Cleave"],"picked":"True Grit","floor":12.0},{"not_picked":["Power Through","Ghostly Armor"],"picked":"Sword Boomerang","floor":14.0},{"not_picked":["Impervious","Exhume"],"picked":"Offering","floor":16.0},{"not_picked":["Iron Wave","Pommel Strike","Heavy Blade"],"picked":"SKIP","floor":18.0},{"not_picked":["Headbutt","Power Through"],"picked":"Spot Weakness","floor":19.0},{"not_picked":["Warcry","Flex"],"picked":"Flame Barrier","floor":24.0},{"not_picked":["True Grit","Thunderclap"],"picked":"Rage","floor":27.0},{"not_picked":["Perfected Strike","Wild Strike"],"picked":"Demon Form+1","floor":28.0},{"not_picked":["Armaments","Perfected Strike+1"],"picked":"Feel No Pain+1","floor":29.0},{"not_picked":["True Grit","Wild Strike"],"picked":"Spot Weakness","floor":30.0},{"not_picked":["True Grit","Seeing Red+1"],"picked":"Limit Break","floor":31.0},{"not_picked":["Demon Form+1","Juggernaut+1"],"picked":"Limit Break","floor":33.0},{"not_picked":[],"picked":"Burning Pact","floor":35.0},{"not_picked":["Twin Strike"],"picked":"SKIP","floor":37},{"not_picked":["Havoc"],"picked":"SKIP","floor":39},{"not_picked":["Clash+1"],"picked":"SKIP","floor":41},{"not_picked":[],"picked":"Heavy Blade","floor":42},{"not_picked":["Body Slam"],"picked":"SKIP","floor":44},{"not_picked":["Dropkick"],"picked":"SKIP","floor":45},{"not_picked":["Entrench"],"picked":"SKIP","floor":47},{"not_picked":[],"picked":"Spot Weakness","floor":48},{"not_picked":["Infernal Blade"],"picked":"SKIP","floor":55}],"player_experience":2732102,"relics_obtained":[{"floor":6.0,"key":"Bottled Flame"},{"floor":9.0,"key":"Frozen Egg 2"},{"floor":12.0,"key":"Blue Candle"},{"floor":14.0,"key":"Nunchaku"},{"floor":26.0,"key":"Torii"},{"floor":28.0,"key":"Whetstone"},{"floor":31.0,"key":"Thread and Needle"},{"floor":41,"key":"Juzu Bracelet"},{"floor":44,"key":"Pear"},{"floor":46,"key":"Ginger"},{"floor":55,"key":"Incense Burner"}],"event_choices":[{"cards_removed":["Normality"],"damage_healed":0.0,"max_hp_gain":0.0,"max_hp_loss":0.0,"gold_gain":0.0,"event_name":"Golden Wing","player_choice":"Card Removal","floor":3.0,"gold_loss":0.0,"damage_taken":7.0},{"damage_healed":0.0,"max_hp_gain":0.0,"max_hp_loss":0.0,"gold_gain":0.0,"event_name":"Shining Light","player_choice":"Entered Light","floor":10.0,"gold_loss":0.0,"damage_taken":23.0,"cards_upgraded":["Defend_R","Strike_R"]},{"cards_removed":["Dropkick"],"damage_healed":70.0,"max_hp_gain":0.0,"max_hp_loss":0.0,"gold_gain":0.0,"event_name":"Bonfire Elementals","player_choice":"Offered Uncommon","floor":11.0,"gold_loss":0.0,"damage_taken":0.0},{"damage_healed":0.0,"max_hp_gain":0.0,"max_hp_loss":0.0,"gold_gain":0.0,"event_name":"Back to Basics","player_choice":"Simplicity","floor":20.0,"gold_loss":0.0,"damage_taken":0.0,"cards_upgraded":["Strike_R","Strike_R","Strike_R","Defend_R","Defend_R","Defend_R"]},{"damage_healed":0.0,"max_hp_gain":0.0,"max_hp_loss":0.0,"gold_gain":0.0,"event_name":"Colosseum","player_choice":"Fight","floor":21.0,"gold_loss":0.0,"damage_taken":0.0},{"damage_healed":0.0,"max_hp_gain":0.0,"max_hp_loss":0.0,"gold_gain":0.0,"event_name":"Colosseum","player_choice":"Fled From Nobs","floor":21.0,"gold_loss":0.0,"damage_taken":0.0},{"damage_healed":0.0,"max_hp_gain":0.0,"max_hp_loss":0.0,"gold_gain":0.0,"event_name":"The Mausoleum","player_choice":"Opened","floor":22.0,"gold_loss":0.0,"damage_taken":0.0,"relics_obtained":["Self Forming Clay"],"cards_obtained":["Writhe"]},{"cards_removed":["Strike_R"],"damage_healed":0,"gold_gain":0,"player_choice":"Purged","damage_taken":0,"max_hp_gain":0,"max_hp_loss":0,"event_name":"Purifier","floor":38,"gold_loss":0},{"damage_healed":0,"gold_gain":0,"player_choice":"Fight","damage_taken":0,"max_hp_gain":0,"max_hp_loss":0,"event_name":"MindBloom","floor":46,"gold_loss":0}],"is_beta":false,"boss_relics":[{"not_picked":["Philosopher\u0027s Stone","Lizard Tail"],"picked":"Runic Pyramid"},{"not_picked":["Pandora\u0027s Box","Empty Cage"],"picked":"Busted Crown"}],"items_purged_floors":[5,36],"is_endless":false,"potions_floor_spawned":[1,4,6,12,21,24,29,33,39,41,42,44,45],"ascension_level":20}