{"gold_per_floor":[119,119,119,134,150,150,150,150,225,236,236,269,283,293,293,371,371,388,388,242,242,259,259,287,287,287,322,350,362],"floor_reached":29,"playtime":1513,"items_purged":["Strike_G"],"score":460,"play_id":"ca3b053c-7496-40df-b73c-749977698c06","local_time":"20180824220200","is_ascension_mode":true,"campfire_choices":[{"data":"Neutralize","floor":6,"key":"SMITH"},{"data":"Blur","floor":8,"key":"SMITH"},{"data":"Crippling Poison","floor":11,"key":"SMITH"},{"data":"Dagger Spray","floor":15,"key":"SMITH"},{"data":"A Thousand Cuts","floor":23,"key":"SMITH"},{"data":"Cloak And Dagger","floor":25,"key":"SMITH"}],"neow_cost":"NONE","seed_source_timestamp":17627919672239,"circlet_count":0,"master_deck":["Defend_G","Defend_G","Defend_G","Defend_G","Defend_G","Strike_G","Strike_G","Strike_G","Strike_G","Survivor","Neutralize+1","AscendersBane","Cloak And Dagger+1","Dagger Throw","Blur+1","Crippling Poison+1","Footwork","Dagger Spray+1","A Thousand Cuts+1","Footwork","Cloak And Dagger+1","Footwork+1","Malaise"],"relics":["Ring of the Snake","Gremlin Horn","Snake Skull","Eternal Feather","Vajra","Darkstone Periapt","MawBank"],"potions_floor_usage":[5,16,16,18,24],"damage_taken":[{"damage":0,"enemies":"2 Louse","floor":1,"turns":4},{"damage":0,"enemies":"Small Slimes","floor":4,"turns":3},{"damage":0,"enemies":"Jaw Worm","floor":5,"turns":4},{"damage":0,"enemies":"Blue Slaver","floor":10,"turns":5},{"damage":29,"enemies":"3 Sentries","floor":12,"turns":13},{"damage":7,"enemies":"Exordium Thugs","floor":13,"turns":6},{"damage":5,"enemies":"3 Louse","floor":14,"turns":3},{"damage":10,"enemies":"The Guardian","floor":16,"turns":20},{"damage":23,"enemies":"Spheric Guardian","floor":18,"turns":10},{"damage":0,"enemies":"3 Byrds","floor":22,"turns":4},{"damage":8,"enemies":"Gremlin Leader","floor":24,"turns":9},{"damage":50,"enemies":"Slavers","floor":27,"turns":6},{"damage":1,"enemies":"Centurion and Healer","floor":28,"turns":10},{"damage":5,"enemies":"Book of Stabbing","floor":29,"turns":4}],"seed_played":"-5090574249686091232","potions_obtained":[{"floor":5,"key":"Fruit Juice"},{"floor":13,"key":"SkillPotion"},{"floor":14,"key":"SpeedPotion"},{"floor":16,"key":"Block Potion"},{"floor":22,"key":"AttackPotion"}],"is_trial":false,"path_per_floor":["M","?","?","M","M","R","?","R","T","M","R","E","M","M","R","B",null,"M","?","$","?","M","R","E","R","T","E","M"],"character_chosen":"THE_SILENT","items_purchased":["Footwork"],"campfire_rested":0,"item_purchase_floors":[20],"current_hp_per_floor":[59,59,64,64,69,69,69,69,69,69,69,40,33,28,28,18,62,39,39,39,39,39,51,43,55,55,5,4,0],"gold":362,"neow_bonus":"THREE_CARDS","is_prod":false,"is_daily":false,"chose_seed":false,"campfire_upgraded":6,"win_rate":0,"timestamp":1535173320,"path_taken":["M","?","?","M","?","R","?","R","T","M","R","E","M","M","R","BOSS","M","?","$","?","?","R","E","R","T","E","M","E"],"build_version":"2018-08-23v2","purchased_purges":1,"victory":false,"max_hp_per_floor":[66,66,71,71,76,76,76,76,76,76,76,76,76,76,76,76,76,76,76,76,76,76,76,76,76,76,76,76,76],"card_choices":[{"not_picked":["Backflip","Dodge and Roll"],"picked":"Cloak And Dagger","floor":0},{"not_picked":["Heel Hook","Acrobatics"],"picked":"Dagger Throw","floor":1},{"not_picked":["Quick Slash","Poisoned Stab"],"picked":"Blur","floor":4},{"not_picked":["Backflip","Blade Dance","Underhanded Strike"],"picked":"SKIP","floor":5},{"not_picked":["Choke","Leg Sweep"],"picked":"Crippling Poison","floor":10},{"not_picked":["Bullet Time","Cloak And Dagger"],"picked":"Footwork","floor":12},{"not_picked":["Dodge and Roll","Skewer","Endless Agony"],"picked":"SKIP","floor":13},{"not_picked":["Backflip","Acrobatics"],"picked":"Dagger Spray","floor":14},{"not_picked":["Venomology","After Image"],"picked":"A Thousand Cuts","floor":16},{"not_picked":["Finisher","Calculated Gamble","Underhanded Strike"],"picked":"SKIP","floor":18},{"not_picked":["Reflex","Dodge and Roll"],"picked":"Cloak And Dagger","floor":22},{"not_picked":["Well Laid Plans","Dagger Throw"],"picked":"Footwork+1","floor":24},{"not_picked":["Sucker Punch","Tactician"],"picked":"Malaise","floor":27},{"not_picked":["Sucker Punch","Outmaneuver","Choke"],"picked":"SKIP","floor":28}],"player_experience":1037968,"relics_obtained":[{"floor":9,"key":"Gremlin Horn"},{"floor":12,"key":"Snake Skull"},{"floor":24,"key":"Vajra"},{"floor":26,"key":"Darkstone Periapt"},{"floor":27,"key":"MawBank"}],"event_choices":[{"event_name":"Living Wall","player_choice":"Grow","floor":2,"damage_taken":0},{"event_name":"Big Fish","player_choice":"Donut","floor":3,"damage_taken":0},{"event_name":"Liars Game","player_choice":"disagreed","floor":7,"damage_taken":0},{"event_name":"Cursed Tome","player_choice":"Ignored","floor":19,"damage_taken":0},{"event_name":"Ghosts","player_choice":"Ignored","floor":21,"damage_taken":0}],"is_beta":false,"boss_relics":[{"not_picked":["Philosopher\u0027s Stone","Snecko Eye"],"picked":"Eternal Feather"}],"items_purged_floors":[20],"is_endless":false,"potions_floor_spawned":[5,13,14,16,22],"killed_by":"Book of Stabbing","ascension_level":15}