{"gold_per_floor":[113,63,63,77,92,124,135,152,152,183,194,98,130,141,141,246,246,256,269,193,210,221,221,240,240],"floor_reached":25,"playtime":775,"items_purged":[],"score":355,"play_id":"ee8a70e7-f4c1-4160-97b1-500be5ddf118","local_time":"25620220200954","is_ascension_mode":true,"campfire_choices":[{"floor":15,"key":"REST"},{"floor":23,"key":"REST"}],"neow_cost":"NONE","seed_source_timestamp":14956430176172,"circlet_count":0,"master_deck":["AscendersBane","Strike_B","Strike_B","Strike_B","Defend_B","Defend_B","Defend_B","Defend_B","Zap+1","Dualcast","Loop","Go for the Eyes","Barrage","Gash","Ball Lightning","Force Field","Echo Form","Defragment+1","Sunder","All For One","Gash","Heatsinks+1","White Noise","Hologram+1","Turbo+1","Coolheaded+1"],"relics":["FrozenCore","NeowsBlessing","Shuriken","Ancient Tea Set","Bag of Marbles","Frozen Egg 2"],"potions_floor_usage":[8,10,11,13,16,16,19,22],"damage_taken":[{"damage":0,"enemies":"Jaw Worm","floor":1,"turns":1},{"damage":0,"enemies":"Small Slimes","floor":4,"turns":1},{"damage":0,"enemies":"Cultist","floor":5,"turns":1},{"damage":10,"enemies":"Lagavulin","floor":6,"turns":7},{"damage":15,"enemies":"3 Louse","floor":7,"turns":3},{"damage":13,"enemies":"Exordium Thugs","floor":8,"turns":4},{"damage":16,"enemies":"Gremlin Nob","floor":10,"turns":4},{"damage":0,"enemies":"Large Slime","floor":11,"turns":3},{"damage":8,"enemies":"Lagavulin","floor":13,"turns":6},{"damage":0,"enemies":"2 Fungi Beasts","floor":14,"turns":3},{"damage":5,"enemies":"The Guardian","floor":16,"turns":6},{"damage":8,"enemies":"Shell Parasite","floor":18,"turns":6},{"damage":8,"enemies":"3 Byrds","floor":19,"turns":4},{"damage":25,"enemies":"Shelled Parasite and Fungi","floor":21,"turns":7},{"damage":8,"enemies":"3 Cultists","floor":22,"turns":6},{"damage":26,"enemies":"Cultist and Chosen","floor":24,"turns":5},{"damage":14,"enemies":"Snake Plant","floor":25,"turns":2}],"seed_played":"5004121832555509417","potions_obtained":[{"floor":5,"key":"Regen Potion"},{"floor":8,"key":"SpeedPotion"},{"floor":10,"key":"Fire Potion"},{"floor":14,"key":"Poison Potion"},{"floor":16,"key":"SpeedPotion"},{"floor":21,"key":"SteroidPotion"},{"floor":24,"key":"SteroidPotion"}],"is_trial":false,"path_per_floor":["M","?","?","M","M","E","M","M","T","E","M","$","E","M","R","B",null,"M","M","$","M","M","R","M","M"],"character_chosen":"DEFECT","items_purchased":["Block Potion","Energy Potion","White Noise"],"campfire_rested":2,"item_purchase_floors":[12,12,20],"current_hp_per_floor":[68,68,68,68,68,58,43,39,39,23,23,23,15,15,37,32,64,56,48,48,23,15,37,11,0],"gold":240,"neow_bonus":"THREE_ENEMY_KILL","is_prod":false,"is_daily":false,"chose_seed":false,"campfire_upgraded":0,"win_rate":0,"timestamp":1550668194,"path_taken":["M","?","?","M","?","E","M","M","T","E","M","$","E","M","R","BOSS","M","M","?","M","M","R","M","M"],"build_version":"2019-01-23","purchased_purges":0,"victory":false,"max_hp_per_floor":[75,75,75,75,75,75,75,75,75,75,75,75,75,75,75,75,75,75,75,75,75,75,75,75,75],"card_choices":[{"not_picked":["Stack","Go for the Eyes"],"picked":"Loop","floor":1},{"not_picked":["Scrape","Compile Driver"],"picked":"Go for the Eyes","floor":4},{"not_picked":["Turbo","Leap"],"picked":"Barrage","floor":5},{"not_picked":["Turbo","BootSequence"],"picked":"Gash","floor":6},{"not_picked":["Auto Shields","Blizzard"],"picked":"Ball Lightning","floor":7},{"not_picked":["Rebound","Sweeping Beam","Ball Lightning"],"picked":"SKIP","floor":8},{"not_picked":["Rebound","Sweeping Beam","Ball Lightning"],"picked":"SKIP","floor":8},{"not_picked":["Go for the Eyes","Capacitor"],"picked":"Force Field","floor":10},{"not_picked":["Glacier","Go for the Eyes"],"picked":"Echo Form","floor":11},{"not_picked":["Rebound","Sunder"],"picked":"Defragment","floor":13},{"not_picked":["Beam Cell","Barrage"],"picked":"Sunder","floor":14},{"not_picked":["Hyperbeam","Multi-Cast"],"picked":"All For One","floor":16},{"not_picked":["Coolheaded","Conserve Battery"],"picked":"Gash","floor":18},{"not_picked":["Rebound","Hologram"],"picked":"Heatsinks+1","floor":19},{"not_picked":["Reprogram","Force Field"],"picked":"Hologram+1","floor":21},{"not_picked":["Meteor Strike","Streamline"],"picked":"Turbo+1","floor":22},{"not_picked":["Tempest+1","Cold Snap"],"picked":"Coolheaded+1","floor":24}],"player_experience":257093,"relics_obtained":[{"floor":6,"key":"Shuriken"},{"floor":9,"key":"Ancient Tea Set"},{"floor":10,"key":"Bag of Marbles"},{"floor":13,"key":"Frozen Egg 2"}],"event_choices":[{"cards_removed":["Strike_B"],"damage_healed":0,"gold_gain":0,"player_choice":"Card Removal","damage_taken":0,"max_hp_gain":0,"max_hp_loss":0,"event_name":"The Cleric","floor":2,"gold_loss":50},{"damage_healed":0,"gold_gain":0,"player_choice":"Grow","damage_taken":0,"max_hp_gain":0,"max_hp_loss":0,"event_name":"Living Wall","floor":3,"gold_loss":0,"cards_upgraded":["Zap"]}],"is_beta":false,"boss_relics":[{"not_picked":["Snecko Eye","White Beast Statue"],"picked":"FrozenCore"}],"items_purged_floors":[],"is_endless":false,"potions_floor_spawned":[5,8,10,14,16,21,24],"killed_by":"Snake Plant","ascension_level":11}