{"gold_per_floor":[117,135,6,22,35,35,35,54,109,109,121,138,138,38,38,117,117,129,148,23,53,53,81,81,115,139,152,152,67,114,164,164,238,238,248,258,258,258,281,281,94,94,94,124,124,154,170,185,185,185,185,185,185,10,42,42],"floor_reached":56,"playtime":2826,"items_purged":["Strike_G","Strike_G","Unload+1","Noxious Fumes","Acrobatics+1"],"score":2520,"play_id":"55b7ade9-d3ba-4e39-ad76-a089bb728709","local_time":"20190407211456","is_ascension_mode":true,"campfire_choices":[{"data":"Tactician","floor":6.0,"key":"SMITH"},{"data":"Acrobatics","floor":13.0,"key":"SMITH"},{"data":"Acrobatics","floor":15.0,"key":"SMITH"},{"data":"Prepared","floor":24.0,"key":"SMITH"},{"floor":28.0,"key":"RECALL"},{"data":"Survivor","floor":32.0,"key":"SMITH"},{"data":"Defend_G","floor":40,"key":"SMITH"},{"data":"Reflex","floor":42,"key":"SMITH"},{"data":"Blur","floor":49,"key":"SMITH"},{"data":"Defend_G","floor":53,"key":"SMITH"}],"neow_cost":"TEN_PERCENT_HP_LOSS","seed_source_timestamp":32192563780300,"circlet_count":0,"master_deck":["AscendersBane","Defend_G+1","Defend_G+1","Defend_G+1","Survivor+1","Neutralize+1","Tactician+1","Acrobatics+1","Masterful Stab+1","After Image","Underhanded Strike+1","Noxious Fumes+1","Prepared+1","Reflex+1","Adrenaline","Blur+1"],"special_seed":0,"relics":["Ring of the Snake","Ancient Tea Set","Mercury Hourglass","Astrolabe","Tiny Chest","Ice Cream","Whetstone","Bag of Marbles","Orichalcum","Anchor","Coffee Dripper","Pocketwatch","Tingsha","Strawberry","Pantograph"],"potions_floor_usage":[55,56],"damage_taken":[{"damage":0.0,"enemies":"Cultist","floor":1.0,"turns":4.0},{"damage":2.0,"enemies":"Small Slimes","floor":2.0,"turns":5.0},{"damage":13.0,"enemies":"Jaw Worm","floor":4.0,"turns":11.0},{"damage":12.0,"enemies":"Gremlin Gang","floor":5.0,"turns":10.0},{"damage":6.0,"enemies":"2 Fungi Beasts","floor":8.0,"turns":5.0},{"damage":1.0,"enemies":"Blue Slaver","floor":11.0,"turns":6.0},{"damage":0.0,"enemies":"3 Louse","floor":12.0,"turns":2.0},{"damage":0.0,"enemies":"The Guardian","floor":16.0,"turns":8.0},{"damage":0.0,"enemies":"Spheric Guardian","floor":18.0,"turns":2.0},{"damage":0.0,"enemies":"Shell Parasite","floor":19.0,"turns":3.0},{"damage":0.0,"enemies":"Snecko","floor":22.0,"turns":3.0},{"damage":0.0,"enemies":"Gremlin Leader","floor":23.0,"turns":2.0},{"damage":22.0,"enemies":"Slavers","floor":25.0,"turns":5.0},{"damage":0.0,"enemies":"Cultist and Chosen","floor":27.0,"turns":5.0},{"damage":0.0,"enemies":"Collector","floor":33.0,"turns":2.0},{"damage":0.0,"enemies":"Orb Walker","floor":35.0,"turns":3.0},{"damage":0.0,"enemies":"3 Shapes","floor":36.0,"turns":2.0},{"damage":0,"enemies":"Reptomancer","floor":44,"turns":1},{"damage":0,"enemies":"Giant Head","floor":46,"turns":1},{"damage":0,"enemies":"3 Darklings","floor":47,"turns":1},{"damage":0,"enemies":"Maw","floor":48,"turns":2},{"damage":0,"enemies":"Time Eater","floor":50,"turns":8},{"damage":0,"enemies":"Donu and Deca","floor":51,"turns":1},{"damage":0,"enemies":"Shield and Spear","floor":55,"turns":8},{"damage":58,"enemies":"The Heart","floor":56,"turns":9}],"seed_played":"8879499730411953239","potions_obtained":[{"floor":1.0,"key":"Poison Potion"},{"floor":2.0,"key":"Ancient Potion"},{"floor":11.0,"key":"SmokeBomb"},{"floor":27.0,"key":"Regen Potion"},{"floor":33.0,"key":"SteroidPotion"},{"floor":36.0,"key":"Swift Potion"}],"is_trial":false,"path_per_floor":["M","M","$","M","M","R","?","M","T","?","M","M","R","$","R","B",null,"M","M","$","?","M","E","R","E","T","M","R","?","T","?","R","B",null,"M","M","?","?","T","R","$","R","T","E","?","E","M","M","R","B","B",null,"R","$","E","B"],"character_chosen":"THE_SILENT","items_purchased":["Poison Potion","Reflex"],"campfire_rested":0,"item_purchase_floors":[3,41],"current_hp_per_floor":[59,57,57,44,32,32,32,26,26,21,20,20,20,20,20,20,50,50,50,50,50,50,50,50,28,28,28,28,28,28,28,28,28,52,52,52,52,52,52,52,52,52,52,52,52,59,59,59,59,59,59,63,63,63,63,21],"gold":42,"neow_bonus":"REMOVE_TWO","is_prod":false,"is_daily":false,"chose_seed":false,"campfire_upgraded":9,"win_rate":0,"timestamp":1554642896,"path_taken":["M","M","$","M","M","R","?","M","T","?","M","M","R","$","R","BOSS","M","M","$","?","?","E","R","E","T","M","R","?","?","?","R","BOSS","M","M","?","?","?","R","$","R","T","E","?","E","M","?","R","BOSS","BOSS","R","$","E","BOSS"],"build_version":"2019-04-04","purchased_purges":5,"victory":false,"max_hp_per_floor":[60,60,60,60,60,60,60,60,60,60,60,60,60,60,60,60,60,60,60,60,60,60,60,60,60,60,60,60,60,60,60,60,60,60,60,60,57,57,57,57,57,57,57,57,57,64,64,64,64,64,64,64,64,64,64,64],"card_choices":[{"not_picked":["Distraction","Endless Agony"],"picked":"Tactician","floor":1.0},{"not_picked":["Outmaneuver","Dagger Spray","Bane"],"picked":"SKIP","floor":2.0},{"not_picked":["Slice","Bane"],"picked":"Acrobatics","floor":4.0},{"not_picked":["Poisoned Stab","Deflect"],"picked":"Acrobatics","floor":5.0},{"not_picked":["Phantasmal Killer","Deflect","Leg Sweep"],"picked":"SKIP","floor":8.0},{"not_picked":["Masterful Stab","Backflip","Accuracy"],"picked":"SKIP","floor":11.0},{"not_picked":["Backflip","Accuracy"],"picked":"Masterful Stab","floor":11.0},{"not_picked":["Terror","Underhanded Strike"],"picked":"Noxious Fumes","floor":12.0},{"not_picked":["Venomology","Tools of the Trade"],"picked":"After Image","floor":16.0},{"not_picked":["Cloak And Dagger","Distraction+1","Backstab"],"picked":"SKIP","floor":18.0},{"not_picked":["Flechettes","PiercingWail"],"picked":"Prepared","floor":19.0},{"not_picked":["Dodge and Roll","Slice","Bouncing Flask+1"],"picked":"SKIP","floor":23.0},{"not_picked":["Distraction","Setup","Dodge and Roll"],"picked":"SKIP","floor":25.0},{"not_picked":["Flying Knee","Endless Agony","Venomology"],"picked":"SKIP","floor":27.0},{"not_picked":["Flying Knee","Endless Agony","Venomology"],"picked":"SKIP","floor":27.0},{"not_picked":["Slice","Acrobatics","Infinite Blades+1"],"picked":"SKIP","floor":35.0},{"not_picked":["Flying Knee","Underhanded Strike","Acrobatics"],"picked":"SKIP","floor":36.0},{"not_picked":["Outmaneuver","Prepared"],"picked":"Adrenaline","floor":44},{"not_picked":["Acrobatics+1","PiercingWail+1","Underhanded Strike"],"picked":"SKIP","floor":46},{"not_picked":["Prepared","Flying Knee"],"picked":"Blur","floor":47},{"not_picked":["Predator","Quick Slash","Backflip+1"],"picked":"SKIP","floor":48},{"not_picked":["Predator","Quick Slash","Backflip+1"],"picked":"SKIP","floor":48},{"not_picked":["Flying Knee","Dagger Throw","Backstab"],"picked":"SKIP","floor":55}],"player_experience":1348208,"relics_obtained":[{"floor":9.0,"key":"Ancient Tea Set"},{"floor":21.0,"key":"Tiny Chest"},{"floor":23.0,"key":"Ice Cream"},{"floor":25.0,"key":"Whetstone"},{"floor":26.0,"key":"Bag of Marbles"},{"floor":30.0,"key":"Anchor"},{"floor":43,"key":"Pocketwatch"},{"floor":44,"key":"Tingsha"},{"floor":46,"key":"Strawberry"},{"floor":55,"key":"Pantograph"}],"event_choices":[{"damage_healed":0.0,"max_hp_gain":0.0,"max_hp_loss":0.0,"gold_gain":0.0,"event_name":"Liars Game","player_choice":"Ignored","floor":7.0,"gold_loss":0.0,"damage_taken":0.0},{"damage_healed":0.0,"max_hp_gain":0.0,"max_hp_loss":0.0,"gold_gain":0.0,"event_name":"Scrap Ooze","player_choice":"Success","floor":10.0,"gold_loss":0.0,"damage_taken":5.0,"relics_obtained":["Mercury Hourglass"]},{"damage_healed":0.0,"max_hp_gain":0.0,"max_hp_loss":0.0,"gold_gain":0.0,"event_name":"Wheel of Change","player_choice":"Relic","floor":21.0,"gold_loss":0.0,"damage_taken":0.0},{"damage_healed":0.0,"max_hp_gain":0.0,"max_hp_loss":0.0,"gold_gain":0.0,"event_name":"Addict","player_choice":"Obtained Relic","floor":29.0,"gold_loss":85.0,"damage_taken":0.0,"relics_obtained":["Orichalcum"]},{"damage_healed":0.0,"max_hp_gain":0.0,"max_hp_loss":0.0,"gold_gain":50.0,"event_name":"Nest","player_choice":"Stole From Cult","floor":31.0,"gold_loss":0.0,"damage_taken":0.0},{"damage_healed":0.0,"max_hp_gain":0.0,"max_hp_loss":3.0,"gold_gain":0.0,"event_name":"Winding Halls","player_choice":"Max HP","floor":37.0,"gold_loss":0.0,"damage_taken":0.0},{"damage_healed":0.0,"max_hp_gain":0.0,"max_hp_loss":0.0,"gold_gain":0.0,"event_name":"Tomb of Lord Red Mask","player_choice":"Ignored","floor":38.0,"gold_loss":0.0,"damage_taken":0.0},{"damage_healed":0,"gold_gain":0,"player_choice":"Forge","damage_taken":0,"max_hp_gain":0,"max_hp_loss":0,"event_name":"Accursed Blacksmith","floor":45,"gold_loss":0,"cards_upgraded":["Defend_G"]}],"is_beta":true,"boss_relics":[{"not_picked":["Calling Bell","Cursed Key"],"picked":"Astrolabe"},{"not_picked":["Snecko Eye","Ring of the Serpent"],"picked":"Coffee Dripper"}],"items_purged_floors":[3,14,20,41,54],"is_endless":false,"potions_floor_spawned":[1,2,11,22,27,33,35,36,44,46],"killed_by":"The Heart","ascension_level":20}