{"gold_per_floor":[114,17,33,51,51,51,84,99,99,128,93,93,123,173,173,246,246,256,256,256,267,267,267,283,283,283,283,317,79,79,105,105,183,183,201,217,270,161,161,178,178,192,192,192,207,233,245,43,43,43],"floor_reached":51,"playtime":2432,"items_purged":["Doubt","Writhe"],"score":1351,"play_id":"2587b2a2-0c9f-4571-bbe7-d7145a66de98","local_time":"20181212210533","is_ascension_mode":true,"campfire_choices":[{"data":"Zap","floor":6.0,"key":"SMITH"},{"data":"Defragment","floor":12.0,"key":"SMITH"},{"data":"Go for the Eyes","floor":15.0,"key":"SMITH"},{"data":"Seek","floor":23.0,"key":"SMITH"},{"data":"Fission","floor":25.0,"key":"SMITH"},{"data":"Darkness","floor":27.0,"key":"SMITH"},{"data":"Dualcast","floor":32.0,"key":"SMITH"},{"floor":41.0,"key":"REST"},{"data":"Recycle","floor":44.0,"key":"SMITH"},{"floor":49,"key":"REST"}],"neow_cost":"NONE","seed_source_timestamp":37399385318156,"circlet_count":0,"master_deck":["AscendersBane","Strike_B+1","Strike_B+1","Defend_B+1","Defend_B+1","Defend_B+1","Defend_B+1","Zap+1","Dualcast+1","Darkness+1","Glacier","Defragment+1","Compile Driver","Cold Snap","Seek+1","Go for the Eyes+1","Hologram","Rainbow","Doom and Gloom","Fission+1","Rainbow","Clumsy","Redo","Capacitor+1","Recycle+1","BootSequence+1","Coolheaded","Glacier","Double Energy"],"special_seed":0,"relics":["Cracked Core","Pantograph","Emotion Chip","Dead Branch","Regal Pillow","Pear","Boot","Sozu","Frozen Egg 2","Darkstone Periapt","Gremlin Horn","Anchor","Calling Bell","Ancient Tea Set","Meat on the Bone","Incense Burner","Torii","Nunchaku","MawBank"],"potions_floor_usage":[46],"damage_taken":[{"damage":0.0,"enemies":"Cultist","floor":1.0,"turns":4.0},{"damage":5.0,"enemies":"Small Slimes","floor":3.0,"turns":5.0},{"damage":0.0,"enemies":"2 Louse","floor":4.0,"turns":1.0},{"damage":8.0,"enemies":"Lagavulin","floor":7.0,"turns":6.0},{"damage":1.0,"enemies":"Blue Slaver","floor":8.0,"turns":3.0},{"damage":13.0,"enemies":"3 Sentries","floor":10.0,"turns":5.0},{"damage":4.0,"enemies":"Lagavulin","floor":13.0,"turns":8.0},{"damage":36.0,"enemies":"Slime Boss","floor":16.0,"turns":10.0},{"damage":0.0,"enemies":"Shell Parasite","floor":18.0,"turns":6.0},{"damage":0.0,"enemies":"3 Byrds","floor":21.0,"turns":4.0},{"damage":2.0,"enemies":"Shelled Parasite and Fungi","floor":24.0,"turns":6.0},{"damage":8.0,"enemies":"Gremlin Leader","floor":28.0,"turns":6.0},{"damage":0.0,"enemies":"Book of Stabbing","floor":31.0,"turns":6.0},{"damage":60.0,"enemies":"Automaton","floor":33.0,"turns":9.0},{"damage":13.0,"enemies":"3 Darklings","floor":35.0,"turns":2.0},{"damage":0.0,"enemies":"3 Shapes","floor":36.0,"turns":3.0},{"damage":9.0,"enemies":"2 Orb Walkers","floor":37.0,"turns":5.0},{"damage":38.0,"enemies":"Transient","floor":40.0,"turns":5.0},{"damage":1.0,"enemies":"Sphere and 2 Shapes","floor":42.0,"turns":5.0},{"damage":40.0,"enemies":"4 Shapes","floor":45.0,"turns":4.0},{"damage":37,"enemies":"Reptomancer","floor":46,"turns":8},{"damage":9,"enemies":"Awakened One","floor":50,"turns":20}],"seed_played":"9037248743578120997","potions_obtained":[{"floor":1.0,"key":"GamblersBrew"},{"floor":8.0,"key":"SteroidPotion"},{"floor":13.0,"key":"Strength Potion"}],"is_trial":false,"path_per_floor":["M","$","M","M","?","R","E","M","T","E","?","R","E","T","R","B",null,"M","?","?","M","$","R","M","R","T","R","E","$","?","E","R","B",null,"M","M","?","$","?","M","R","M","T","R","M","E","?","$","R","B",null],"character_chosen":"DEFECT","items_purchased":["Defragment","Compile Driver","Gremlin Horn","Capacitor+1","Glacier","Double Energy"],"campfire_rested":2,"item_purchase_floors":[2,2,29,38,48,48],"current_hp_per_floor":[64,64,59,59,54,54,46,45,45,32,49,49,55,55,55,44,72,72,72,72,72,72,72,70,70,70,70,62,62,62,62,62,21,84,71,71,62,62,62,36,80,79,79,79,51,26,26,26,70,86],"gold":43,"neow_bonus":"TRANSFORM_CARD","is_prod":false,"is_daily":false,"chose_seed":false,"campfire_upgraded":8,"win_rate":0,"timestamp":1544677533,"path_taken":["M","?","?","M","?","R","E","M","T","E","?","R","E","?","R","BOSS","M","?","?","M","$","R","M","R","T","R","E","$","?","E","R","BOSS","M","M","?","$","?","M","R","M","T","R","?","E","?","$","R","BOSS"],"build_version":"2018-12-06","purchased_purges":2,"victory":true,"max_hp_per_floor":[71,71,71,71,71,71,71,71,71,71,71,71,81,81,81,81,81,81,81,81,81,81,81,81,81,81,81,81,81,81,81,81,81,99,99,99,99,99,99,99,99,99,99,99,99,99,99,99,99,99],"card_choices":[{"not_picked":["Chill","Rebound"],"picked":"Glacier","floor":1.0},{"not_picked":["Leap","Coolheaded","Reprogram"],"picked":"SKIP","floor":3.0},{"not_picked":["Steam","Turbo"],"picked":"Cold Snap","floor":4.0},{"not_picked":["Cold Snap","Stack"],"picked":"Seek","floor":7.0},{"not_picked":["Loop","Steam","Turbo"],"picked":"SKIP","floor":8.0},{"not_picked":["Fusion","Machine Learning"],"picked":"Go for the Eyes","floor":10.0},{"not_picked":["Streamline","Meteor Strike"],"picked":"Hologram","floor":13.0},{"not_picked":["Amplify","All For One"],"picked":"Rainbow","floor":16.0},{"not_picked":["Hello World","Leap"],"picked":"Doom and Gloom","floor":18.0},{"not_picked":["Rebound","Streamline","Ball Lightning"],"picked":"SKIP","floor":21.0},{"not_picked":["Conserve Battery+1","Redo"],"picked":"Fission","floor":24.0},{"not_picked":["Hello World+1","Streamline","Melter"],"picked":"SKIP","floor":28.0},{"not_picked":["Leap","Steam","Hologram"],"picked":"SKIP","floor":31.0},{"not_picked":["Creative AI+1","Hyperbeam"],"picked":"Rainbow","floor":33.0},{"not_picked":["Stack","Rebound+1"],"picked":"Redo","floor":35.0},{"not_picked":["Loop+1","Go for the Eyes","Cold Snap"],"picked":"SKIP","floor":36.0},{"not_picked":["Barrage+1","Steam+1"],"picked":"Recycle","floor":40.0},{"not_picked":["Self Repair+1","Sweeping Beam","Steam Power"],"picked":"SKIP","floor":42.0},{"not_picked":["Cold Snap","Turbo"],"picked":"BootSequence+1","floor":45.0},{"not_picked":["Barrage","Leap"],"picked":"Coolheaded","floor":46}],"player_experience":1785799,"relics_obtained":[{"floor":7.0,"key":"Emotion Chip"},{"floor":9.0,"key":"Dead Branch"},{"floor":10.0,"key":"Regal Pillow"},{"floor":13.0,"key":"Pear"},{"floor":14.0,"key":"Boot"},{"floor":26.0,"key":"Frozen Egg 2"},{"floor":28.0,"key":"Darkstone Periapt"},{"floor":31.0,"key":"Anchor"},{"floor":34.0,"key":"Ancient Tea Set"},{"floor":34.0,"key":"Meat on the Bone"},{"floor":34.0,"key":"Incense Burner"},{"floor":37.0,"key":"Torii"},{"floor":43.0,"key":"Nunchaku"},{"floor":46,"key":"MawBank"}],"event_choices":[{"damage_healed":0.0,"max_hp_gain":0.0,"max_hp_loss":0.0,"gold_gain":0.0,"event_name":"Scrap Ooze","player_choice":"Success","floor":5.0,"gold_loss":0.0,"damage_taken":5.0,"relics_obtained":["Pantograph"]},{"damage_healed":17.0,"max_hp_gain":0.0,"max_hp_loss":0.0,"gold_gain":0.0,"event_name":"The Cleric","player_choice":"Healed","floor":11.0,"gold_loss":35.0,"damage_taken":0.0},{"damage_healed":0.0,"max_hp_gain":0.0,"max_hp_loss":0.0,"gold_gain":0.0,"event_name":"Ghosts","player_choice":"Ignored","floor":19.0,"gold_loss":0.0,"damage_taken":0.0},{"damage_healed":0.0,"max_hp_gain":0.0,"max_hp_loss":0.0,"gold_gain":0.0,"event_name":"Back to Basics","player_choice":"Simplicity","floor":20.0,"gold_loss":0.0,"damage_taken":0.0,"cards_upgraded":["Strike_B","Strike_B","Strike_B","Defend_B","Defend_B","Defend_B","Defend_B"]},{"cards_removed":["Strike_B"],"damage_healed":0.0,"max_hp_gain":0.0,"max_hp_loss":0.0,"gold_gain":0.0,"event_name":"Purifier","player_choice":"Purged","floor":30.0,"gold_loss":0.0,"damage_taken":0.0},{"damage_healed":0.0,"max_hp_gain":0.0,"max_hp_loss":0.0,"gold_gain":0.0,"event_name":"Mysterious Sphere","player_choice":"Fight","floor":37.0,"gold_loss":0.0,"damage_taken":0.0},{"damage_healed":0.0,"max_hp_gain":0.0,"max_hp_loss":0.0,"gold_gain":0.0,"event_name":"SecretPortal","player_choice":"Ignored","floor":39.0,"gold_loss":0.0,"damage_taken":0.0},{"damage_healed":0,"gold_gain":0,"player_choice":"Ignored","damage_taken":0,"max_hp_gain":0,"max_hp_loss":0,"event_name":"Tomb of Lord Red Mask","floor":47,"gold_loss":0}],"is_beta":false,"boss_relics":[{"not_picked":["Fusion Hammer","Runic Dome"],"picked":"Sozu"},{"not_picked":["Eternal Feather","FrozenCore"],"picked":"Calling Bell"}],"items_purged_floors":[38,48],"is_endless":false,"potions_floor_spawned":[1,8,13,16,18,28,33,35,37],"ascension_level":15}