{"gold_per_floor":[117,117,129,54,68,68,84,84,84,109,109,109,121,21,21,123,123,134,59,71,71,71,71,89,107,131,131,148,148,148,161,161,257,257,273,273,288,303,303,303,313,313,366,466,482,495,495,32,32,32],"floor_reached":50,"playtime":3850,"items_purged":["Strike_G","Strike_G","Normality"],"score":558,"play_id":"8f7fc2e1-0b9e-4842-a2d0-54bfa6f8bd2e","local_time":"20190428014406","is_ascension_mode":true,"campfire_choices":[{"data":"Panacea","floor":6.0,"key":"SMITH"},{"data":"Blade Dance","floor":8.0,"key":"SMITH"},{"floor":11.0,"key":"REST"},{"floor":15.0,"key":"REST"},{"floor":23.0,"key":"REST"},{"data":"Accuracy","floor":30.0,"key":"SMITH"},{"floor":32.0,"key":"REST"},{"floor":40.0,"key":"REST"},{"data":"Corpse Explosion","floor":42.0,"key":"SMITH"},{"floor":47.0,"key":"REST"},{"floor":49.0,"key":"REST"}],"neow_cost":"NONE","seed_source_timestamp":50315706808974,"circlet_count":0,"master_deck":["Defend_G+1","Defend_G+1","Defend_G+1","Defend_G+1","Defend_G+1","Strike_G+1","Strike_G+1","Survivor","Neutralize","Backstab","Infinite Blades","Panacea+1","Blade Dance+1","Unload","Acrobatics","Cloak And Dagger","Distraction","Die Die Die","Skewer","Necronomicurse","Accuracy+1","Finisher","Corpse Explosion+1","Blade Dance+1","Accuracy","Madness","Madness","Crippling Poison+1","Dodge and Roll+1","Setup+1","Crippling Poison+1","Malaise","Accuracy","Deflect+1"],"special_seed":0,"relics":["Ring of the Snake","NeowsBlessing","Centennial Puzzle","Ninja Scroll","Sundial","Philosopher\u0027s Stone","Necronomicon","Vajra","Cursed Key","Dream Catcher","Girya","Happy Flower"],"potions_floor_usage":[50,50],"damage_taken":[{"damage":0.0,"enemies":"Jaw Worm","floor":1.0,"turns":1.0},{"damage":0.0,"enemies":"Cultist","floor":3.0,"turns":1.0},{"damage":0.0,"enemies":"2 Louse","floor":5.0,"turns":1.0},{"damage":3.0,"enemies":"Looter","floor":7.0,"turns":3.0},{"damage":29.0,"enemies":"Lagavulin","floor":10.0,"turns":8.0},{"damage":0.0,"enemies":"Large Slime","floor":13.0,"turns":5.0},{"damage":48.0,"enemies":"The Guardian","floor":16.0,"turns":18.0},{"damage":1.0,"enemies":"3 Byrds","floor":18.0,"turns":3.0},{"damage":10.0,"enemies":"2 Thieves","floor":20.0,"turns":3.0},{"damage":6.0,"enemies":"Centurion and Healer","floor":24.0,"turns":6.0},{"damage":19.0,"enemies":"Snake Plant","floor":25.0,"turns":6.0},{"damage":0.0,"enemies":"Cultist and Chosen","floor":28.0,"turns":5.0},{"damage":0.0,"enemies":"Snecko","floor":31.0,"turns":1.0},{"damage":61.0,"enemies":"Automaton","floor":33.0,"turns":9.0},{"damage":14.0,"enemies":"3 Darklings","floor":35.0,"turns":3.0},{"damage":4.0,"enemies":"Orb Walker","floor":37.0,"turns":2.0},{"damage":0.0,"enemies":"Sphere and 2 Shapes","floor":38.0,"turns":2.0},{"damage":4.0,"enemies":"4 Shapes","floor":41.0,"turns":6.0},{"damage":0.0,"enemies":"Mind Bloom Boss Battle","floor":44.0,"turns":3.0},{"damage":28.0,"enemies":"3 Darklings","floor":45.0,"turns":4.0},{"damage":12.0,"enemies":"Transient","floor":46.0,"turns":5.0},{"damage":73,"enemies":"Awakened One","floor":50,"turns":6}],"seed_played":"-6260504613992175776","potions_obtained":[{"floor":3.0,"key":"SkillPotion"},{"floor":5.0,"key":"SkillPotion"},{"floor":16.0,"key":"SteroidPotion"},{"floor":24.0,"key":"Block Potion"},{"floor":25.0,"key":"Energy Potion"},{"floor":28.0,"key":"SpeedPotion"},{"floor":35.0,"key":"Ancient Potion"},{"floor":38.0,"key":"FearPotion"},{"floor":45.0,"key":"Swift Potion"},{"floor":46.0,"key":"GamblersBrew"}],"is_trial":false,"path_per_floor":["M","?","M","$","M","R","M","R","T","E","R","?","M","$","R","B",null,"M","?","M","?","?","R","M","M","T","?","M","?","R","M","R","B",null,"M","?","M","M","?","R","M","R","T","?","M","M","R","$","R","B"],"character_chosen":"THE_SILENT","items_purchased":["Happy Flower","Accuracy","FairyPotion","Dexterity Potion"],"campfire_rested":7,"item_purchase_floors":[48,48,48,48],"current_hp_per_floor":[70,70,70,70,70,70,67,67,67,38,59,47,47,47,68,20,70,69,69,59,43,43,64,58,39,39,62,62,62,62,62,70,9,70,56,56,52,52,43,64,60,60,60,60,32,20,41,41,62,0],"gold":32,"neow_bonus":"THREE_ENEMY_KILL","is_prod":false,"is_daily":false,"chose_seed":false,"campfire_upgraded":4,"win_rate":0,"timestamp":1556412246,"path_taken":["M","?","?","$","M","R","M","R","T","E","R","?","M","?","R","BOSS","M","?","M","?","?","R","M","M","T","?","?","?","R","M","R","BOSS","M","?","?","M","?","R","M","R","T","?","M","M","R","?","R","BOSS"],"build_version":"2019-01-23","purchased_purges":3,"victory":false,"max_hp_per_floor":[70,70,70,70,70,70,70,70,70,70,70,70,70,70,70,70,70,70,70,70,70,70,70,70,70,70,70,70,70,70,70,70,70,70,70,70,70,70,70,70,70,70,70,70,70,70,70,70,70,70],"card_choices":[{"not_picked":["Bane","Caltrops"],"picked":"Backstab","floor":1.0},{"not_picked":["Dagger Spray","Underhanded Strike"],"picked":"Blade Dance","floor":3.0},{"not_picked":["Flying Knee","Escape Plan"],"picked":"Unload","floor":5.0},{"not_picked":["Bane","Predator"],"picked":"Acrobatics","floor":7.0},{"not_picked":["Venomology","Riddle With Holes"],"picked":"Cloak And Dagger","floor":10.0},{"not_picked":["Slice","Noxious Fumes"],"picked":"Distraction","floor":13.0},{"not_picked":["Glass Knife","Burst"],"picked":"Die Die Die","floor":16.0},{"not_picked":["Catalyst","Masterful Stab"],"picked":"Skewer","floor":18.0},{"not_picked":["Well Laid Plans","Noxious Fumes","Outmaneuver"],"picked":"SKIP","floor":20.0},{"not_picked":["Acrobatics+1","Cloak And Dagger","Masterful Stab"],"picked":"SKIP","floor":24.0},{"not_picked":["All Out Attack+1","Heel Hook+1","Cloak And Dagger"],"picked":"SKIP","floor":25.0},{"not_picked":["Finisher","Eviscerate+1"],"picked":"Accuracy","floor":28.0},{"not_picked":["Poisoned Stab","Dagger Spray"],"picked":"Finisher","floor":31.0},{"not_picked":["Doppelganger","After Image"],"picked":"Corpse Explosion","floor":33.0},{"not_picked":["Dodge and Roll","Prepared+1"],"picked":"Blade Dance+1","floor":35.0},{"not_picked":["Concentrate","Slice"],"picked":"Accuracy","floor":37.0},{"not_picked":["Poisoned Stab+1","Quick Slash","Deflect"],"picked":"SKIP","floor":38.0},{"not_picked":["Dagger Throw+1","Cloak And Dagger"],"picked":"Crippling Poison+1","floor":41.0},{"not_picked":["Backflip","Sucker Punch"],"picked":"Dodge and Roll+1","floor":44.0},{"not_picked":["Outmaneuver+1","Underhanded Strike"],"picked":"Setup+1","floor":45.0},{"not_picked":["Sucker Punch","Dagger Throw+1"],"picked":"Crippling Poison+1","floor":46.0},{"not_picked":["Reflex+1","Blade Dance"],"picked":"Malaise","floor":47.0},{"not_picked":["Crippling Poison","Sucker Punch"],"picked":"Deflect+1","floor":49.0}],"player_experience":717997,"relics_obtained":[{"floor":9.0,"key":"Centennial Puzzle"},{"floor":10.0,"key":"Ninja Scroll"},{"floor":21.0,"key":"Necronomicon"},{"floor":26.0,"key":"Vajra"},{"floor":43.0,"key":"Dream Catcher"},{"floor":44.0,"key":"Girya"}],"event_choices":[{"damage_healed":0.0,"max_hp_gain":0.0,"max_hp_loss":0.0,"gold_gain":0.0,"event_name":"Match and Keep!","player_choice":"2 cards matched","floor":2.0,"gold_loss":0.0,"damage_taken":0.0,"cards_obtained":["Infinite Blades","Panacea"]},{"damage_healed":0.0,"max_hp_gain":0.0,"max_hp_loss":0.0,"gold_gain":0.0,"event_name":"Scrap Ooze","player_choice":"Success","floor":12.0,"gold_loss":0.0,"damage_taken":12.0,"relics_obtained":["Sundial"]},{"cards_removed":["Strike_G"],"damage_healed":0.0,"max_hp_gain":0.0,"max_hp_loss":0.0,"gold_gain":0.0,"event_name":"Beggar","player_choice":"Gave Gold","floor":19.0,"gold_loss":75.0,"damage_taken":0.0},{"damage_healed":0.0,"max_hp_gain":0.0,"max_hp_loss":0.0,"gold_gain":0.0,"event_name":"Cursed Tome","player_choice":"Obtained Book","floor":21.0,"gold_loss":0.0,"damage_taken":16.0},{"damage_healed":0.0,"max_hp_gain":0.0,"max_hp_loss":0.0,"gold_gain":0.0,"event_name":"Back to Basics","player_choice":"Simplicity","floor":22.0,"gold_loss":0.0,"damage_taken":0.0,"cards_upgraded":["Defend_G","Defend_G","Defend_G","Defend_G","Defend_G","Strike_G","Strike_G"]},{"damage_healed":23.0,"max_hp_gain":0.0,"max_hp_loss":0.0,"gold_gain":0.0,"event_name":"The Library","player_choice":"Heal","floor":27.0,"gold_loss":0.0,"damage_taken":0.0},{"damage_healed":0.0,"max_hp_gain":0.0,"max_hp_loss":0.0,"gold_gain":0.0,"event_name":"Vampires","player_choice":"Ignored","floor":29.0,"gold_loss":0.0,"damage_taken":0.0},{"damage_healed":0.0,"max_hp_gain":0.0,"max_hp_loss":0.0,"gold_gain":0.0,"event_name":"SecretPortal","player_choice":"Ignored","floor":36.0,"gold_loss":0.0,"damage_taken":0.0},{"damage_healed":0.0,"max_hp_gain":0.0,"max_hp_loss":0.0,"gold_gain":0.0,"event_name":"Winding Halls","player_choice":"Embrace Madness","floor":39.0,"gold_loss":0.0,"damage_taken":9.0,"cards_obtained":["Madness","Madness"]},{"damage_healed":0.0,"max_hp_gain":0.0,"max_hp_loss":0.0,"gold_gain":0.0,"event_name":"MindBloom","player_choice":"Fight","floor":44.0,"gold_loss":0.0,"damage_taken":0.0}],"is_beta":false,"boss_relics":[{"not_picked":["Busted Crown","Lizard Tail"],"picked":"Philosopher\u0027s Stone"},{"not_picked":["Tiny House","Runic Pyramid"],"picked":"Cursed Key"}],"items_purged_floors":[4,14,48],"is_endless":false,"potions_floor_spawned":[3,5,16,24,25,28,35,38,45,46],"killed_by":"Awakened One","ascension_level":4}