{"gold_per_floor":[118,134,6,20,0,64,78,78,78,78,109,9,9,34,34,108,108,124,134,134],"floor_reached":20,"playtime":1182,"items_purged":["Strike_B","Strike_B"],"score":336,"play_id":"aa162b4f-f654-4679-baf7-b850823a9fef","local_time":"20180629132755","is_ascension_mode":true,"campfire_choices":[{"data":"Dualcast","floor":8.0,"key":"SMITH"},{"data":"Zap","floor":10.0,"key":"SMITH"},{"floor":13,"key":"REST"},{"floor":15,"key":"REST"}],"neow_cost":"","seed_source_timestamp":108005785721092,"circlet_count":0,"master_deck":["Strike_B","Strike_B","Defend_B","Defend_B","Defend_B","Defend_B","Zap+1","Dualcast+1","AscendersBane","Creative AI","Go for the Eyes","Streamline","Compile Driver","Sweeping Beam","Ball Lightning","Cold Snap","Core Surge","Reinforced Body","Seek","Cold Snap","Leap"],"special_seed":0,"relics":["Cracked Core","Tiny Chest","Bag of Preparation","Ornamental Fan","Girya","Inserter"],"potions_floor_usage":[11,14],"damage_taken":[{"damage":0.0,"enemies":"Small Slimes","floor":1.0,"turns":3.0},{"damage":8.0,"enemies":"2 Louse","floor":2.0,"turns":3.0},{"damage":2.0,"enemies":"Jaw Worm","floor":4.0,"turns":3.0},{"damage":24.0,"enemies":"Gremlin Nob","floor":6.0,"turns":4.0},{"damage":5.0,"enemies":"2 Fungi Beasts","floor":7.0,"turns":3.0},{"damage":16,"enemies":"Lagavulin","floor":11,"turns":6},{"damage":4,"enemies":"3 Sentries","floor":14,"turns":4},{"damage":39,"enemies":"Hexaghost","floor":16,"turns":12},{"damage":27,"enemies":"2 Thieves","floor":18,"turns":4},{"damage":4,"enemies":"3 Byrds","floor":19,"turns":5},{"damage":22,"enemies":"Snecko","floor":20,"turns":3}],"seed_played":"-6063503914937826588","potions_obtained":[{"floor":1.0,"key":"GamblersBrew"},{"floor":7.0,"key":"Fire Potion"},{"floor":14,"key":"FocusPotion"},{"floor":16,"key":"Regen Potion"}],"is_trial":false,"path_per_floor":["M","M","$","M","?","E","M","R","T","R","E","$","R","E","R","B",null,"M","M"],"character_chosen":"DEFECT","items_purchased":["Compile Driver"],"campfire_rested":2,"item_purchase_floors":[],"current_hp_per_floor":[64,56,56,54,54,30,25,25,25,25,9,9,28,24,43,4,49,22,18,0],"gold":134,"neow_bonus":"","is_prod":false,"is_daily":false,"chose_seed":false,"campfire_upgraded":2,"win_rate":0,"timestamp":1530304075,"path_taken":["M","M","$","M","?","E","M","R","T","R","E","$","R","E","R","BOSS","M","M","M"],"build_version":"2018-06-28","purchased_purges":2,"victory":false,"max_hp_per_floor":[64,64,64,64,64,64,64,64,64,64,64,64,64,64,64,64,64,64,64,64],"card_choices":[{"not_picked":["Thunder Strike","Seek"],"picked":"Creative AI","floor":0.0},{"not_picked":["Rebound","Stack"],"picked":"Go for the Eyes","floor":1.0},{"not_picked":["Sweeping Beam","Go for the Eyes"],"picked":"Streamline","floor":2.0},{"not_picked":["Double Energy","Redo"],"picked":"Sweeping Beam","floor":4.0},{"not_picked":["Capacitor","Redo"],"picked":"Ball Lightning","floor":6.0},{"not_picked":["Double Energy","Loop"],"picked":"Cold Snap","floor":7.0},{"not_picked":["Gash","Reprogram"],"picked":"Core Surge","floor":11},{"not_picked":["Coolheaded","Turbo"],"picked":"Reinforced Body","floor":14},{"not_picked":["Reboot","Creative AI"],"picked":"Seek","floor":16},{"not_picked":["Ball Lightning","Redo+1"],"picked":"Cold Snap","floor":18},{"not_picked":["Lockon","Sweeping Beam"],"picked":"Leap","floor":19}],"player_experience":626029,"relics_obtained":[{"floor":6.0,"key":"Tiny Chest"},{"floor":9.0,"key":"Bag of Preparation"},{"floor":11,"key":"Ornamental Fan"},{"floor":14,"key":"Girya"}],"event_choices":[{"event_name":"World of Goop","player_choice":"Left","floor":5.0,"damage_taken":0.0}],"boss_relics":[{"not_picked":["Black Star","Eternal Feather"],"picked":"Inserter"}],"items_purged_floors":[],"is_endless":false,"potions_floor_spawned":[1,7,14,16],"killed_by":"Snecko","ascension_level":15}