{"gold_per_floor":[119,119,44,61,27,27,61,61,61,78,78,96,130,142,142,242,242,242],"floor_reached":18,"playtime":565,"items_purged":["Doubt"],"score":179,"play_id":"b63618ef-99eb-4f9f-ad29-4a2521b8e796","local_time":"25611102200131","is_ascension_mode":true,"campfire_choices":[{"data":"Flame Barrier","floor":6,"key":"SMITH"},{"data":"Cleave","floor":11,"key":"SMITH"},{"data":"Rage","floor":15,"key":"SMITH"}],"neow_cost":"CURSE","seed_source_timestamp":20780077004216,"circlet_count":0,"master_deck":["Strike_R","Strike_R","Strike_R","Strike_R","Defend_R","Defend_R","Defend_R","Defend_R","Bash+1","Deep Breath","PanicButton","Cleave+1","Flame Barrier+1","Flex","Shrug It Off","Rage+1","Barricade","Decay","Doubt","Clumsy"],"relics":["Burning Blood","Ancient Tea Set","Lantern","WingedGreaves","Calling Bell","PreservedInsect","Toxic Egg 2","Gambling Chip"],"potions_floor_usage":[12,16],"damage_taken":[{"damage":11,"enemies":"Jaw Worm","floor":1,"turns":5},{"damage":0,"enemies":"Cultist","floor":4,"turns":3},{"damage":17,"enemies":"Gremlin Nob","floor":7,"turns":5},{"damage":0,"enemies":"2 Louse","floor":10,"turns":2},{"damage":0,"enemies":"Blue Slaver","floor":12,"turns":2},{"damage":24,"enemies":"3 Sentries","floor":13,"turns":10},{"damage":7,"enemies":"Large Slime","floor":14,"turns":6},{"damage":55,"enemies":"The Guardian","floor":16,"turns":17},{"damage":0,"enemies":"3 Byrds","floor":18,"turns":1}],"seed_played":"-3147066096616019017","potions_obtained":[{"floor":7,"key":"GamblersBrew"},{"floor":13,"key":"Poison Potion"},{"floor":16,"key":"Regen Potion"}],"is_trial":false,"path_per_floor":["M","?","$","M","$","R","E","?","T","M","R","M","E","M","R","B",null,"M"],"character_chosen":"IRONCLAD","items_purchased":["Flame Barrier"],"campfire_rested":0,"item_purchase_floors":[5],"current_hp_per_floor":[75,75,75,80,80,80,69,69,69,75,75,80,62,61,61,12,80,80],"gold":242,"neow_bonus":"RANDOM_COLORLESS_2","is_prod":false,"is_daily":false,"chose_seed":false,"campfire_upgraded":3,"win_rate":1,"timestamp":1541163691,"path_taken":["M","?","?","M","?","R","E","?","T","M","R","?","E","M","R","BOSS","M"],"build_version":"2018-11-01","purchased_purges":1,"victory":false,"max_hp_per_floor":[80,80,80,80,80,80,80,80,80,80,80,80,80,80,80,80,80,80],"card_choices":[{"not_picked":["Burning Pact","Anger","Iron Wave"],"picked":"SKIP","floor":1},{"not_picked":["Havoc","Battle Trance"],"picked":"Cleave","floor":4},{"not_picked":["Clothesline","Feel No Pain"],"picked":"Flex","floor":7},{"not_picked":["Warcry","Thunderclap"],"picked":"Shrug It Off","floor":10},{"not_picked":["Corruption","Thunderclap"],"picked":"Rage","floor":12},{"not_picked":["Shrug It Off","Twin Strike","Flex"],"picked":"SKIP","floor":13},{"not_picked":["Dropkick","Thunderclap","Shrug It Off"],"picked":"SKIP","floor":14},{"not_picked":["Juggernaut","Offering"],"picked":"Barricade","floor":16}],"player_experience":41298,"relics_obtained":[{"floor":7,"key":"Ancient Tea Set"},{"floor":9,"key":"Lantern"},{"floor":13,"key":"WingedGreaves"},{"floor":17,"key":"PreservedInsect"},{"floor":17,"key":"Toxic Egg 2"},{"floor":17,"key":"Gambling Chip"}],"event_choices":[{"damage_healed":0,"gold_gain":0,"player_choice":"Upgraded","damage_taken":0,"max_hp_gain":0,"max_hp_loss":0,"event_name":"Upgrade Shrine","floor":2,"gold_loss":0,"cards_upgraded":["Bash"]},{"cards_removed":["Strike_R"],"damage_healed":0,"gold_gain":0,"player_choice":"Forget","damage_taken":0,"max_hp_gain":0,"max_hp_loss":0,"event_name":"Living Wall","floor":8,"gold_loss":0}],"is_beta":false,"boss_relics":[{"not_picked":["Velvet Choker","Mark of Pain"],"picked":"Calling Bell"}],"items_purged_floors":[3],"is_endless":false,"potions_floor_spawned":[7,13,16],"killed_by":"3 Byrds","ascension_level":1}