{"gold_per_floor":[117,3,3,15,27,27,44,78,78,105,30,50,68,96,96,170,170,183,194,194,40,90,90,116,116,116,127,127,141,2,32,32,32],"floor_reached":33,"playtime":1347,"items_purged":["Regret"],"score":578,"play_id":"e2ec788c-4dff-4f06-acc1-6896189ce8d9","local_time":"20181130112531","is_ascension_mode":true,"campfire_choices":[{"data":"Neutralize","floor":6,"key":"SMITH"},{"data":"Bouncing Flask","floor":15,"key":"SMITH"},{"data":"Strike_G","floor":23,"key":"PURGE"},{"floor":25,"key":"DIG"},{"floor":28,"key":"DIG"},{"data":"Noxious Fumes","floor":32,"key":"SMITH"}],"neow_cost":"CURSE","seed_source_timestamp":12190565382396,"circlet_count":0,"master_deck":["AscendersBane","Defend_G","Defend_G","Defend_G","Defend_G","Defend_G","Strike_G","Strike_G","Strike_G","Survivor","Neutralize+1","Bouncing Flask+1","Backstab","Deadly Poison","Dagger Spray","Deflect","PiercingWail","Dodge and Roll","Venomology","Backflip","Calculated Gamble","Clumsy","Cloak And Dagger+1","Poisoned Stab","After Image","Noxious Fumes+1"],"relics":["Ring of the Snake","Peace Pipe","Bronze Scales","Potion Belt","Ninja Scroll","Shovel","Cursed Key","Oddly Smooth Stone","Sundial","Mummified Hand","Bottled Lightning","Bag of Preparation","Pear"],"potions_floor_usage":[8,10,14,19,24,24,27,29,29,31,31,31,31,33,33,33],"damage_taken":[{"damage":13,"enemies":"Jaw Worm","floor":1,"turns":9},{"damage":5,"enemies":"Small Slimes","floor":4,"turns":4},{"damage":0,"enemies":"2 Louse","floor":5,"turns":2},{"damage":0,"enemies":"2 Fungi Beasts","floor":7,"turns":2},{"damage":4,"enemies":"Gremlin Nob","floor":8,"turns":3},{"damage":16,"enemies":"3 Sentries","floor":10,"turns":10},{"damage":1,"enemies":"Red Slaver","floor":12,"turns":4},{"damage":1,"enemies":"Looter","floor":13,"turns":3},{"damage":11,"enemies":"Lagavulin","floor":14,"turns":5},{"damage":5,"enemies":"The Guardian","floor":16,"turns":9},{"damage":0,"enemies":"3 Byrds","floor":18,"turns":3},{"damage":0,"enemies":"Spheric Guardian","floor":19,"turns":3},{"damage":0,"enemies":"Book of Stabbing","floor":24,"turns":5},{"damage":1,"enemies":"Snake Plant","floor":27,"turns":3},{"damage":10,"enemies":"Snecko","floor":29,"turns":4},{"damage":15,"enemies":"Gremlin Leader","floor":31,"turns":6},{"damage":41,"enemies":"Automaton","floor":33,"turns":10}],"seed_played":"1773484321193458653","potions_obtained":[{"floor":5,"key":"FearPotion"},{"floor":7,"key":"PowerPotion"},{"floor":8,"key":"AttackPotion"},{"floor":12,"key":"Poison Potion"},{"floor":14,"key":"GamblersBrew"},{"floor":16,"key":"Fire Potion"},{"floor":18,"key":"EssenceOfSteel"},{"floor":24,"key":"FearPotion"},{"floor":27,"key":"LiquidBronze"},{"floor":31,"key":"GamblersBrew"}],"is_trial":false,"path_per_floor":["M","$","?","M","M","R","M","E","T","E","?","M","M","E","R","B",null,"M","M","?","$","?","R","E","R","T","M","R","M","$","E","R","B"],"character_chosen":"THE_SILENT","items_purchased":["Backstab","Oddly Smooth Stone","After Image"],"campfire_rested":0,"item_purchase_floors":[2,21,30],"current_hp_per_floor":[46,46,51,46,46,46,46,42,42,26,26,25,24,13,13,8,55,55,55,55,55,55,55,55,55,55,54,54,44,44,39,39,0],"gold":32,"neow_bonus":"ONE_RARE_RELIC","is_prod":false,"is_daily":false,"chose_seed":false,"campfire_upgraded":3,"win_rate":0,"timestamp":1543605931,"path_taken":["M","$","?","M","M","R","M","E","T","E","?","M","M","E","R","BOSS","M","M","?","$","?","R","E","R","T","M","R","?","$","E","R","BOSS"],"build_version":"2018-11-15","purchased_purges":1,"victory":false,"max_hp_per_floor":[66,66,71,71,71,71,71,71,71,71,71,71,71,71,71,71,71,71,71,71,71,71,71,71,71,71,71,71,71,71,81,81,81],"card_choices":[{"not_picked":["Backflip","Crippling Poison"],"picked":"Bouncing Flask","floor":1},{"not_picked":["Slice","Tactician"],"picked":"Deadly Poison","floor":4},{"not_picked":["Choke","Underhanded Strike"],"picked":"Dagger Spray","floor":5},{"not_picked":["Terror","Choke"],"picked":"Deflect","floor":7},{"not_picked":["Backflip","Slice"],"picked":"PiercingWail","floor":8},{"not_picked":["Prepared","Eviscerate"],"picked":"Dodge and Roll","floor":10},{"not_picked":["Expertise","Heel Hook","Blade Dance"],"picked":"SKIP","floor":12},{"not_picked":["Dagger Spray","Backflip","Storm of Steel"],"picked":"SKIP","floor":13},{"not_picked":["Underhanded Strike","Deadly Poison","Concentrate"],"picked":"SKIP","floor":14},{"not_picked":["Doppelganger","Unload"],"picked":"Venomology","floor":16},{"not_picked":["Bane","Endless Agony"],"picked":"Backflip","floor":18},{"not_picked":["Dodge and Roll","Flechettes","Riddle With Holes"],"picked":"SKIP","floor":19},{"not_picked":["Dagger Throw","Terror"],"picked":"Calculated Gamble","floor":24},{"not_picked":["Sucker Punch","Masterful Stab"],"picked":"Cloak And Dagger+1","floor":27},{"not_picked":["Quick Slash","Dagger Spray"],"picked":"Poisoned Stab","floor":29},{"not_picked":["Deadly Poison","Predator"],"picked":"Noxious Fumes","floor":31}],"player_experience":1692438,"relics_obtained":[{"floor":8,"key":"Bronze Scales"},{"floor":9,"key":"Potion Belt"},{"floor":10,"key":"Ninja Scroll"},{"floor":14,"key":"Shovel"},{"floor":24,"key":"Sundial"},{"floor":25,"key":"Mummified Hand"},{"floor":26,"key":"Bottled Lightning"},{"floor":28,"key":"Bag of Preparation"},{"floor":31,"key":"Pear"}],"event_choices":[{"damage_healed":0,"gold_gain":0,"player_choice":"Donut","damage_taken":0,"max_hp_gain":5,"max_hp_loss":0,"event_name":"Big Fish","floor":3,"gold_loss":0},{"cards_removed":["Strike_G"],"damage_healed":0,"gold_gain":0,"player_choice":"Card Removal","damage_taken":0,"max_hp_gain":0,"max_hp_loss":0,"event_name":"The Cleric","floor":11,"gold_loss":75},{"damage_healed":0,"gold_gain":0,"player_choice":"Ignored","damage_taken":0,"max_hp_gain":0,"max_hp_loss":0,"event_name":"The Mausoleum","floor":20,"gold_loss":0},{"damage_healed":0,"gold_gain":50,"player_choice":"Stole From Cult","damage_taken":0,"max_hp_gain":0,"max_hp_loss":0,"event_name":"Nest","floor":22,"gold_loss":0}],"is_beta":false,"boss_relics":[{"not_picked":["HoveringKite","Velvet Choker"],"picked":"Cursed Key"}],"items_purged_floors":[2],"is_endless":false,"potions_floor_spawned":[5,7,8,12,14,16,18,24,27,31],"killed_by":"Automaton","ascension_level":15}