{"gold_per_floor":[213,231,52,66,66,96,108,152,187,213,225,237,278,215,215,289,289,289,244,244,11,11,11,11,11,11,11,11,11,11,11,11,11,11,11,11,11,11,11,11,11,11,11,11,11,11,11,11,11,11],"floor_reached":51,"playtime":2740,"items_purged":["Pain","Strike_R"],"score":1354,"play_id":"aebad4e5-ff8a-4286-9c4a-50af31cb6cec","local_time":"20190322104043","is_ascension_mode":true,"campfire_choices":[{"floor":7.0,"key":"REST"},{"data":"Bash","floor":11.0,"key":"SMITH"},{"data":"Inflame","floor":15.0,"key":"SMITH"},{"data":"True Grit","floor":23,"key":"SMITH"},{"data":"Uppercut","floor":25,"key":"SMITH"},{"data":"Clothesline","floor":32,"key":"SMITH"},{"floor":41,"key":"RECALL"},{"floor":46,"key":"REST"},{"floor":49,"key":"REST"}],"neow_cost":"NONE","seed_source_timestamp":10066780868956,"circlet_count":0,"master_deck":["AscendersBane","Strike_R","Strike_R","Strike_R+1","Strike_R","Defend_R","Defend_R","Defend_R","Defend_R","Bash+1","Shrug It Off","Shrug It Off+1","Clothesline+1","Carnage","Inflame+1","True Grit+1","Reaper","Anger","Battle Trance","Uppercut+1","Pommel Strike","Pummel","Feed","Burning Pact+1","Feel No Pain+1","Barricade+1","Battle Trance+1","Entrench+1"],"special_seed":0,"relics":["Burning Blood","MawBank","Vajra","Blood Vial","WarpedTongs","Kunai","Ectoplasm","Du-Vu Doll","Frozen Egg 2","Pocketwatch","Centennial Puzzle","Toxic Egg 2","Fusion Hammer","Matryoshka","Ancient Tea Set","Self Forming Clay","Potion Belt","Lantern"],"potions_floor_usage":[22,24,27,40,50,50],"damage_taken":[{"damage":0.0,"enemies":"Small Slimes","floor":1.0,"turns":3.0},{"damage":1.0,"enemies":"Cultist","floor":2.0,"turns":5.0},{"damage":1.0,"enemies":"Jaw Worm","floor":4.0,"turns":3.0},{"damage":33.0,"enemies":"Lagavulin","floor":6.0,"turns":10.0},{"damage":16.0,"enemies":"Gremlin Nob","floor":8.0,"turns":4.0},{"damage":4.0,"enemies":"Blue Slaver","floor":10.0,"turns":4.0},{"damage":9.0,"enemies":"Lagavulin","floor":13.0,"turns":8.0},{"damage":35.0,"enemies":"The Guardian","floor":16.0,"turns":18.0},{"damage":16.0,"enemies":"Spheric Guardian","floor":18.0,"turns":4.0},{"damage":15.0,"enemies":"2 Thieves","floor":19.0,"turns":4.0},{"damage":14.0,"enemies":"Centurion and Healer","floor":20.0,"turns":5.0},{"damage":32,"enemies":"Colosseum Slavers","floor":22,"turns":6},{"damage":14,"enemies":"Colosseum Nobs","floor":22,"turns":4},{"damage":28,"enemies":"Gremlin Leader","floor":24,"turns":5},{"damage":43,"enemies":"Slavers","floor":27,"turns":5},{"damage":1,"enemies":"Snake Plant","floor":29,"turns":4},{"damage":0,"enemies":"Sentry and Sphere","floor":30,"turns":3},{"damage":0,"enemies":"Snecko","floor":31,"turns":2},{"damage":62,"enemies":"Automaton","floor":33,"turns":11},{"damage":0,"enemies":"Orb Walker","floor":35,"turns":2},{"damage":26,"enemies":"3 Darklings","floor":38,"turns":5},{"damage":18,"enemies":"Maw","floor":39,"turns":7},{"damage":15,"enemies":"Reptomancer","floor":40,"turns":11},{"damage":24,"enemies":"Nemesis","floor":44,"turns":13},{"damage":5,"enemies":"4 Shapes","floor":45,"turns":6},{"damage":5,"enemies":"Giant Head","floor":47,"turns":11},{"damage":0,"enemies":"Jaw Worm Horde","floor":48,"turns":5},{"damage":33,"enemies":"Awakened One","floor":50,"turns":18}],"seed_played":"-4632870074411958259","potions_obtained":[{"floor":2.0,"key":"Dexterity Potion"},{"floor":6.0,"key":"Dexterity Potion"},{"floor":16.0,"key":"FearPotion"},{"floor":20.0,"key":"FearPotion"},{"floor":24,"key":"SteroidPotion"},{"floor":29,"key":"EssenceOfSteel"},{"floor":30,"key":"FearPotion"},{"floor":33,"key":"Regen Potion"},{"floor":45,"key":"FearPotion"},{"floor":48,"key":"Weak Potion"}],"is_trial":false,"path_per_floor":["M","M","$","M","?","E","R","E","T","M","R","?","E","$","R","B",null,"M","M","M","$","?","R","E","R","T","E","?","M","M","M","R","B",null,"M","?","?","M","M","E","R","$","T","E","M","R","E","M","R","B",null],"character_chosen":"IRONCLAD","items_purchased":["Shrug It Off","Clothesline","Carnage","Uppercut","Pommel Strike"],"campfire_rested":3,"item_purchase_floors":[3,3,3,21,21],"current_hp_per_floor":[74,75,75,75,52,25,47,37,37,41,41,41,40,40,40,13,60,52,57,61,61,58,58,69,69,69,54,54,78,82,85,85,35,76,92,87,87,91,89,86,86,86,86,74,101,101,101,104,104,98],"gold":11,"neow_bonus":"HUNDRED_GOLD","is_prod":false,"is_daily":false,"chose_seed":false,"campfire_upgraded":5,"win_rate":0,"timestamp":1553276443,"path_taken":["M","M","$","M","?","E","R","E","T","M","R","?","E","$","R","BOSS","M","?","M","$","?","R","E","R","T","E","?","M","M","M","R","BOSS","M","?","?","M","M","E","R","$","T","E","M","R","E","M","R","BOSS"],"build_version":"2019-01-23","purchased_purges":2,"victory":true,"max_hp_per_floor":[75,75,75,75,75,75,75,75,75,75,75,75,75,75,75,75,75,75,75,75,75,75,75,75,75,75,75,75,79,82,85,85,89,89,92,87,87,91,91,95,95,95,95,98,101,101,101,104,104,104],"card_choices":[{"not_picked":["Havoc","Perfected Strike"],"picked":"Shrug It Off","floor":1.0},{"not_picked":["Flex","Body Slam","Second Wind"],"picked":"SKIP","floor":2.0},{"not_picked":["Rage","Dropkick"],"picked":"Inflame","floor":4.0},{"not_picked":["Barricade","Rupture","Cleave"],"picked":"SKIP","floor":6.0},{"not_picked":["Perfected Strike","Sever Soul","Wild Strike"],"picked":"SKIP","floor":8.0},{"not_picked":["Inflame","Evolve","Power Through"],"picked":"SKIP","floor":10.0},{"not_picked":["Flex","Armaments"],"picked":"True Grit","floor":13.0},{"not_picked":["Exhume","Fiend Fire"],"picked":"Reaper","floor":16.0},{"not_picked":["Armaments","Shrug It Off"],"picked":"Anger","floor":18.0},{"not_picked":["Iron Wave","Clash"],"picked":"Battle Trance","floor":19.0},{"not_picked":["Rampage","Havoc","Armaments"],"picked":"SKIP","floor":20.0},{"not_picked":["Wild Strike","Anger"],"picked":"Pummel","floor":22},{"not_picked":["Clash","Fire Breathing+1","Pummel"],"picked":"SKIP","floor":24},{"not_picked":["Havoc","Clash"],"picked":"Feed","floor":27},{"not_picked":["Anger","Seeing Red+1"],"picked":"Burning Pact+1","floor":29},{"not_picked":["Corruption+1","Dropkick"],"picked":"Feel No Pain+1","floor":30},{"not_picked":["Power Through+1","Cleave","Clothesline"],"picked":"SKIP","floor":31},{"not_picked":["Demon Form+1","Bludgeon"],"picked":"Barricade+1","floor":33},{"not_picked":["Clothesline","Infernal Blade+1"],"picked":"Battle Trance+1","floor":35},{"not_picked":["Dual Wield+1","Clothesline"],"picked":"Entrench+1","floor":38},{"not_picked":["Warcry+1","Perfected Strike","Twin Strike"],"picked":"SKIP","floor":39},{"not_picked":["Seeing Red+1","Sever Soul+1","Sentinel+1"],"picked":"SKIP","floor":40},{"not_picked":["Wild Strike+1","Clothesline+1","Bludgeon"],"picked":"SKIP","floor":44},{"not_picked":["Fire Breathing+1","Pommel Strike+1","Sword Boomerang"],"picked":"SKIP","floor":45},{"not_picked":["Sentinel+1","Rampage","Pummel"],"picked":"SKIP","floor":47},{"not_picked":["Pommel Strike","Anger","Clash"],"picked":"SKIP","floor":48}],"player_experience":2361545,"relics_obtained":[{"floor":6.0,"key":"MawBank"},{"floor":8.0,"key":"Vajra"},{"floor":9.0,"key":"Blood Vial"},{"floor":13.0,"key":"Kunai"},{"floor":22,"key":"Du-Vu Doll"},{"floor":22,"key":"Frozen Egg 2"},{"floor":24,"key":"Pocketwatch"},{"floor":26,"key":"Centennial Puzzle"},{"floor":27,"key":"Toxic Egg 2"},{"floor":40,"key":"Matryoshka"},{"floor":43,"key":"Ancient Tea Set"},{"floor":43,"key":"Self Forming Clay"},{"floor":44,"key":"Potion Belt"},{"floor":47,"key":"Lantern"}],"event_choices":[{"damage_healed":0.0,"max_hp_gain":0.0,"max_hp_loss":0.0,"gold_gain":0.0,"event_name":"Shining Light","player_choice":"Entered Light","floor":5.0,"gold_loss":0.0,"damage_taken":23.0,"cards_upgraded":["Shrug It Off","Strike_R"]},{"damage_healed":0.0,"max_hp_gain":0.0,"max_hp_loss":0.0,"gold_gain":0.0,"event_name":"Accursed Blacksmith","player_choice":"Rummage","floor":12.0,"gold_loss":0.0,"damage_taken":0.0,"relics_obtained":["WarpedTongs"],"cards_obtained":["Pain"]},{"damage_healed":0,"gold_gain":0,"player_choice":"Fight","damage_taken":0,"max_hp_gain":0,"max_hp_loss":0,"event_name":"Colosseum","floor":22,"gold_loss":0},{"damage_healed":0,"gold_gain":0,"player_choice":"Fought Nobs","damage_taken":0,"max_hp_gain":0,"max_hp_loss":0,"event_name":"Colosseum","floor":22,"gold_loss":0},{"damage_healed":0,"gold_gain":0,"player_choice":"Ignored","damage_taken":0,"max_hp_gain":0,"max_hp_loss":0,"event_name":"Beggar","floor":28,"gold_loss":0},{"damage_healed":0,"gold_gain":0,"player_choice":"Max HP","damage_taken":0,"max_hp_gain":0,"max_hp_loss":5,"event_name":"Winding Halls","floor":36,"gold_loss":0},{"damage_healed":0,"gold_gain":0,"player_choice":"Ignored","damage_taken":0,"max_hp_gain":0,"max_hp_loss":0,"event_name":"Golden Shrine","floor":37,"gold_loss":0}],"is_beta":false,"boss_relics":[{"not_picked":["Eternal Feather","Empty Cage"],"picked":"Ectoplasm"},{"not_picked":["Orrery","Runic Dome"],"picked":"Fusion Hammer"}],"items_purged_floors":[14,21],"is_endless":false,"potions_floor_spawned":[2,6,16,20,22,24,29,30,33,35,45,48],"ascension_level":15}