{"gold_per_floor":[117,117,117,117,136,136,136,180,204,204,229,229,253,286,286,380,380,403,403,403,421,444,444,444],"floor_reached":24,"playtime":1129,"items_purged":[],"score":408,"play_id":"50938b27-29e1-4b30-a5e4-bd851a4e71cd","local_time":"20190328222625","is_ascension_mode":true,"campfire_choices":[{"data":"Twin Strike","floor":6,"key":"SMITH"},{"data":"Battle Trance","floor":10,"key":"SMITH"},{"data":"Defend_R","floor":12,"key":"SMITH"},{"floor":15,"key":"REST"},{"floor":23,"key":"REST"}],"neow_cost":"NONE","seed_source_timestamp":751633607435900,"circlet_count":0,"master_deck":["AscendersBane","Strike_R","Strike_R","Strike_R+1","Strike_R+1","Defend_R+1","Defend_R","Defend_R","Defend_R","Bash+1","Twin Strike+1","Battle Trance+1","Demon Form","Pommel Strike","Reaper","Thunderclap","True Grit","Sword Boomerang"],"relics":["Burning Blood","Golden Idol","Red Skull","Whetstone","Blood Vial","Cursed Key","Enchiridion"],"potions_floor_usage":[22,22],"damage_taken":[{"damage":14,"enemies":"Jaw Worm","floor":1,"turns":5},{"damage":4,"enemies":"2 Louse","floor":5,"turns":4},{"damage":30,"enemies":"Lagavulin","floor":8,"turns":6},{"damage":7,"enemies":"Small Slimes","floor":11,"turns":4},{"damage":8,"enemies":"Blue Slaver","floor":13,"turns":3},{"damage":8,"enemies":"Gremlin Nob","floor":14,"turns":3},{"damage":33,"enemies":"The Guardian","floor":16,"turns":9},{"damage":25,"enemies":"2 Thieves","floor":18,"turns":3},{"damage":37,"enemies":"Shell Parasite","floor":21,"turns":4},{"damage":19,"enemies":"Snake Plant","floor":22,"turns":3},{"damage":58,"enemies":"Book of Stabbing","floor":24,"turns":4}],"seed_played":"196956764992612210","potions_obtained":[{"floor":8,"key":"Ancient Potion"},{"floor":14,"key":"Fire Potion"}],"is_trial":false,"path_per_floor":["M","?","?","T","M","R","?","E","T","R","M","R","M","E","R","B",null,"M","?","?","M","M","R","E"],"character_chosen":"IRONCLAD","items_purchased":[],"campfire_rested":2,"item_purchase_floors":[],"current_hp_per_floor":[67,67,60,60,62,62,62,38,38,38,37,37,35,33,55,30,63,46,25,40,24,20,42,0],"gold":444,"neow_bonus":"TEN_PERCENT_HP_BONUS","is_prod":false,"is_daily":false,"chose_seed":false,"campfire_upgraded":3,"win_rate":0,"timestamp":1553811985,"path_taken":["M","?","?","?","M","R","?","E","T","R","M","R","M","E","R","BOSS","M","?","?","M","M","R","E"],"build_version":"2019-01-23","purchased_purges":0,"victory":false,"max_hp_per_floor":[82,82,82,82,82,82,74,74,74,74,74,74,74,74,74,74,74,74,74,74,74,74,74,74],"card_choices":[{"not_picked":["Clothesline","Heavy Blade"],"picked":"Twin Strike","floor":1},{"not_picked":["Ghostly Armor","Perfected Strike"],"picked":"Battle Trance","floor":5},{"not_picked":["Havoc","Intimidate","Perfected Strike"],"picked":"SKIP","floor":8},{"not_picked":["Second Wind","Bloodletting","Wild Strike"],"picked":"SKIP","floor":11},{"not_picked":["Burning Pact","Clash"],"picked":"Demon Form","floor":13},{"not_picked":["Thunderclap","Armaments"],"picked":"Pommel Strike","floor":14},{"not_picked":["Brutality","Offering"],"picked":"Reaper","floor":16},{"not_picked":["Inflame","Twin Strike"],"picked":"Thunderclap","floor":18},{"not_picked":["Pommel Strike","Fire Breathing"],"picked":"True Grit","floor":21},{"not_picked":["Metallicize","Clothesline"],"picked":"Sword Boomerang","floor":22}],"player_experience":2352560,"relics_obtained":[{"floor":8,"key":"Red Skull"},{"floor":9,"key":"Whetstone"},{"floor":14,"key":"Blood Vial"},{"floor":19,"key":"Enchiridion"}],"event_choices":[{"damage_healed":0,"gold_gain":0,"player_choice":"Grow","damage_taken":0,"max_hp_gain":0,"max_hp_loss":0,"event_name":"Living Wall","floor":2,"gold_loss":0,"cards_upgraded":["Bash"]},{"cards_removed":["Strike_R"],"damage_healed":0,"gold_gain":0,"player_choice":"Card Removal","damage_taken":7,"max_hp_gain":0,"max_hp_loss":0,"event_name":"Golden Wing","floor":3,"gold_loss":0},{"damage_healed":0,"gold_gain":0,"player_choice":"Lose Max HP","damage_taken":0,"relics_obtained":["Golden Idol"],"max_hp_gain":0,"max_hp_loss":8,"event_name":"Golden Idol","floor":7,"gold_loss":0},{"damage_healed":0,"gold_gain":0,"player_choice":"Obtained Book","damage_taken":21,"max_hp_gain":0,"max_hp_loss":0,"event_name":"Cursed Tome","floor":19,"gold_loss":0},{"damage_healed":15,"gold_gain":0,"player_choice":"Heal","damage_taken":0,"max_hp_gain":0,"max_hp_loss":0,"event_name":"The Library","floor":20,"gold_loss":0}],"is_beta":false,"boss_relics":[{"not_picked":["Black Blood","Pandora\u0027s Box"],"picked":"Cursed Key"}],"items_purged_floors":[],"is_endless":false,"potions_floor_spawned":[8,14],"killed_by":"Book of Stabbing","ascension_level":20}