{"gold_per_floor":[112,122,132,151,1,1,15,33,33,62,14,30,30,42,42,146,196,215,228,238,250,270,270,15,15,38,38,56,67,13,112,112,112],"floor_reached":33,"playtime":3328,"items_purged":[],"score":275,"play_id":"f402549a-2145-4340-983a-272c4eda0c54","local_time":"20190506192228","is_ascension_mode":false,"campfire_choices":[{"data":"Armaments","floor":6,"key":"SMITH"},{"floor":13,"key":"REST"},{"data":"Impervious","floor":15,"key":"SMITH"},{"data":"Barricade","floor":23,"key":"SMITH"},{"floor":27,"key":"REST"},{"floor":32,"key":"REST"}],"neow_cost":"NONE","seed_source_timestamp":11939023308272,"circlet_count":0,"master_deck":["Strike_R","Strike_R","Strike_R","Strike_R","Strike_R+1","Defend_R","Defend_R","Defend_R","Defend_R","Bash","Armaments+1","Twin Strike","Inflame","Carnage","Clothesline","Clash","Reaper","Twin Strike","Impervious+1","Reaper","Iron Wave","Barricade+1","Uppercut","Shrug It Off","Pummel","Body Slam+1","Magnetism","Iron Wave+1","Pummel","Shrug It Off"],"relics":["Burning Blood","Ancient Tea Set","Bronze Scales","Dodecahedron","Ornamental Fan","Tiny House","Regal Pillow"],"potions_floor_usage":[7,12,16,18,18,20,22,25,25,29,33],"damage_taken":[{"damage":9,"enemies":"Small Slimes","floor":1,"turns":5},{"damage":1,"enemies":"Jaw Worm","floor":2,"turns":5},{"damage":10,"enemies":"Cultist","floor":3,"turns":4},{"damage":25,"enemies":"Lots of Slimes","floor":4,"turns":6},{"damage":1,"enemies":"2 Fungi Beasts","floor":7,"turns":2},{"damage":5,"enemies":"Looter","floor":8,"turns":3},{"damage":41,"enemies":"Gremlin Nob","floor":10,"turns":5},{"damage":7,"enemies":"Exordium Thugs","floor":12,"turns":5},{"damage":0,"enemies":"3 Louse","floor":14,"turns":3},{"damage":13,"enemies":"Slime Boss","floor":16,"turns":7},{"damage":20,"enemies":"Spheric Guardian","floor":18,"turns":4},{"damage":21,"enemies":"Shell Parasite","floor":19,"turns":7},{"damage":27,"enemies":"Snake Plant","floor":20,"turns":5},{"damage":28,"enemies":"Sentry and Sphere","floor":21,"turns":6},{"damage":29,"enemies":"Cultist and Chosen","floor":22,"turns":6},{"damage":40,"enemies":"Slavers","floor":25,"turns":4},{"damage":13,"enemies":"Snecko","floor":28,"turns":5},{"damage":31,"enemies":"Snake Plant","floor":29,"turns":3},{"damage":30,"enemies":"Automaton","floor":33,"turns":6}],"seed_played":"-3186456458915336280","potions_obtained":[{"floor":1,"key":"Weak Potion"},{"floor":2,"key":"SmokeBomb"},{"floor":10,"key":"EntropicBrew"},{"floor":12,"key":"Regen Potion"},{"floor":16,"key":"Regen Potion"},{"floor":17,"key":"PowerPotion"},{"floor":19,"key":"PowerPotion"},{"floor":21,"key":"Fire Potion"},{"floor":28,"key":"Poison Potion"},{"floor":29,"key":"Weak Potion"}],"is_trial":false,"path_per_floor":["M","M","M","M","$","R","M","M","T","E","$","M","R","M","R","B",null,"M","M","M","M","M","R","$","E","T","R","M","M","$","?","R","B"],"character_chosen":"IRONCLAD","items_purchased":["Bronze Scales","Block Potion","Magnetism","BloodPotion","Shrug It Off"],"campfire_rested":3,"item_purchase_floors":[5,11,24,24,30],"current_hp_per_floor":[77,80,76,57,57,57,62,63,63,28,28,31,55,68,68,74,85,73,65,44,22,23,23,23,9,9,49,42,17,17,17,57,27],"gold":112,"neow_bonus":"RANDOM_COMMON_RELIC","is_prod":false,"is_daily":false,"chose_seed":false,"campfire_upgraded":3,"win_rate":0.0,"timestamp":1557138148,"path_taken":["M","M","M","M","$","R","M","M","T","E","$","M","R","M","R","BOSS","M","M","M","M","M","R","$","E","T","R","M","M","$","?","R","BOSS"],"build_version":"2019-01-23","purchased_purges":0,"victory":false,"max_hp_per_floor":[80,80,80,80,80,80,80,80,80,80,80,80,80,80,80,80,85,85,85,85,85,85,85,85,85,85,85,85,85,85,85,85,85],"card_choices":[{"not_picked":["Burning Pact","Cleave"],"picked":"Armaments","floor":1},{"not_picked":["Cleave","Shrug It Off"],"picked":"Twin Strike","floor":2},{"not_picked":["Flex","True Grit"],"picked":"Inflame","floor":3},{"not_picked":["Flex","Sword Boomerang"],"picked":"Carnage","floor":4},{"not_picked":["Battle Trance","Pummel"],"picked":"Clothesline","floor":7},{"not_picked":["Rupture","Dual Wield"],"picked":"Clash","floor":8},{"not_picked":["Heavy Blade","Offering"],"picked":"Reaper","floor":10},{"not_picked":["Sword Boomerang","Thunderclap"],"picked":"Twin Strike","floor":12},{"not_picked":["Metallicize","Clothesline"],"picked":"Impervious","floor":14},{"not_picked":["Barricade","Dark Embrace"],"picked":"Reaper","floor":16},{"not_picked":["Twin Strike","Heavy Blade"],"picked":"Iron Wave","floor":17},{"not_picked":["Rage","Anger"],"picked":"Barricade","floor":18},{"not_picked":["Sword Boomerang","Clash"],"picked":"Uppercut","floor":19},{"not_picked":["Searing Blow","Sword Boomerang"],"picked":"Shrug It Off","floor":20},{"not_picked":["Shrug It Off","Thunderclap"],"picked":"Pummel","floor":21},{"not_picked":["Heavy Blade","Reckless Charge+1"],"picked":"Body Slam+1","floor":22},{"not_picked":["Sword Boomerang","Headbutt"],"picked":"Iron Wave+1","floor":28},{"not_picked":["Dropkick","Blood for Blood"],"picked":"Pummel","floor":29}],"player_experience":11327,"relics_obtained":[{"floor":9,"key":"Dodecahedron"},{"floor":10,"key":"Ornamental Fan"},{"floor":26,"key":"Regal Pillow"}],"event_choices":[{"damage_healed":0,"gold_gain":99,"player_choice":"Stole From Cult","damage_taken":0,"max_hp_gain":0,"max_hp_loss":0,"event_name":"Nest","floor":31,"gold_loss":0}],"is_beta":false,"boss_relics":[{"not_picked":["Philosopher\u0027s Stone","Runic Pyramid"],"picked":"Tiny House"}],"items_purged_floors":[],"is_endless":false,"potions_floor_spawned":[1,2,10,12,16,19,21,25,28,29],"killed_by":"Automaton","ascension_level":0}