{"gold_per_floor":[110,110,110,120,130,130,141,16,98,98,108,118,18,18,18,123,123,142,17,29,229,247,274,53,71,71,71,71,71,90,118,118,118],"floor_reached":33,"playtime":1506,"items_purged":["Strike_R","Strike_R","Strike_R","Defend_R"],"score":302,"play_id":"c3da21d7-5361-4a67-82fb-a0e927ba53ca","local_time":"20190506202003","is_ascension_mode":false,"campfire_choices":[{"floor":6,"key":"RECALL"},{"data":"Limit Break","floor":10,"key":"SMITH"},{"data":"Whirlwind","floor":15,"key":"SMITH"},{"floor":27,"key":"REST"},{"floor":29,"key":"REST"},{"floor":32,"key":"REST"}],"neow_cost":"NONE","seed_source_timestamp":1473805732102794,"circlet_count":0,"master_deck":["Strike_R","Defend_R","Defend_R","Defend_R","Bash","Limit Break+1","Twin Strike","Twin Strike","Heavy Blade","Heavy Blade","Heavy Blade","Anger","Whirlwind+1","Feed","Whirlwind","Battle Trance+1","Perfected Strike","Carnage","Battle Trance","Whirlwind","Twin Strike+1","J.A.X.","Pommel Strike+1","Ghostly Armor+1","Twin Strike+1","Fire Breathing"],"relics":["Burning Blood","Ornamental Fan","Snecko Eye","Juzu Bracelet","Dream Catcher","Darkstone Periapt"],"potions_floor_usage":[16,23,25,31,31,33],"damage_taken":[{"damage":12,"enemies":"Small Slimes","floor":1,"turns":4},{"damage":2,"enemies":"2 Louse","floor":4,"turns":3},{"damage":6,"enemies":"Cultist","floor":5,"turns":3},{"damage":5,"enemies":"Looter","floor":7,"turns":3},{"damage":31,"enemies":"Gremlin Gang","floor":11,"turns":5},{"damage":5,"enemies":"2 Fungi Beasts","floor":12,"turns":3},{"damage":35,"enemies":"Slime Boss","floor":16,"turns":6},{"damage":0,"enemies":"Spheric Guardian","floor":18,"turns":2},{"damage":20,"enemies":"2 Thieves","floor":20,"turns":3},{"damage":24,"enemies":"Shelled Parasite and Fungi","floor":22,"turns":5},{"damage":35,"enemies":"Gremlin Leader","floor":23,"turns":5},{"damage":0,"enemies":"Snecko","floor":25,"turns":2},{"damage":17,"enemies":"Snake Plant","floor":30,"turns":2},{"damage":24,"enemies":"Book of Stabbing","floor":31,"turns":4},{"damage":90,"enemies":"Champ","floor":33,"turns":7}],"seed_played":"7304320092403860592","potions_obtained":[{"floor":4,"key":"Swift Potion"},{"floor":5,"key":"Dexterity Potion"},{"floor":14,"key":"Fire Potion"},{"floor":14,"key":"Weak Potion"},{"floor":20,"key":"Fire Potion"},{"floor":23,"key":"SpeedPotion"},{"floor":25,"key":"Weak Potion"},{"floor":30,"key":"Fire Potion"}],"is_trial":false,"path_per_floor":["M","?","?","M","M","R","M","$","T","R","M","M","$","?","R","B",null,"M","$","M","?","M","E","$","M","T","R","?","R","M","E","R","B"],"character_chosen":"IRONCLAD","items_purchased":["Heavy Blade","Battle Trance"],"campfire_rested":3,"item_purchase_floors":[8,24],"current_hp_per_floor":[74,67,67,71,71,71,72,72,72,72,47,48,48,48,48,19,80,80,80,66,66,48,19,19,28,28,52,52,76,65,47,71,0],"gold":118,"neow_bonus":"ONE_RANDOM_RARE_CARD","is_prod":false,"is_daily":false,"chose_seed":false,"campfire_upgraded":2,"win_rate":0,"timestamp":1557166803,"path_taken":["M","?","?","M","M","R","M","$","T","R","M","M","$","?","R","BOSS","M","?","M","?","?","E","$","M","T","R","?","R","M","E","R","BOSS"],"build_version":"2019-01-23","purchased_purges":4,"victory":false,"max_hp_per_floor":[80,80,80,80,80,80,80,80,80,80,80,80,80,80,80,80,80,80,80,80,80,80,80,80,83,83,83,83,83,83,83,83,83],"card_choices":[{"not_picked":["Clash","Clothesline"],"picked":"Twin Strike","floor":1},{"not_picked":["Headbutt","Warcry"],"picked":"Twin Strike","floor":4},{"not_picked":["Second Wind","Cleave"],"picked":"Heavy Blade","floor":5},{"not_picked":["Twin Strike","Clash"],"picked":"Heavy Blade","floor":7},{"not_picked":["Flame Barrier","Disarm"],"picked":"Anger","floor":11},{"not_picked":["Bloodletting","Power Through"],"picked":"Whirlwind","floor":12},{"not_picked":["Dark Embrace","Berserk"],"picked":"Feed","floor":16},{"not_picked":["Flex","Twin Strike"],"picked":"Whirlwind","floor":18},{"not_picked":["Warcry","Rupture+1"],"picked":"Battle Trance+1","floor":20},{"not_picked":["Reckless Charge","Twin Strike"],"picked":"Perfected Strike","floor":22},{"not_picked":["Body Slam","Iron Wave"],"picked":"Carnage","floor":23},{"not_picked":["Wild Strike","Iron Wave"],"picked":"Whirlwind","floor":25},{"not_picked":["Wild Strike","Burning Pact"],"picked":"Twin Strike+1","floor":27},{"not_picked":["Body Slam","Battle Trance"],"picked":"Pommel Strike+1","floor":29},{"not_picked":["Headbutt","Twin Strike"],"picked":"Ghostly Armor+1","floor":30},{"not_picked":["Armaments","Whirlwind"],"picked":"Twin Strike+1","floor":31},{"not_picked":["Pummel","Clash"],"picked":"Fire Breathing","floor":32}],"player_experience":68926,"relics_obtained":[{"floor":9,"key":"Ornamental Fan"},{"floor":23,"key":"Juzu Bracelet"},{"floor":26,"key":"Dream Catcher"},{"floor":31,"key":"Darkstone Periapt"}],"event_choices":[{"cards_removed":["Strike_R"],"damage_healed":0,"gold_gain":0,"player_choice":"Card Removal","damage_taken":7,"max_hp_gain":0,"max_hp_loss":0,"event_name":"Golden Wing","floor":2,"gold_loss":0},{"damage_healed":0,"gold_gain":0,"player_choice":"Ignored","damage_taken":0,"max_hp_gain":0,"max_hp_loss":0,"event_name":"Liars Game","floor":3,"gold_loss":0},{"damage_healed":0,"gold_gain":0,"player_choice":"Got Potions","damage_taken":0,"max_hp_gain":0,"max_hp_loss":0,"event_name":"Lab","floor":14,"gold_loss":0},{"damage_healed":0,"gold_gain":200,"player_choice":"Gold","damage_taken":0,"max_hp_gain":0,"max_hp_loss":0,"event_name":"Wheel of Change","floor":21,"gold_loss":0},{"damage_healed":0,"gold_gain":0,"player_choice":"Obtain J.A.X.","damage_taken":0,"max_hp_gain":0,"max_hp_loss":0,"event_name":"Drug Dealer","floor":28,"gold_loss":0,"cards_obtained":["J.A.X."]}],"is_beta":false,"boss_relics":[{"not_picked":["Coffee Dripper","Lizard Tail"],"picked":"Snecko Eye"}],"items_purged_floors":[8,13,19,24],"is_endless":false,"potions_floor_spawned":[4,5,20,23,25,30],"killed_by":"Champ","ascension_level":0}