{"gold_per_floor":[118,137,157,5,23,23,49,62,88,105,117,117,117,148,148,224,224,237,217,20,32,46,46,66,66,66,97,97,128,3,3,3,77,77,94,112,112,112,162,162,174,174,174,187,249,265,315,375,375,375],"floor_reached":51,"playtime":4370,"items_purged":["Strike_G","Strike_G","Defend_G"],"score":1198,"play_id":"49b2e4e4-c9cc-4788-a1cf-97740a96fe98","local_time":"20180712140237","is_ascension_mode":true,"campfire_choices":[{"data":"Survivor","floor":6.0,"key":"SMITH"},{"floor":13.0,"key":"REST"},{"data":"Noxious Fumes","floor":15.0,"key":"SMITH"},{"data":"Tactician","floor":23,"key":"SMITH"},{"data":"Cloak And Dagger","floor":25,"key":"SMITH"},{"data":"Backflip","floor":28,"key":"SMITH"},{"floor":32,"key":"REST"},{"data":"Catalyst","floor":40,"key":"SMITH"},{"data":"Well Laid Plans","floor":42,"key":"SMITH"},{"data":"Escape Plan","floor":49,"key":"SMITH"}],"neow_cost":"NONE","seed_source_timestamp":22133302361088,"circlet_count":0,"master_deck":["Defend_G","Defend_G","Strike_G","Strike_G","Survivor+1","Neutralize+1","AscendersBane","Well Laid Plans+1","Dagger Throw","Predator","All Out Attack","Quick Slash","Noxious Fumes+1","Malaise+1","Crippling Poison+1","Tactician+1","Adrenaline","Acrobatics","Cloak And Dagger+1","Backflip+1","Escape Plan+1","Dagger Spray","Catalyst+1","Leg Sweep+1","Night Terror+1","Calculated Gamble+1","Reflex+1","Writhe","Bane+1","Prepared+1","PiercingWail+1","Backflip+1"],"special_seed":0,"relics":["Ring of the Snake","Vajra","Strawberry","Art of War","Sozu","Pear","Oddly Smooth Stone","Toxic Egg 2","Empty Cage","SsserpentHead","The Specimen","Shuriken"],"potions_floor_usage":[],"damage_taken":[{"damage":3.0,"enemies":"Cultist","floor":1.0,"turns":5.0},{"damage":1.0,"enemies":"2 Louse","floor":2.0,"turns":4.0},{"damage":2.0,"enemies":"Jaw Worm","floor":3.0,"turns":4.0},{"damage":0.0,"enemies":"Blue Slaver","floor":5.0,"turns":4.0},{"damage":12.0,"enemies":"3 Sentries","floor":7.0,"turns":6.0},{"damage":4.0,"enemies":"Red Slaver","floor":8.0,"turns":4.0},{"damage":1.0,"enemies":"Looter","floor":10.0,"turns":3.0},{"damage":6.0,"enemies":"3 Louse","floor":11.0,"turns":3.0},{"damage":15.0,"enemies":"Gremlin Nob","floor":14.0,"turns":4.0},{"damage":0.0,"enemies":"The Guardian","floor":16.0,"turns":10.0},{"damage":11.0,"enemies":"3 Byrds","floor":18.0,"turns":4.0},{"damage":0.0,"enemies":"Shell Parasite","floor":21.0,"turns":3.0},{"damage":4,"enemies":"Sentry and Sphere","floor":22,"turns":6},{"damage":0,"enemies":"Cultist and Chosen","floor":24,"turns":5},{"damage":8,"enemies":"Gremlin Leader","floor":27,"turns":6},{"damage":20,"enemies":"Slavers","floor":29,"turns":6},{"damage":19,"enemies":"Automaton","floor":33,"turns":11},{"damage":0,"enemies":"3 Shapes","floor":35,"turns":5},{"damage":15,"enemies":"3 Darklings","floor":36,"turns":5},{"damage":5,"floor":39,"turns":7},{"damage":11,"enemies":"Maw","floor":41,"turns":8},{"damage":19,"enemies":"Sphere and 2 Shapes","floor":44,"turns":7},{"damage":0,"enemies":"3 Darklings","floor":45,"turns":4},{"damage":6,"enemies":"4 Shapes","floor":46,"turns":5},{"damage":4,"enemies":"Maw","floor":48,"turns":4},{"damage":57,"enemies":"Donu and Deca","floor":50,"turns":8}],"seed_played":"2992131166911647699","potions_obtained":[{"floor":1.0,"key":"Strength Potion"},{"floor":5.0,"key":"Swift Potion"},{"floor":8.0,"key":"Regen Potion"}],"is_trial":false,"path_per_floor":["M","M","M","$","M","R","E","M","T","M","M","?","R","E","R","B",null,"M","?","$","M","M","R","M","R","T","E","R","E","$","?","R","B",null,"M","M","?","?","?","R","M","R","T","M","M","M","?","M","R","B"],"character_chosen":"THE_SILENT","items_purchased":["All Out Attack","Cloak And Dagger","Backflip"],"campfire_rested":2,"item_purchase_floors":[4,20,20],"current_hp_per_floor":[60,59,57,57,57,57,45,41,48,47,41,26,49,34,34,49,70,59,59,59,59,55,55,55,55,65,57,57,37,37,37,63,44,76,76,61,83,83,78,78,67,67,67,48,48,42,76,72,72,15],"gold":375,"neow_bonus":"UPGRADE_CARD","is_prod":false,"is_daily":false,"chose_seed":false,"campfire_upgraded":8,"win_rate":0,"timestamp":1531429357,"path_taken":["M","M","M","$","M","R","E","M","T","M","M","?","R","E","R","BOSS","M","?","$","M","M","R","M","R","T","E","R","E","$","?","R","BOSS","M","M","?","?","?","R","M","R","T","M","?","M","?","?","R","BOSS"],"build_version":"2018-07-05","purchased_purges":3,"victory":true,"max_hp_per_floor":[70,70,70,70,70,70,70,70,77,77,77,77,77,77,77,77,77,77,77,77,77,77,77,77,77,87,87,87,87,87,87,87,87,87,87,87,87,87,87,87,87,87,87,87,87,87,76,76,76,76],"card_choices":[{"not_picked":["Blur","Deflect"],"picked":"Well Laid Plans","floor":1.0},{"not_picked":["Dodge and Roll","Flechettes"],"picked":"Dagger Throw","floor":2.0},{"not_picked":["Cloak And Dagger","Acrobatics"],"picked":"Predator","floor":3.0},{"not_picked":["Heel Hook","Flying Knee"],"picked":"Quick Slash","floor":5.0},{"not_picked":["Quick Slash","Distraction","Bane"],"picked":"SKIP","floor":7.0},{"not_picked":["Choke","Deflect"],"picked":"Noxious Fumes","floor":8.0},{"not_picked":["Escape Plan","Cloak And Dagger"],"picked":"Malaise","floor":10.0},{"not_picked":["Endless Agony","Catalyst"],"picked":"Crippling Poison","floor":11.0},{"not_picked":["Poisoned Stab","Outmaneuver"],"picked":"Tactician","floor":14.0},{"not_picked":["Envenom","Wraith Form v2"],"picked":"Adrenaline","floor":16.0},{"not_picked":["Skewer","Quick Slash"],"picked":"Acrobatics","floor":18.0},{"not_picked":["Expertise","Dodge and Roll","Blade Dance"],"picked":"SKIP","floor":21.0},{"not_picked":["Slice","Flying Knee"],"picked":"Escape Plan","floor":22},{"not_picked":["Dodge and Roll","Caltrops"],"picked":"Dagger Spray","floor":24},{"not_picked":["Malaise","Outmaneuver"],"picked":"Catalyst","floor":27},{"not_picked":["Terror+1","Dodge and Roll"],"picked":"Leg Sweep","floor":29},{"not_picked":["Unload","Glass Knife"],"picked":"Night Terror+1","floor":33},{"not_picked":["Bane","Infinite Blades"],"picked":"Calculated Gamble+1","floor":35},{"not_picked":["Eviscerate+1","Flechettes"],"picked":"Reflex+1","floor":36},{"not_picked":["Blade Dance+1","Outmaneuver+1"],"picked":"Bane+1","floor":39},{"not_picked":["Sucker Punch+1","Dagger Spray"],"picked":"Prepared+1","floor":41},{"not_picked":["Calculated Gamble+1","Poisoned Stab","Predator"],"picked":"SKIP","floor":44},{"not_picked":["Outmaneuver+1","Sucker Punch"],"picked":"PiercingWail+1","floor":45},{"not_picked":["Bane","Eviscerate","Flechettes+1"],"picked":"SKIP","floor":46},{"not_picked":["Outmaneuver+1","Masterful Stab"],"picked":"Backflip+1","floor":48}],"player_experience":740995,"relics_obtained":[{"floor":7.0,"key":"Vajra"},{"floor":9.0,"key":"Strawberry"},{"floor":14.0,"key":"Art of War"},{"floor":26,"key":"Pear"},{"floor":27,"key":"Oddly Smooth Stone"},{"floor":29,"key":"Toxic Egg 2"},{"floor":39,"key":"The Specimen"},{"floor":43,"key":"Shuriken"}],"event_choices":[{"event_name":"Shining Light","player_choice":"Entered Light","floor":12.0,"damage_taken":0.0},{"event_name":"The Woman in Blue","player_choice":"Bought 1 Potion","floor":19.0,"damage_taken":0.0},{"event_name":"Back to Basics","player_choice":"Elegance","floor":31,"damage_taken":0},{"event_name":"Winding Halls","player_choice":"Writhe","floor":37,"damage_taken":0},{"event_name":"FaceTrader","player_choice":"Trade","floor":38,"damage_taken":0},{"event_name":"MindBloom","player_choice":"Fight","floor":39,"damage_taken":0},{"event_name":"The Moai Head","player_choice":"Heal","floor":47,"damage_taken":0}],"boss_relics":[{"not_picked":["Runic Dome","Orrery"],"picked":"Sozu"},{"not_picked":["Lizard Tail","Fusion Hammer"],"picked":"Empty Cage"}],"items_purged_floors":[4,20,30],"is_endless":false,"potions_floor_spawned":[1,5,7,8,18,22,24,36,41,48],"ascension_level":13}