{"gold_per_floor":[110,110,121,141,158,158,187,187,187,187,219,235,252,279,279,356,356,370,394,394,394,394,425,91,91],"floor_reached":25,"playtime":1089,"items_purged":[],"score":462,"play_id":"1ec4d35b-a2d2-4243-99d1-7a5ac33b5771","local_time":"20190126185123","is_ascension_mode":true,"campfire_choices":[{"data":"Bouncing Flask","floor":6.0,"key":"SMITH"},{"data":"Survivor","floor":10.0,"key":"SMITH"},{"data":"Calculated Gamble","floor":15.0,"key":"SMITH"}],"neow_cost":"NONE","seed_source_timestamp":125008814491387,"circlet_count":0,"master_deck":["AscendersBane","Defend_G","Defend_G","Defend_G","Defend_G","Defend_G","Survivor+1","Neutralize+1","Backflip+1","Bouncing Flask+1","PiercingWail","Choke","Calculated Gamble+1","Dagger Throw","Malaise","Outmaneuver+1","Catalyst+1","Deadly Poison","Wraith Form v2","Tools of the Trade","Backflip","Dash+1"],"special_seed":0,"relics":["Ring of the Snake","Blue Candle","Gambling Chip","Pocketwatch","Juzu Bracelet","Astrolabe","Orichalcum","Molten Egg 2","Mummified Hand"],"potions_floor_usage":[25,25],"damage_taken":[{"damage":0.0,"enemies":"Jaw Worm","floor":1.0,"turns":5.0},{"damage":0.0,"enemies":"2 Louse","floor":3.0,"turns":3.0},{"damage":0.0,"enemies":"Cultist","floor":4.0,"turns":3.0},{"damage":3.0,"enemies":"Red Slaver","floor":5.0,"turns":8.0},{"damage":9.0,"enemies":"Lagavulin","floor":7.0,"turns":10.0},{"damage":9.0,"enemies":"Gremlin Nob","floor":11.0,"turns":3.0},{"damage":0.0,"enemies":"2 Fungi Beasts","floor":12.0,"turns":3.0},{"damage":0.0,"enemies":"Blue Slaver","floor":13.0,"turns":3.0},{"damage":0.0,"enemies":"Lagavulin","floor":14.0,"turns":5.0},{"damage":4.0,"enemies":"The Guardian","floor":16.0,"turns":7.0},{"damage":19.0,"enemies":"2 Thieves","floor":18.0,"turns":4.0},{"damage":38.0,"enemies":"Slavers","floor":23.0,"turns":7.0},{"damage":45,"enemies":"Masked Bandits","floor":25,"turns":3}],"seed_played":"1365156297771630989","potions_obtained":[{"floor":4.0,"key":"Regen Potion"},{"floor":5.0,"key":"Swift Potion"},{"floor":11.0,"key":"FearPotion"},{"floor":16.0,"key":"Poison Potion"},{"floor":23.0,"key":"SkillPotion"}],"is_trial":false,"path_per_floor":["M","?","M","M","M","R","E","?","T","R","E","M","M","E","R","B",null,"M","T","?","?","?","E","$","?"],"character_chosen":"THE_SILENT","items_purchased":["Mummified Hand","Dash+1"],"campfire_rested":0,"item_purchase_floors":[24,24],"current_hp_per_floor":[59,59,59,59,56,56,47,47,47,47,38,38,38,38,38,34,58,39,39,52,52,52,14,14,0],"gold":91,"neow_bonus":"UPGRADE_CARD","is_prod":false,"is_daily":false,"chose_seed":false,"campfire_upgraded":3,"win_rate":0,"timestamp":1548557483,"path_taken":["M","?","M","M","M","R","E","?","T","R","E","?","M","E","R","BOSS","M","?","?","?","?","E","$","?"],"build_version":"2019-01-23","purchased_purges":0,"victory":false,"max_hp_per_floor":[66,66,66,66,66,66,66,66,66,66,66,66,66,66,66,66,66,66,66,66,66,66,66,66,66],"card_choices":[{"not_picked":["Dodge and Roll","Outmaneuver"],"picked":"Backflip","floor":1.0},{"not_picked":["Outmaneuver","Bane","Night Terror"],"picked":"SKIP","floor":3.0},{"not_picked":["Acrobatics","Underhanded Strike"],"picked":"Bouncing Flask","floor":4.0},{"not_picked":["Bane","Eviscerate","PiercingWail"],"picked":"SKIP","floor":5.0},{"not_picked":["Tools of the Trade","Outmaneuver"],"picked":"PiercingWail","floor":7.0},{"not_picked":["Acrobatics","Outmaneuver"],"picked":"Calculated Gamble","floor":11.0},{"not_picked":["Concentrate","Choke","Masterful Stab"],"picked":"SKIP","floor":12.0},{"not_picked":["Blade Dance","Blur"],"picked":"Dagger Throw","floor":13.0},{"not_picked":["Predator","Quick Slash","Masterful Stab"],"picked":"SKIP","floor":14.0},{"not_picked":["Storm of Steel","Wraith Form v2"],"picked":"Malaise","floor":16.0},{"not_picked":["Dagger Throw","Terror"],"picked":"Deadly Poison","floor":18.0},{"not_picked":["Eviscerate","Dagger Spray"],"picked":"Backflip","floor":23.0}],"player_experience":2073281,"relics_obtained":[{"floor":7.0,"key":"Blue Candle"},{"floor":9.0,"key":"Gambling Chip"},{"floor":11.0,"key":"Pocketwatch"},{"floor":14.0,"key":"Juzu Bracelet"},{"floor":19.0,"key":"Orichalcum"},{"floor":23.0,"key":"Molten Egg 2"}],"event_choices":[{"damage_healed":0.0,"max_hp_gain":0.0,"max_hp_loss":0.0,"gold_gain":0.0,"event_name":"Living Wall","player_choice":"Grow","floor":2.0,"gold_loss":0.0,"damage_taken":0.0,"cards_upgraded":["Backflip"]},{"damage_healed":0.0,"max_hp_gain":0.0,"max_hp_loss":0.0,"gold_gain":0.0,"cards_transformed":["Strike_G"],"event_name":"Transmorgrifier","player_choice":"Transformed","floor":8.0,"gold_loss":0.0,"damage_taken":0.0,"cards_obtained":["Choke"]},{"damage_healed":13.0,"max_hp_gain":0.0,"max_hp_loss":0.0,"gold_gain":0.0,"event_name":"The Library","player_choice":"Heal","floor":20.0,"gold_loss":0.0,"damage_taken":0.0},{"damage_healed":0.0,"max_hp_gain":0.0,"max_hp_loss":0.0,"gold_gain":0.0,"event_name":"Lab","player_choice":"Got Potions","floor":21.0,"gold_loss":0.0,"damage_taken":0.0},{"damage_healed":0.0,"max_hp_gain":0.0,"max_hp_loss":0.0,"gold_gain":0.0,"cards_transformed":["Strike_G","Endless Agony"],"event_name":"Drug Dealer","player_choice":"Became Test Subject","floor":22.0,"gold_loss":0.0,"damage_taken":0.0,"cards_obtained":["Wraith Form v2","Tools of the Trade"]},{"damage_healed":0,"gold_gain":0,"player_choice":"Fought Bandits","damage_taken":0,"max_hp_gain":0,"max_hp_loss":0,"event_name":"Masked Bandits","floor":25,"gold_loss":0}],"is_beta":false,"boss_relics":[{"not_picked":["Runic Dome","Busted Crown"],"picked":"Astrolabe"}],"items_purged_floors":[],"is_endless":false,"potions_floor_spawned":[4,5,11,16,23],"killed_by":"Masked Bandits","ascension_level":15}