{"gold_per_floor":[113,133,151,76,76,76,108,123,146,116,116,134,309,322,322,322],"floor_reached":16,"playtime":279,"items_purged":["Strike_R"],"score":133,"play_id":"677641e5-617c-432e-8fab-abdeefc1378f","local_time":"25610723030847","is_ascension_mode":true,"campfire_choices":[{"data":"Bash","floor":6,"key":"SMITH"},{"floor":11,"key":"REST"},{"data":"Infernal Blade","floor":15,"key":"SMITH"}],"neow_cost":"NONE","seed_source_timestamp":62682183441101,"circlet_count":0,"master_deck":["Strike_R+1","Strike_R","Strike_R","Strike_R+1","Defend_R","Defend_R","Defend_R","Defend_R","Bash+1","Clash","Infernal Blade+1","Flex","Inflame","Flame Barrier","Cleave","Doubt"],"relics":["Burning Blood","NeowsBlessing","Juzu Bracelet","Lantern"],"potions_floor_usage":[8,12,12,16],"damage_taken":[{"damage":0,"enemies":"Cultist","floor":1,"turns":1},{"damage":0,"enemies":"2 Louse","floor":2,"turns":2},{"damage":0,"enemies":"Small Slimes","floor":3,"turns":1},{"damage":30,"enemies":"Lagavulin","floor":7,"turns":5},{"damage":14,"enemies":"Exordium Thugs","floor":8,"turns":3},{"damage":12,"enemies":"Looter","floor":12,"turns":3},{"damage":11,"enemies":"Blue Slaver","floor":14,"turns":3},{"damage":54,"enemies":"Hexaghost","floor":16,"turns":7}],"seed_played":"-7141059521016803967","potions_obtained":[{"floor":3,"key":"SmokeBomb"},{"floor":7,"key":"Energy Potion"},{"floor":10,"key":"Fire Potion"},{"floor":10,"key":"BloodPotion"},{"floor":12,"key":"FearPotion"},{"floor":14,"key":"Ancient Potion"}],"is_trial":false,"path_per_floor":["M","M","M","$","?","R","E","M","T","?","R","M","?","M","R"],"character_chosen":"IRONCLAD","items_purchased":[],"campfire_rested":1,"item_purchase_floors":[],"current_hp_per_floor":[78,80,80,80,64,64,40,32,32,32,56,58,58,53,53,0],"gold":322,"neow_bonus":"THREE_ENEMY_KILL","is_prod":false,"is_daily":false,"chose_seed":false,"campfire_upgraded":2,"win_rate":0,"timestamp":1532290127,"path_taken":["M","?","M","$","?","R","E","M","T","?","R","M","?","M","R","BOSS"],"build_version":"2018-07-19v2","purchased_purges":1,"victory":false,"max_hp_per_floor":[80,80,80,80,80,80,80,80,80,80,80,80,80,80,80,80],"card_choices":[{"not_picked":["Evolve","Shrug It Off"],"picked":"Clash","floor":1},{"not_picked":["Body Slam","Clash"],"picked":"Infernal Blade","floor":2},{"not_picked":["Evolve","True Grit"],"picked":"Flex","floor":3},{"not_picked":["Body Slam","Demon Form"],"picked":"Inflame","floor":7},{"not_picked":["Clothesline","Clash"],"picked":"Flame Barrier","floor":8},{"not_picked":["Perfected Strike","Sentinel"],"picked":"Cleave","floor":12},{"not_picked":["Warcry","Dual Wield","Sword Boomerang"],"picked":"SKIP","floor":14}],"player_experience":125769,"relics_obtained":[{"floor":7,"key":"Juzu Bracelet"},{"floor":9,"key":"Lantern"}],"event_choices":[{"event_name":"Shining Light","player_choice":"Entered Light","floor":5,"damage_taken":0},{"event_name":"The Woman in Blue","player_choice":"Bought 2 Potions","floor":10,"damage_taken":0},{"event_name":"Liars Game","player_choice":"agreed","floor":13,"damage_taken":0}],"is_beta":false,"boss_relics":[],"items_purged_floors":[4],"is_endless":false,"potions_floor_spawned":[3,7,12,14],"killed_by":"Hexaghost","ascension_level":6}