{"gold_per_floor":[119,119,130,145,145,145,164,164,187,187,211,246,265,290,290,367,367,381,104,117,129,129,129,149,178,229,261,261,286,302,321,321,399,399,414,414,465,483,497,497,522,522,522,538,551,3,3,38,38,38],"floor_reached":51,"playtime":3082,"items_purged":["Strike_G"],"score":1248,"play_id":"fc1c44f7-bc50-488c-9729-8c5cf5178a1a","local_time":"20181016130610","is_ascension_mode":true,"campfire_choices":[{"data":"Neutralize","floor":6.0,"key":"SMITH"},{"data":"Choke","floor":8.0,"key":"SMITH"},{"data":"Adrenaline","floor":10.0,"key":"SMITH"},{"data":"Bullet Time","floor":15.0,"key":"SMITH"},{"data":"A Thousand Cuts","floor":23.0,"key":"SMITH"},{"floor":32.0,"key":"REST"},{"data":"Adrenaline","floor":40,"key":"SMITH"},{"data":"Cloak And Dagger","floor":42,"key":"SMITH"},{"data":"Discovery","floor":47,"key":"SMITH"},{"data":"Secret Technique","floor":49,"key":"SMITH"}],"neow_cost":"NONE","seed_source_timestamp":17594102326128,"circlet_count":0,"master_deck":["Defend_G","Defend_G","Defend_G","Defend_G","Defend_G","Strike_G","Survivor","Neutralize+1","AscendersBane","Choke+1","Backstab","Adrenaline+1","Sucker Punch","Slice","Bullet Time+1","Blade Dance","Cloak And Dagger+1","Backflip","A Thousand Cuts+1","Dagger Throw","Predator","Dodge and Roll+1","Leg Sweep","Backflip","Footwork","Acrobatics+1","Adrenaline+1","Cloak And Dagger","Backflip","Discovery+1","Secret Technique+1"],"special_seed":0,"relics":["Ring of the Snake","Omamori","Odd Mushroom","Blood Vial","Boot","Snecko Eye","Sling","Prayer Wheel","Smiling Mask","Blue Candle","MutagenicStrength","Bottled Lightning","Busted Crown","Pocketwatch","Vajra","Ornamental Fan","Toolbox"],"potions_floor_usage":[41,50],"damage_taken":[{"damage":0.0,"enemies":"2 Louse","floor":1.0,"turns":4.0},{"damage":0.0,"enemies":"Cultist","floor":3.0,"turns":2.0},{"damage":0.0,"enemies":"Small Slimes","floor":4.0,"turns":3.0},{"damage":3.0,"enemies":"Blue Slaver","floor":7.0,"turns":4.0},{"damage":2.0,"enemies":"The Mushroom Lair","floor":11.0,"turns":4.0},{"damage":17.0,"enemies":"3 Sentries","floor":12.0,"turns":10.0},{"damage":7.0,"enemies":"Large Slime","floor":13.0,"turns":7.0},{"damage":14.0,"enemies":"Lagavulin","floor":14.0,"turns":5.0},{"damage":21.0,"enemies":"The Guardian","floor":16.0,"turns":14.0},{"damage":0.0,"enemies":"Chosen","floor":18.0,"turns":3.0},{"damage":6.0,"enemies":"2 Thieves","floor":20.0,"turns":3.0},{"damage":14.0,"enemies":"Snake Plant","floor":21.0,"turns":3.0},{"damage":0.0,"enemies":"Centurion and Healer","floor":24.0,"turns":2.0},{"damage":13.0,"enemies":"Gremlin Leader","floor":25.0,"turns":4.0},{"damage":5.0,"enemies":"Slavers","floor":27.0,"turns":7.0},{"damage":18.0,"enemies":"Book of Stabbing","floor":29.0,"turns":5.0},{"damage":0.0,"enemies":"Chosen and Byrds","floor":30.0,"turns":6.0},{"damage":0.0,"enemies":"Shelled Parasite and Fungi","floor":31.0,"turns":4.0},{"damage":21.0,"enemies":"Collector","floor":33.0,"turns":6.0},{"damage":0.0,"enemies":"3 Shapes","floor":35.0,"turns":3.0},{"damage":14.0,"enemies":"Mysterious Sphere","floor":37.0,"turns":5.0},{"damage":3,"enemies":"3 Darklings","floor":38,"turns":6},{"damage":0,"enemies":"Reptomancer","floor":39,"turns":3},{"damage":4,"enemies":"2 Orb Walkers","floor":41,"turns":5},{"damage":1,"enemies":"Maw","floor":44,"turns":8},{"damage":0,"enemies":"Spire Growth","floor":45,"turns":4},{"damage":0,"enemies":"4 Shapes","floor":48,"turns":3},{"damage":35,"enemies":"Awakened One","floor":50,"turns":13}],"seed_played":"3973586851239059170","potions_obtained":[{"floor":1.0,"key":"SpeedPotion"},{"floor":4.0,"key":"Swift Potion"},{"floor":18.0,"key":"SteroidPotion"},{"floor":24.0,"key":"GamblersBrew"},{"floor":31.0,"key":"FairyPotion"},{"floor":33.0,"key":"SkillPotion"},{"floor":45,"key":"Regen Potion"}],"is_trial":false,"path_per_floor":["M","?","M","M","?","R","M","R","T","R","?","E","M","E","R","B",null,"M","$","M","M","?","R","M","E","T","E","?","E","M","M","R","B",null,"M","?","?","M","M","R","E","R","T","M","M","$","R","M","R","B"],"character_chosen":"THE_SILENT","items_purchased":["Sling","Predator","Discovery","Secret Technique","Toolbox"],"campfire_rested":1,"item_purchase_floors":[19,19,46,46,46],"current_hp_per_floor":[59,59,59,59,64,64,61,61,61,61,59,42,37,25,25,6,55,57,57,53,41,41,41,43,32,32,29,29,13,15,17,38,19,58,60,60,48,47,49,49,47,47,47,48,50,50,50,52,52,34],"gold":38,"neow_bonus":"TRANSFORM_CARD","is_prod":false,"is_daily":false,"chose_seed":false,"campfire_upgraded":9,"win_rate":0,"timestamp":1539720370,"path_taken":["M","?","M","M","?","R","?","R","T","R","?","E","M","E","R","BOSS","M","$","M","M","?","R","M","E","T","E","?","E","M","M","R","BOSS","M","?","?","M","M","R","E","R","T","?","M","$","R","M","R","BOSS"],"build_version":"2018-10-11","purchased_purges":1,"victory":true,"max_hp_per_floor":[66,66,66,66,71,71,71,71,71,71,71,71,71,71,71,71,71,71,71,71,71,71,71,71,71,71,71,71,71,71,71,71,71,71,71,71,71,71,71,71,71,71,71,71,71,71,71,71,71,71],"card_choices":[{"not_picked":["Endless Agony","Outmaneuver"],"picked":"Backstab","floor":1.0},{"not_picked":["Bouncing Flask","Bane"],"picked":"Sucker Punch","floor":3.0},{"not_picked":["All Out Attack","Setup"],"picked":"Slice","floor":4.0},{"not_picked":["PiercingWail","Riddle With Holes","Choke"],"picked":"SKIP","floor":7.0},{"not_picked":["Outmaneuver","Quick Slash"],"picked":"Bullet Time","floor":11.0},{"not_picked":["Quick Slash","Underhanded Strike"],"picked":"Blade Dance","floor":12.0},{"not_picked":["Quick Slash","Sucker Punch"],"picked":"Cloak And Dagger","floor":13.0},{"not_picked":["Dash","Slice"],"picked":"Backflip","floor":14.0},{"not_picked":["Wraith Form v2","Bullet Time"],"picked":"A Thousand Cuts","floor":16.0},{"not_picked":["Escape Plan","Outmaneuver+1"],"picked":"Dagger Throw","floor":18.0},{"not_picked":["Blade Dance","Deadly Poison"],"picked":"Dodge and Roll+1","floor":20.0},{"not_picked":["Masterful Stab","Endless Agony","Deflect+1"],"picked":"SKIP","floor":21.0},{"not_picked":["Backstab","Deadly Poison"],"picked":"Backflip","floor":24.0},{"not_picked":["Phantasmal Killer","Tactician"],"picked":"Footwork","floor":25.0},{"not_picked":["Dodge and Roll","Prepared","Sucker Punch"],"picked":"SKIP","floor":27.0},{"not_picked":["Night Terror","Cloak And Dagger","Bane"],"picked":"SKIP","floor":29.0},{"not_picked":["Blade Dance","Quick Slash+1"],"picked":"Acrobatics+1","floor":30.0},{"not_picked":["Setup","Outmaneuver","PiercingWail"],"picked":"SKIP","floor":30.0},{"not_picked":["Poisoned Stab","Choke","Distraction"],"picked":"SKIP","floor":31.0},{"not_picked":["Terror","Phantasmal Killer","Riddle With Holes"],"picked":"SKIP","floor":31.0},{"not_picked":["Venomology","Unload"],"picked":"Adrenaline","floor":33.0},{"not_picked":["Flechettes"],"picked":"SKIP","floor":35.0},{"not_picked":["Blade Dance"],"picked":"SKIP","floor":35.0},{"not_picked":[],"picked":"Cloak And Dagger","floor":37.0},{"not_picked":["Deadly Poison+1"],"picked":"SKIP","floor":38},{"not_picked":["Accuracy"],"picked":"SKIP","floor":38},{"not_picked":[],"picked":"Backflip","floor":39},{"not_picked":["Footwork"],"picked":"SKIP","floor":39},{"not_picked":["Dodge and Roll"],"picked":"SKIP","floor":41},{"not_picked":["Backflip"],"picked":"SKIP","floor":44},{"not_picked":["Endless Agony"],"picked":"SKIP","floor":44},{"not_picked":["Backflip"],"picked":"SKIP","floor":45},{"not_picked":["Dagger Throw+1"],"picked":"SKIP","floor":45},{"not_picked":["Prepared"],"picked":"SKIP","floor":48},{"not_picked":["Reflex"],"picked":"SKIP","floor":48}],"player_experience":1369682,"relics_obtained":[{"floor":9.0,"key":"Omamori"},{"floor":11.0,"key":"Odd Mushroom"},{"floor":12.0,"key":"Blood Vial"},{"floor":14.0,"key":"Boot"},{"floor":25.0,"key":"Prayer Wheel"},{"floor":26.0,"key":"Smiling Mask"},{"floor":27.0,"key":"Blue Candle"},{"floor":29.0,"key":"Bottled Lightning"},{"floor":37.0,"key":"Pocketwatch"},{"floor":41,"key":"Vajra"},{"floor":43,"key":"Ornamental Fan"}],"event_choices":[{"event_name":"Transmorgrifier","player_choice":"Transform","floor":2.0,"damage_taken":0.0},{"event_name":"Big Fish","player_choice":"Donut","floor":5.0,"damage_taken":0.0},{"event_name":"Mushrooms","player_choice":"Fought Mushrooms","floor":11.0,"damage_taken":0.0},{"event_name":"The Library","player_choice":"Read","floor":22.0,"damage_taken":0.0},{"event_name":"Drug Dealer","player_choice":"Inject Mutagens","floor":28.0,"damage_taken":0.0},{"event_name":"Falling","player_choice":"Removed Attack","floor":36.0,"damage_taken":0.0},{"event_name":"Mysterious Sphere","player_choice":"Fight","floor":37.0,"damage_taken":0.0}],"is_beta":false,"boss_relics":[{"not_picked":["Lizard Tail","Orrery"],"picked":"Snecko Eye"},{"not_picked":["Ring of the Serpent","Tiny House"],"picked":"Busted Crown"}],"items_purged_floors":[46],"is_endless":false,"potions_floor_spawned":[1,4,12,18,21,24,31,33,37,39,45],"ascension_level":15}