{"gold_per_floor":[111,111,39,57,71,71,100,120,120,120,132,147,147,166,166,238,238,256,270,287,311,109,109,109,109,136,136,11,28,28,28,28,102,102,121,139,49,49,0,0,26,26,26,52,52,71,71,81,81,81],"floor_reached":51,"playtime":2127,"items_purged":["Strike_G","Strike_G"],"score":1172,"play_id":"26751231-b5a5-40e0-af77-649d2812c13a","local_time":"20190126133653","is_ascension_mode":true,"campfire_choices":[{"data":"Deadly Poison","floor":6.0,"key":"SMITH"},{"data":"Noxious Fumes","floor":13.0,"key":"SMITH"},{"data":"Footwork","floor":15,"key":"SMITH"},{"floor":23,"key":"REST"},{"data":"Burst","floor":25,"key":"SMITH"},{"data":"Malaise","floor":27,"key":"SMITH"},{"floor":32,"key":"REST"},{"data":"PiercingWail","floor":40,"key":"SMITH"},{"data":"Reflex","floor":42,"key":"SMITH"},{"data":"Noxious Fumes","floor":45,"key":"SMITH"},{"floor":49,"key":"REST"}],"neow_cost":"NONE","seed_source_timestamp":0,"circlet_count":0,"master_deck":["AscendersBane","Defend_G+1","Defend_G","Defend_G","Defend_G","Strike_G","Strike_G","Survivor","Neutralize","PiercingWail+1","Reflex+1","Deadly Poison+1","Dodge and Roll","Backstab","Noxious Fumes+1","Backstab","Footwork+1","Burst+1","Malaise+1","Deflect+1","Noxious Fumes+1","Tools of the Trade","Noxious Fumes+1","Writhe"],"special_seed":0,"relics":["Ring of the Snake","NeowsBlessing","Pen Nib","Matryoshka","Busted Crown","Smiling Mask","Juzu Bracelet","Enchiridion","Orichalcum","Bottled Tornado","Paper Crane","Centennial Puzzle","Philosopher\u0027s Stone","Red Mask","Gremlin Horn","Pear","Boot"],"potions_floor_usage":[16,19,33,36,50,50],"damage_taken":[{"damage":0.0,"enemies":"Small Slimes","floor":1.0,"turns":1.0},{"damage":0.0,"enemies":"Cultist","floor":4.0,"turns":1.0},{"damage":0.0,"enemies":"Jaw Worm","floor":5.0,"turns":1.0},{"damage":31.0,"enemies":"Gremlin Nob","floor":7.0,"turns":5.0},{"damage":0.0,"enemies":"2 Fungi Beasts","floor":8.0,"turns":3.0},{"damage":3.0,"enemies":"Red Slaver","floor":11.0,"turns":2.0},{"damage":1.0,"enemies":"Exordium Wildlife","floor":12.0,"turns":3.0},{"damage":1.0,"enemies":"2 Fungi Beasts","floor":14.0,"turns":3.0},{"damage":2,"enemies":"Hexaghost","floor":16,"turns":12},{"damage":22,"enemies":"Spheric Guardian","floor":18,"turns":7},{"damage":0,"enemies":"3 Byrds","floor":19,"turns":3},{"damage":10,"enemies":"Snake Plant","floor":20,"turns":6},{"damage":5,"enemies":"Centurion and Healer","floor":29,"turns":6},{"damage":13,"enemies":"Collector","floor":33,"turns":9},{"damage":12,"enemies":"3 Darklings","floor":35,"turns":5},{"damage":0,"enemies":"3 Shapes","floor":36,"turns":7},{"damage":18,"enemies":"Reptomancer","floor":41,"turns":8},{"damage":0,"enemies":"Nemesis","floor":44,"turns":9},{"damage":3,"enemies":"Writhing Mass","floor":46,"turns":7},{"damage":3,"enemies":"Transient","floor":48,"turns":5},{"damage":53,"enemies":"Donu and Deca","floor":50,"turns":9}],"seed_played":"-3972678433048548868","potions_obtained":[{"floor":4.0,"key":"PowerPotion"},{"floor":5.0,"key":"SpeedPotion"},{"floor":7.0,"key":"LiquidBronze"},{"floor":18,"key":"Ancient Potion"},{"floor":33,"key":"PowerPotion"},{"floor":41,"key":"GamblersBrew"},{"floor":44,"key":"LiquidBronze"},{"floor":46,"key":"Poison Potion"}],"is_trial":false,"path_per_floor":["M","?","$","M","M","R","E","M","T","?","M","M","R","M","R","B",null,"M","M","M","T","$","R","?","R","T","R","$","M","?","?","R","B",null,"M","M","?","?","?","R","E","R","T","E","R","M","?","M","R","B",null],"character_chosen":"THE_SILENT","items_purchased":["Deadly Poison","Dodge and Roll","Tools of the Trade","Noxious Fumes"],"campfire_rested":3,"item_purchase_floors":[3,3,22,28],"current_hp_per_floor":[63,63,63,63,63,63,32,32,32,32,29,28,28,27,27,25,59,37,37,27,27,27,48,32,32,32,32,32,27,27,27,48,35,61,49,49,49,67,67,67,49,49,59,59,59,56,56,53,77,24],"gold":81,"neow_bonus":"THREE_ENEMY_KILL","is_prod":false,"is_daily":false,"chose_seed":false,"campfire_upgraded":8,"win_rate":0,"timestamp":1548506213,"path_taken":["M","?","$","M","?","R","E","M","T","?","M","M","R","M","R","BOSS","M","M","M","?","?","R","?","R","T","R","$","M","?","?","R","BOSS","M","M","?","?","?","R","E","R","T","E","R","M","?","M","R","BOSS"],"build_version":"2019-01-23","purchased_purges":2,"victory":true,"max_hp_per_floor":[70,70,70,70,70,70,70,70,70,70,70,70,70,70,70,70,70,70,70,70,70,70,70,70,70,70,70,70,70,70,70,70,70,70,70,70,70,70,70,70,70,70,80,80,80,80,80,80,80,80],"card_choices":[{"not_picked":["Deflect","Flechettes"],"picked":"PiercingWail","floor":1.0},{"not_picked":["Dagger Throw","Poisoned Stab"],"picked":"Backstab","floor":4.0},{"not_picked":["Backflip","Reflex","Bane"],"picked":"SKIP","floor":5.0},{"not_picked":["Prepared","Setup"],"picked":"Noxious Fumes","floor":7.0},{"not_picked":["PiercingWail","Dagger Throw"],"picked":"Backstab","floor":8.0},{"not_picked":["Well Laid Plans","Accuracy"],"picked":"Footwork","floor":11.0},{"not_picked":["Bane","Deflect"],"picked":"Burst","floor":12.0},{"not_picked":["Blade Dance","Tactician","Endless Agony"],"picked":"SKIP","floor":14.0},{"not_picked":["Wraith Form v2","Glass Knife"],"picked":"Malaise","floor":16},{"not_picked":["Tactician"],"picked":"SKIP","floor":18},{"not_picked":[],"picked":"Deflect+1","floor":19},{"not_picked":[],"picked":"Noxious Fumes+1","floor":20},{"not_picked":["Quick Slash+1"],"picked":"SKIP","floor":29},{"not_picked":["Heel Hook+1"],"picked":"SKIP","floor":35},{"not_picked":["Dagger Spray"],"picked":"SKIP","floor":36},{"not_picked":["Blade Dance"],"picked":"SKIP","floor":41},{"not_picked":["Finisher+1"],"picked":"SKIP","floor":44},{"not_picked":["Distraction"],"picked":"SKIP","floor":46},{"not_picked":["Outmaneuver+1"],"picked":"SKIP","floor":48}],"player_experience":472433,"relics_obtained":[{"floor":7.0,"key":"Pen Nib"},{"floor":9.0,"key":"Matryoshka"},{"floor":21,"key":"Smiling Mask"},{"floor":21,"key":"Juzu Bracelet"},{"floor":24,"key":"Enchiridion"},{"floor":26,"key":"Orichalcum"},{"floor":26,"key":"Bottled Tornado"},{"floor":41,"key":"Gremlin Horn"},{"floor":43,"key":"Pear"},{"floor":44,"key":"Boot"}],"event_choices":[{"damage_healed":0.0,"max_hp_gain":0.0,"max_hp_loss":0.0,"gold_gain":0.0,"cards_transformed":["Defend_G"],"event_name":"Transmorgrifier","player_choice":"Transformed","floor":2.0,"gold_loss":0.0,"damage_taken":0.0,"cards_obtained":["Reflex"]},{"damage_healed":0.0,"max_hp_gain":0.0,"max_hp_loss":0.0,"gold_gain":0.0,"event_name":"The Woman in Blue","player_choice":"Bought 0 Potions","floor":10.0,"gold_loss":0.0,"damage_taken":0.0},{"damage_healed":0,"gold_gain":0,"player_choice":"Obtained Book","damage_taken":16,"max_hp_gain":0,"max_hp_loss":0,"event_name":"Cursed Tome","floor":24,"gold_loss":0},{"damage_healed":0,"gold_gain":0,"player_choice":"Stole Relic","damage_taken":0,"relics_obtained":["Paper Crane"],"max_hp_gain":0,"max_hp_loss":0,"event_name":"Addict","floor":30,"gold_loss":0,"cards_obtained":["Shame"]},{"damage_healed":0,"gold_gain":0,"player_choice":"Opened","damage_taken":0,"relics_obtained":["Centennial Puzzle"],"max_hp_gain":0,"max_hp_loss":0,"event_name":"The Mausoleum","floor":31,"gold_loss":0},{"cards_removed":["Shame"],"damage_healed":0,"gold_gain":0,"player_choice":"Upgrade and Remove","damage_taken":0,"max_hp_gain":0,"max_hp_loss":0,"event_name":"Designer","floor":37,"gold_loss":90,"cards_upgraded":["Defend_G"]},{"damage_healed":18,"gold_gain":0,"player_choice":"Writhe","damage_taken":0,"max_hp_gain":0,"max_hp_loss":0,"event_name":"Winding Halls","floor":38,"gold_loss":0,"cards_obtained":["Writhe"]},{"damage_healed":0,"gold_gain":0,"player_choice":"Paid","damage_taken":0,"relics_obtained":["Red Mask"],"max_hp_gain":0,"max_hp_loss":0,"event_name":"Tomb of Lord Red Mask","floor":39,"gold_loss":49},{"cards_removed":["Strike_G"],"damage_healed":0,"gold_gain":0,"player_choice":"Removed Attack","damage_taken":0,"max_hp_gain":0,"max_hp_loss":0,"event_name":"Falling","floor":47,"gold_loss":0}],"is_beta":false,"boss_relics":[{"not_picked":["Runic Pyramid","Astrolabe"],"picked":"Busted Crown"},{"not_picked":["Orrery","Calling Bell"],"picked":"Philosopher\u0027s Stone"}],"items_purged_floors":[22,28],"is_endless":false,"potions_floor_spawned":[4,5,7,12,18,33,41,44,46],"ascension_level":13}