{"gold_per_floor":[118,133,152,152,53,53,87,107,157,157,171,182,182,201,201,306,306,316,316,316,347,347,347,376,388,388,388,13,25,58,72,72,173,173,184,202,57,279,279,309,17,17,17,17,28,28,47,76,76,76],"floor_reached":50,"playtime":4651,"items_purged":["Compile Driver"],"score":698,"play_id":"b4faff67-e25e-4eee-92d4-2ccdafabfd19","local_time":"20181124220338","is_ascension_mode":true,"campfire_choices":[{"data":"Self Repair","floor":6,"key":"SMITH"},{"floor":10,"key":"REST"},{"data":"Core Surge","floor":13,"key":"SMITH"},{"data":"Conserve Battery","floor":15,"key":"SMITH"},{"data":"Self Repair","floor":23,"key":"SMITH"},{"floor":27,"key":"DIG"},{"floor":32,"key":"DIG"},{"floor":42,"key":"DIG"},{"floor":44,"key":"DIG"},{"floor":46,"key":"DIG"},{"floor":49,"key":"REST"}],"neow_cost":"PERCENT_DAMAGE","seed_source_timestamp":1668406210726,"circlet_count":0,"master_deck":["Zap","Dualcast","Cold Snap","Genetic Algorithm","Recycle","Self Repair+1","Ball Lightning","Core Surge+1","Conserve Battery+1","FTL","Redo","Tempest","Electrodynamics","Coolheaded","Aggregate","Steam","Self Repair+1","Doom and Gloom","Ball Lightning","Compile Driver","FTL","Skim","White Noise","Gash+1","Defragment","Creative AI","Core Surge","FTL+1","Capacitor","Conserve Battery+1","Defragment+1","White Noise+1","Electrodynamics+1","Steam+1","Leap+1"],"relics":["Cracked Core","Nunchaku","Mummified Hand","Bag of Marbles","Pandora\u0027s Box","Nilry\u0027s Codex","Red Mask","FossilizedHelix","Centennial Puzzle","Shovel","Question Card","Incense Burner","Bronze Scales","Art of War","Sozu","Pen Nib","Bottled Lightning","Frozen Egg 2","Darkstone Periapt","Prayer Wheel","Mango","Blue Candle","Strawberry"],"potions_floor_usage":[8,16,24,24,33,33],"damage_taken":[{"damage":2,"enemies":"Jaw Worm","floor":1,"turns":3},{"damage":0,"enemies":"Cultist","floor":2,"turns":3},{"damage":15,"enemies":"Small Slimes","floor":3,"turns":3},{"damage":33,"enemies":"3 Sentries","floor":7,"turns":8},{"damage":4,"enemies":"Looter","floor":8,"turns":2},{"damage":7,"enemies":"Exordium Thugs","floor":11,"turns":2},{"damage":4,"enemies":"Blue Slaver","floor":12,"turns":3},{"damage":16,"enemies":"Lots of Slimes","floor":14,"turns":3},{"damage":30,"enemies":"Hexaghost","floor":16,"turns":9},{"damage":12,"enemies":"Chosen","floor":18,"turns":3},{"damage":12,"enemies":"Masked Bandits","floor":21,"turns":3},{"damage":15,"enemies":"Slavers","floor":24,"turns":3},{"damage":0,"enemies":"3 Byrds","floor":25,"turns":2},{"damage":6,"enemies":"Centurion and Healer","floor":29,"turns":4},{"damage":20,"enemies":"Gremlin Leader","floor":30,"turns":4},{"damage":0,"enemies":"Cultist and Chosen","floor":31,"turns":4},{"damage":17,"enemies":"Collector","floor":33,"turns":6},{"damage":0,"enemies":"Orb Walker","floor":35,"turns":2},{"damage":6,"enemies":"3 Shapes","floor":36,"turns":3},{"damage":65,"enemies":"Nemesis","floor":40,"turns":7},{"damage":0,"enemies":"Sphere and 2 Shapes","floor":45,"turns":3},{"damage":46,"enemies":"Jaw Worm Horde","floor":47,"turns":3},{"damage":41,"enemies":"Reptomancer","floor":48,"turns":4},{"damage":72,"enemies":"Awakened One","floor":50,"turns":10}],"seed_played":"8164589876777020711","potions_obtained":[{"floor":3,"key":"FearPotion"},{"floor":8,"key":"SteroidPotion"},{"floor":11,"key":"FairyPotion"},{"floor":18,"key":"Poison Potion"},{"floor":21,"key":"Ancient Potion"},{"floor":30,"key":"EssenceOfSteel"},{"floor":31,"key":"Swift Potion"}],"is_trial":false,"path_per_floor":["M","M","M","?","$","R","E","M","T","R","M","M","R","M","R","B",null,"M","?","?","?","T","R","E","M","T","R","$","M","E","M","R","B",null,"M","M","$","?","?","E","$","R","T","R","M","R","M","E","R","B"],"character_chosen":"DEFECT","items_purchased":["Self Repair","Ball Lightning","Defragment","Incense Burner","Capacitor","Frozen Egg 2","Defragment+1"],"campfire_rested":2,"item_purchase_floors":[5,5,28,28,37,41,41],"current_hp_per_floor":[52,52,37,37,37,37,14,20,20,42,45,51,51,45,45,25,75,75,61,45,50,50,50,45,55,55,55,55,69,69,80,80,80,80,80,80,80,80,80,45,45,45,45,59,79,79,53,39,69,0],"gold":76,"neow_bonus":"ONE_RARE_RELIC","is_prod":false,"is_daily":false,"chose_seed":false,"campfire_upgraded":4,"win_rate":0,"timestamp":1543115018,"path_taken":["M","M","M","?","$","R","E","M","T","R","M","?","R","M","R","BOSS","M","?","?","?","?","R","E","M","T","R","$","M","E","M","R","BOSS","M","M","$","?","?","E","$","R","T","R","?","R","M","E","R","BOSS"],"build_version":"2018-11-15","purchased_purges":1,"victory":false,"max_hp_per_floor":[75,75,75,75,75,75,75,75,75,75,75,75,75,75,75,75,75,75,80,80,80,80,80,80,80,80,80,80,80,80,80,80,80,80,80,80,80,80,80,80,80,80,80,94,94,94,94,101,101,101],"card_choices":[{"not_picked":["Skim","Compile Driver"],"picked":"Cold Snap","floor":1},{"not_picked":["Go for the Eyes","Cold Snap"],"picked":"Genetic Algorithm","floor":2},{"not_picked":["Static Discharge","Streamline"],"picked":"Recycle","floor":3},{"not_picked":["Turbo","Reprogram"],"picked":"Core Surge","floor":7},{"not_picked":["Consume","Barrage"],"picked":"Conserve Battery","floor":8},{"not_picked":["Beam Cell","Sweeping Beam"],"picked":"FTL","floor":11},{"not_picked":["Cold Snap","Gash"],"picked":"Redo","floor":12},{"not_picked":["Beam Cell","Genetic Algorithm"],"picked":"Tempest","floor":14},{"not_picked":["Multi-Cast","Echo Form"],"picked":"Electrodynamics","floor":16},{"not_picked":["Doom and Gloom","Chill"],"picked":"FTL","floor":18},{"not_picked":["Turbo+1","Rebound"],"picked":"Skim","floor":21},{"not_picked":["Blizzard+1","Conserve Battery+1"],"picked":"White Noise","floor":24},{"not_picked":["Reprogram","Electrodynamics"],"picked":"Gash+1","floor":25},{"not_picked":["Fusion","Compile Driver","FTL","Undo+1"],"picked":"SKIP","floor":29},{"not_picked":["Core Surge","Conserve Battery","Compile Driver"],"picked":"Creative AI","floor":30},{"not_picked":["Steam","Hologram","Ball Lightning+1","Sweeping Beam+1"],"picked":"SKIP","floor":31},{"not_picked":["Rainbow","Hyperbeam","Meteor Strike"],"picked":"Core Surge","floor":33},{"not_picked":["Compile Driver+1","Darkness","Auto Shields"],"picked":"FTL+1","floor":35},{"not_picked":["Leap","Rebound","Turbo","Doom and Gloom+1"],"picked":"SKIP","floor":36},{"not_picked":["Ball Lightning+1","Turbo","Gash+1"],"picked":"Conserve Battery+1","floor":40},{"not_picked":["Ball Lightning","Coolheaded+1","Skim"],"picked":"White Noise+1","floor":45},{"not_picked":["Streamline+1","Compile Driver+1","Rebound","Turbo+1"],"picked":"SKIP","floor":45},{"not_picked":["Barrage+1","Coolheaded","Redo"],"picked":"Electrodynamics+1","floor":47},{"not_picked":["Hologram","Hyperbeam","Coolheaded"],"picked":"Steam+1","floor":47},{"not_picked":["Auto Shields","Rip and Tear+1","Rebound+1"],"picked":"Leap+1","floor":48}],"player_experience":170604,"relics_obtained":[{"floor":7,"key":"Mummified Hand"},{"floor":9,"key":"Bag of Marbles"},{"floor":20,"key":"Nilry\u0027s Codex"},{"floor":21,"key":"Red Mask"},{"floor":22,"key":"FossilizedHelix"},{"floor":24,"key":"Centennial Puzzle"},{"floor":26,"key":"Shovel"},{"floor":27,"key":"Question Card"},{"floor":30,"key":"Bronze Scales"},{"floor":32,"key":"Art of War"},{"floor":40,"key":"Bottled Lightning"},{"floor":42,"key":"Darkstone Periapt"},{"floor":43,"key":"Prayer Wheel"},{"floor":44,"key":"Mango"},{"floor":46,"key":"Blue Candle"},{"floor":48,"key":"Strawberry"}],"event_choices":[{"damage_healed":0,"gold_gain":0,"player_choice":"Bought 0 Potions","damage_taken":0,"max_hp_gain":0,"max_hp_loss":0,"event_name":"The Woman in Blue","floor":4,"gold_loss":0},{"damage_healed":0,"gold_gain":0,"player_choice":"Shed Blood","damage_taken":19,"max_hp_gain":5,"max_hp_loss":0,"event_name":"Forgotten Altar","floor":19,"gold_loss":0},{"damage_healed":0,"gold_gain":0,"player_choice":"Obtained Book","damage_taken":16,"max_hp_gain":0,"max_hp_loss":0,"event_name":"Cursed Tome","floor":20,"gold_loss":0},{"damage_healed":0,"gold_gain":0,"player_choice":"Fought Bandits","damage_taken":0,"max_hp_gain":0,"max_hp_loss":0,"event_name":"Masked Bandits","floor":21,"gold_loss":0},{"damage_healed":0,"gold_gain":222,"player_choice":"Wore Mask","damage_taken":0,"max_hp_gain":0,"max_hp_loss":0,"event_name":"Tomb of Lord Red Mask","floor":38,"gold_loss":0},{"damage_healed":0,"gold_gain":0,"player_choice":"Gave Potion","damage_taken":0,"relics_obtained":["Pen Nib"],"max_hp_gain":0,"max_hp_loss":0,"event_name":"WeMeetAgain","floor":39,"gold_loss":0}],"is_beta":false,"boss_relics":[{"not_picked":["Coffee Dripper","White Beast Statue"],"picked":"Pandora\u0027s Box"},{"not_picked":["Tiny House","Runic Pyramid"],"picked":"Sozu"}],"items_purged_floors":[37],"is_endless":false,"potions_floor_spawned":[3,8,11,18,21,30,31,36],"killed_by":"Awakened One","ascension_level":4}