{"gold_per_floor":[118,128,33,33,53,53,113,139,165,190,203,203,215,295,295,295],"floor_reached":16,"playtime":490,"items_purged":[],"score":193,"play_id":"80a02ee6-2783-4d17-aea1-56ef26bc84b2","local_time":"20180920213947","is_ascension_mode":true,"campfire_choices":[{"data":"Sunder","floor":6.0,"key":"SMITH"},{"data":"Fusion","floor":12,"key":"SMITH"},{"data":"Self Repair","floor":15,"key":"SMITH"}],"neow_cost":"PERCENT_DAMAGE","seed_source_timestamp":51639534692810,"circlet_count":0,"master_deck":["Strike_B","Strike_B","Strike_B","Strike_B","Defend_B","Defend_B","Defend_B","Defend_B","Zap","Dualcast","AscendersBane","Self Repair+1","Consume","FTL","Rebound","Sunder+1","Seek","Fusion+1","Ball Lightning"],"special_seed":0,"relics":["Cracked Core","Anchor","Omamori","Letter Opener","Dodecahedron"],"potions_floor_usage":[16],"damage_taken":[{"damage":1.0,"enemies":"Cultist","floor":1.0,"turns":3.0},{"damage":6.0,"enemies":"Jaw Worm","floor":2.0,"turns":4.0},{"damage":0.0,"enemies":"Small Slimes","floor":5.0,"turns":3.0},{"damage":25,"enemies":"Lagavulin","floor":8,"turns":7},{"damage":20,"enemies":"3 Sentries","floor":10,"turns":7},{"damage":0,"enemies":"Red Slaver","floor":11,"turns":3},{"damage":6,"enemies":"3 Louse","floor":13,"turns":3},{"damage":42,"enemies":"Hexaghost","floor":16,"turns":4}],"seed_played":"-6789271368966271539","potions_obtained":[{"floor":8,"key":"FearPotion"},{"floor":11,"key":"Energy Potion"}],"is_trial":false,"path_per_floor":["M","M","$","?","M","R","?","E","T","E","M","R","M","T","R"],"character_chosen":"DEFECT","items_purchased":["FTL","Rebound"],"campfire_rested":0,"item_purchase_floors":[3,3],"current_hp_per_floor":[56,57,57,57,64,64,64,46,46,33,40,40,41,41,41,0],"gold":295,"neow_bonus":"TWENTY_PERCENT_HP_BONUS","is_prod":false,"is_daily":false,"chose_seed":false,"campfire_upgraded":3,"win_rate":0,"timestamp":1537504787,"path_taken":["M","M","$","?","?","R","?","E","T","E","M","R","M","?","R","BOSS"],"build_version":"2018-09-20","purchased_purges":0,"victory":false,"max_hp_per_floor":[85,85,85,85,85,85,85,85,85,85,85,85,85,85,85,85],"card_choices":[{"not_picked":["Rebound","Barrage"],"picked":"Self Repair","floor":1.0},{"not_picked":["Darkness","Scrape"],"picked":"Consume","floor":2.0},{"not_picked":["Conserve Battery","Barrage"],"picked":"Sunder","floor":5.0},{"not_picked":["Storm","Gash"],"picked":"Seek","floor":8},{"not_picked":["Turbo","Rainbow","Redo"],"picked":"SKIP","floor":10},{"not_picked":["Turbo","Rebound"],"picked":"Fusion","floor":11},{"not_picked":["Leap","Turbo"],"picked":"Ball Lightning","floor":13}],"player_experience":1181001,"relics_obtained":[{"floor":8,"key":"Anchor"},{"floor":9,"key":"Omamori"},{"floor":10,"key":"Letter Opener"},{"floor":14,"key":"Dodecahedron"}],"event_choices":[{"event_name":"Liars Game","player_choice":"disagreed","floor":4.0,"damage_taken":0.0},{"event_name":"Golden Wing","player_choice":"Gained Gold","floor":7.0,"damage_taken":0.0}],"is_beta":false,"boss_relics":[],"items_purged_floors":[],"is_endless":false,"potions_floor_spawned":[8,11,13],"killed_by":"Hexaghost","ascension_level":15}