{"gold_per_floor":[140,140,160,160,11,11,34,34,59,59,86,86,102,113,113,190,190,206,192,207,207,6,6,38,38,88,88,99,168,178,191,191,262,262,280,297,297,297,297,297,60,78,123,123,140,140,173,185,185,185],"floor_reached":50,"playtime":1850,"items_purged":["Regret","Defend_R"],"score":836,"play_id":"5a738b76-37d9-4e4c-b794-ea2bc6dc3222","local_time":"25611115123835","is_ascension_mode":true,"campfire_choices":[{"data":"Flame Barrier","floor":6.0,"key":"SMITH"},{"floor":10.0,"key":"REST"},{"data":"True Grit","floor":12.0,"key":"SMITH"},{"data":"Armaments","floor":15.0,"key":"SMITH"},{"floor":23.0,"key":"REST"},{"floor":25.0,"key":"REST"},{"data":"Limit Break","floor":27.0,"key":"SMITH"},{"floor":32.0,"key":"REST"},{"floor":40.0,"key":"REST"},{"data":"Double Tap","floor":44.0,"key":"SMITH"},{"floor":49,"key":"REST"}],"neow_cost":"NONE","seed_source_timestamp":8150851689166,"circlet_count":0,"master_deck":["AscendersBane","Strike_R","Strike_R","Defend_R","Defend_R+1","Defend_R","Bash+1","Spot Weakness+1","Flame Barrier+1","True Grit+1","Armaments+1","Limit Break+1","Sentinel+1","Power Through","Shrug It Off","Clothesline+1","Thunderclap+1","Double Tap+1","Dual Wield+1","Havoc+1","Armaments+1","Iron Wave+1","Shockwave+1","Pummel+1","Sword Boomerang+1","Metallicize","Heavy Blade+1","HandOfGreed+1","Cleave+1","Sword Boomerang+1"],"special_seed":0,"relics":["Burning Blood","Tiny Chest","Ancient Tea Set","Bronze Scales","Orichalcum","War Paint","Mark of Pain","Molten Egg 2","Regal Pillow","Matryoshka","Astrolabe","Dream Catcher","Bag of Marbles","Meat on the Bone"],"potions_floor_usage":[47,50],"damage_taken":[{"damage":18.0,"enemies":"Jaw Worm","floor":1.0,"turns":5.0},{"damage":14.0,"enemies":"2 Louse","floor":3.0,"turns":3.0},{"damage":12.0,"enemies":"Gremlin Nob","floor":11.0,"turns":3.0},{"damage":0.0,"enemies":"Cultist","floor":13.0,"turns":4.0},{"damage":3.0,"enemies":"Blue Slaver","floor":14.0,"turns":4.0},{"damage":16.0,"enemies":"The Guardian","floor":16.0,"turns":11.0},{"damage":19.0,"enemies":"Shell Parasite","floor":18.0,"turns":4.0},{"damage":9.0,"enemies":"2 Thieves","floor":19.0,"turns":4.0},{"damage":18.0,"enemies":"Snake Plant","floor":20.0,"turns":4.0},{"damage":10.0,"enemies":"Colosseum Slavers","floor":21.0,"turns":7.0},{"damage":12.0,"enemies":"Slavers","floor":24.0,"turns":6.0},{"damage":18.0,"enemies":"Chosen and Byrds","floor":28.0,"turns":8.0},{"damage":6.0,"enemies":"Snecko","floor":30.0,"turns":6.0},{"damage":10.0,"enemies":"Snake Plant","floor":31.0,"turns":4.0},{"damage":82.0,"enemies":"Automaton","floor":33.0,"turns":12.0},{"damage":13.0,"enemies":"Orb Walker","floor":35.0,"turns":5.0},{"damage":10.0,"enemies":"3 Shapes","floor":36.0,"turns":9.0},{"damage":0.0,"enemies":"Jaw Worm Horde","floor":38.0,"turns":1.0},{"damage":11.0,"enemies":"4 Shapes","floor":42.0,"turns":10.0},{"damage":1.0,"enemies":"Transient","floor":45.0,"turns":5.0},{"damage":23,"enemies":"Nemesis","floor":47,"turns":5},{"damage":52,"enemies":"Spire Growth","floor":48,"turns":6},{"damage":78,"enemies":"Donu and Deca","floor":50,"turns":6}],"seed_played":"-4999034931912200362","potions_obtained":[{"floor":3.0,"key":"AttackPotion"},{"floor":11.0,"key":"Regen Potion"},{"floor":13.0,"key":"Explosive Potion"},{"floor":19.0,"key":"Swift Potion"},{"floor":20.0,"key":"Block Potion"},{"floor":24.0,"key":"SmokeBomb"},{"floor":33.0,"key":"Swift Potion"},{"floor":35.0,"key":"Block Potion"},{"floor":48,"key":"SteroidPotion"}],"is_trial":false,"path_per_floor":["M","?","M","?","$","R","T","$","T","R","E","R","M","M","R","B",null,"M","M","M","?","$","R","E","R","T","R","M","T","M","M","R","B",null,"M","M","?","M","?","R","$","M","T","R","M","?","E","M","R","B"],"character_chosen":"IRONCLAD","items_purchased":["Flame Barrier","Shrug It Off","Dexterity Potion","Pummel+1","Sword Boomerang+1","PowerPotion","Metallicize"],"campfire_rested":6,"item_purchase_floors":[5,22,22,41,41,41,41],"current_hp_per_floor":[56,56,48,48,48,48,48,48,48,70,64,64,70,73,73,63,72,59,56,44,40,40,62,56,75,75,75,63,63,63,59,75,14,60,53,49,49,55,55,75,75,70,70,70,75,75,58,24,61,0],"gold":185,"neow_bonus":"RANDOM_COMMON_RELIC","is_prod":false,"is_daily":false,"chose_seed":false,"campfire_upgraded":5,"win_rate":0,"timestamp":1542260315,"path_taken":["M","?","M","?","$","R","?","?","T","R","E","R","M","M","R","BOSS","M","?","M","?","$","R","E","R","T","R","M","?","M","M","R","BOSS","M","M","?","M","?","R","$","M","T","R","M","?","E","M","R","BOSS"],"build_version":"2018-11-08","purchased_purges":2,"victory":false,"max_hp_per_floor":[75,75,75,75,75,75,75,75,75,75,75,75,75,75,75,75,75,75,75,75,75,75,75,75,75,75,75,75,75,75,75,75,75,75,75,75,75,75,75,75,75,75,75,75,75,75,75,75,75,75],"card_choices":[{"not_picked":["Cleave","Whirlwind"],"picked":"Spot Weakness","floor":1.0},{"not_picked":["Wild Strike","Perfected Strike","Flex"],"picked":"SKIP","floor":3.0},{"not_picked":["Corruption","Shrug It Off"],"picked":"True Grit","floor":11.0},{"not_picked":["Body Slam","Second Wind","Clash"],"picked":"SKIP","floor":13.0},{"not_picked":["Corruption","Havoc"],"picked":"Armaments","floor":14.0},{"not_picked":["Offering","Bludgeon"],"picked":"Limit Break","floor":16.0},{"not_picked":["Flex","Warcry","Thunderclap"],"picked":"SKIP","floor":18.0},{"not_picked":["Heavy Blade","Metallicize"],"picked":"Sentinel+1","floor":19.0},{"not_picked":["Warcry","Cleave"],"picked":"Power Through","floor":20.0},{"not_picked":["Disarm+1","Second Wind"],"picked":"Clothesline","floor":24.0},{"not_picked":["Warcry+1","Infernal Blade"],"picked":"Thunderclap+1","floor":28.0},{"not_picked":["Wild Strike+1","Havoc"],"picked":"Iron Wave+1","floor":30.0},{"not_picked":["Entrench","Blood for Blood+1","Battle Trance"],"picked":"SKIP","floor":31.0},{"not_picked":["Exhume","Brutality"],"picked":"Double Tap","floor":33.0},{"not_picked":["Clash+1","Reckless Charge+1"],"picked":"Iron Wave+1","floor":35.0},{"not_picked":["Wild Strike+1","Pommel Strike+1"],"picked":"Shockwave+1","floor":36.0},{"not_picked":["Headbutt+1","Fire Breathing","Warcry"],"picked":"SKIP","floor":42.0},{"not_picked":["Reckless Charge+1","Warcry"],"picked":"Heavy Blade+1","floor":45.0},{"not_picked":["Bandage Up","Trip"],"picked":"HandOfGreed+1","floor":46.0},{"not_picked":["Warcry","Burning Pact"],"picked":"Cleave+1","floor":47},{"not_picked":["Searing Blow+1","Pommel Strike+1","Sword Boomerang+1"],"picked":"SKIP","floor":48},{"not_picked":["Pommel Strike+1","True Grit"],"picked":"Sword Boomerang+1","floor":49}],"player_experience":136377,"relics_obtained":[{"floor":7.0,"key":"Bronze Scales"},{"floor":9.0,"key":"Orichalcum"},{"floor":11.0,"key":"War Paint"},{"floor":24.0,"key":"Molten Egg 2"},{"floor":26.0,"key":"Regal Pillow"},{"floor":29.0,"key":"Matryoshka"},{"floor":43.0,"key":"Dream Catcher"},{"floor":43.0,"key":"Bag of Marbles"},{"floor":47,"key":"Meat on the Bone"}],"event_choices":[{"damage_healed":0.0,"max_hp_gain":0.0,"max_hp_loss":0.0,"gold_gain":0.0,"event_name":"Living Wall","player_choice":"Grow","floor":2.0,"gold_loss":0.0,"damage_taken":0.0,"cards_upgraded":["Bash"]},{"damage_healed":0.0,"max_hp_gain":0.0,"max_hp_loss":0.0,"gold_gain":0.0,"event_name":"Big Fish","player_choice":"Box","floor":4.0,"gold_loss":0.0,"damage_taken":0.0,"relics_obtained":["Ancient Tea Set"],"cards_obtained":["Regret"]},{"damage_healed":0.0,"max_hp_gain":0.0,"max_hp_loss":0.0,"gold_gain":0.0,"event_name":"Colosseum","player_choice":"Fight","floor":21.0,"gold_loss":0.0,"damage_taken":0.0},{"damage_healed":0.0,"max_hp_gain":0.0,"max_hp_loss":0.0,"gold_gain":0.0,"event_name":"Colosseum","player_choice":"Fled From Nobs","floor":21.0,"gold_loss":0.0,"damage_taken":0.0},{"cards_removed":["Strike_R"],"damage_healed":0.0,"max_hp_gain":0.0,"max_hp_loss":0.0,"gold_gain":0.0,"event_name":"Falling","player_choice":"Removed Attack","floor":37.0,"gold_loss":0.0,"damage_taken":0.0},{"damage_healed":0.0,"max_hp_gain":0.0,"max_hp_loss":0.0,"gold_gain":0.0,"event_name":"Mysterious Sphere","player_choice":"Ignored","floor":39.0,"gold_loss":0.0,"damage_taken":0.0},{"damage_healed":0.0,"max_hp_gain":0.0,"max_hp_loss":0.0,"gold_gain":0.0,"event_name":"SensoryStone","player_choice":"Memory 1","floor":46.0,"gold_loss":0.0,"damage_taken":0.0}],"is_beta":false,"boss_relics":[{"not_picked":["Black Star","Runic Pyramid"],"picked":"Mark of Pain"},{"not_picked":["Velvet Choker","Empty Cage"],"picked":"Astrolabe"}],"items_purged_floors":[5,22],"is_endless":false,"potions_floor_spawned":[3,11,13,19,20,21,24,33,35,48],"killed_by":"Donu and Deca","ascension_level":14}