{"gold_per_floor":[109,121,121,133,133,133,164,164,164,164,194,194],"floor_reached":12,"playtime":1081,"items_purged":[],"score":137,"play_id":"d7a17dfa-09b4-4661-8291-0683fce7c073","local_time":"20190331221229","is_ascension_mode":true,"campfire_choices":[{"data":"Body Slam","floor":6,"key":"SMITH"},{"floor":8,"key":"REST"},{"data":"Bash","floor":10,"key":"SMITH"}],"neow_cost":"NONE","seed_source_timestamp":121784776563597,"circlet_count":0,"master_deck":["AscendersBane","Strike_R","Strike_R","Strike_R+1","Strike_R","Defend_R","Defend_R","Defend_R","Defend_R","Bash+1","Dual Wield","Whirlwind","Body Slam+1","Armaments+1","Rage","Shrug It Off"],"special_seed":0,"relics":["Burning Blood","Question Card","Anchor","Odd Mushroom"],"potions_floor_usage":[7,11],"damage_taken":[{"damage":7.0,"enemies":"Jaw Worm","floor":1.0,"turns":3.0},{"damage":2.0,"enemies":"2 Louse","floor":2.0,"turns":4.0},{"damage":3,"enemies":"Small Slimes","floor":4,"turns":4},{"damage":45,"enemies":"Lagavulin","floor":7,"turns":7},{"damage":8,"enemies":"The Mushroom Lair","floor":11,"turns":4},{"damage":34,"enemies":"Exordium Thugs","floor":12,"turns":6}],"seed_played":"-4903450945292858","potions_obtained":[{"floor":2.0,"key":"AttackPotion"},{"floor":7,"key":"Fire Potion"}],"is_trial":false,"path_per_floor":["M","M","?","M","?","R","E","R","T","R","?","M"],"character_chosen":"IRONCLAD","items_purchased":[],"campfire_rested":1,"item_purchase_floors":[],"current_hp_per_floor":[67,71,71,74,51,51,12,34,34,34,32,0],"gold":194,"neow_bonus":"TRANSFORM_CARD","is_prod":false,"is_daily":false,"chose_seed":false,"campfire_upgraded":2,"win_rate":0,"timestamp":1554063149,"path_taken":["M","M","?","M","?","R","E","R","T","R","?","M"],"build_version":"2019-01-23","purchased_purges":0,"victory":false,"max_hp_per_floor":[75,75,75,75,75,75,75,75,75,75,75,75],"card_choices":[{"not_picked":["Heavy Blade","Sever Soul"],"picked":"Whirlwind","floor":1.0},{"not_picked":["Cleave","Havoc"],"picked":"Body Slam","floor":2.0},{"not_picked":["Heavy Blade","Wild Strike"],"picked":"Armaments","floor":4},{"not_picked":["Flex","Corruption"],"picked":"Rage","floor":7},{"not_picked":["Sever Soul","Body Slam","Armaments"],"picked":"Shrug It Off","floor":11}],"player_experience":650093,"relics_obtained":[{"floor":7,"key":"Question Card"},{"floor":9,"key":"Anchor"},{"floor":11,"key":"Odd Mushroom"}],"event_choices":[{"damage_healed":0,"gold_gain":0,"player_choice":"Fled","damage_taken":0,"max_hp_gain":0,"max_hp_loss":0,"event_name":"Scrap Ooze","floor":3,"gold_loss":0},{"damage_healed":0,"gold_gain":0,"player_choice":"Entered Light","damage_taken":23,"max_hp_gain":0,"max_hp_loss":0,"event_name":"Shining Light","floor":5,"gold_loss":0,"cards_upgraded":["Strike_R","Armaments"]},{"damage_healed":0,"gold_gain":0,"player_choice":"Fought Mushrooms","damage_taken":0,"max_hp_gain":0,"max_hp_loss":0,"event_name":"Mushrooms","floor":11,"gold_loss":0}],"is_beta":false,"boss_relics":[],"items_purged_floors":[],"is_endless":false,"potions_floor_spawned":[2,7],"killed_by":"Exordium Thugs","ascension_level":16}