{"gold_per_floor":[116,116,136,61,73,73,73,73,98,98,98,111,111,124,124,219,219,239,256,156,171,171,171,188,188,188,188,219,233,71,71,71,170,170,186,261,87,103,122,122,133,153,178,178,178,195,195,212,212,212],"floor_reached":51,"playtime":1568,"items_purged":["Strike_R","Strike_R","Strike_R"],"score":684,"play_id":"8f5e5352-489a-42f7-a515-1bdde5d1ca8e","local_time":"20190110015038","is_ascension_mode":false,"campfire_choices":[{"data":"Searing Blow","floor":6,"key":"SMITH"},{"data":"Searing Blow+2","floor":8,"key":"SMITH"},{"data":"Searing Blow+3","floor":11,"key":"SMITH"},{"data":"Searing Blow+4","floor":15,"key":"SMITH"},{"data":"Searing Blow+5","floor":23,"key":"SMITH"},{"data":"Searing Blow+6","floor":25,"key":"SMITH"},{"data":"Searing Blow+7","floor":32,"key":"SMITH"},{"data":"Searing Blow+8","floor":40,"key":"SMITH"},{"data":"Searing Blow+9","floor":44,"key":"SMITH"},{"data":"Searing Blow+10","floor":47,"key":"SMITH"},{"floor":49,"key":"REST"}],"neow_cost":"NONE","seed_source_timestamp":16723195555885,"circlet_count":0,"master_deck":["Strike_R","Defend_R","Defend_R","Defend_R+1","Defend_R","Bash","Inflame","Searing Blow+11","Reaper","Battle Trance+1","Headbutt","Seeing Red","Dark Shackles","Armaments+1","Dual Wield+1","Headbutt"],"relics":["Runic Cube"],"potions_floor_usage":[16,21,27,28,38,42,50,50],"damage_taken":[{"damage":1,"enemies":"Cultist","floor":1,"turns":3},{"damage":6,"enemies":"Jaw Worm","floor":3,"turns":3},{"damage":3,"enemies":"2 Louse","floor":5,"turns":3},{"damage":22,"enemies":"Gremlin Gang","floor":12,"turns":6},{"damage":0,"enemies":"2 Fungi Beasts","floor":14,"turns":3},{"damage":6,"enemies":"Slime Boss","floor":16,"turns":5},{"damage":2,"enemies":"Chosen","floor":18,"turns":4},{"damage":22,"enemies":"Spheric Guardian","floor":19,"turns":4},{"damage":13,"enemies":"3 Cultists","floor":21,"turns":4},{"damage":21,"enemies":"Cultist and Chosen","floor":24,"turns":5},{"damage":26,"enemies":"Colosseum Slavers","floor":27,"turns":5},{"damage":27,"enemies":"Gremlin Leader","floor":28,"turns":5},{"damage":12,"enemies":"Shelled Parasite and Fungi","floor":29,"turns":4},{"damage":65,"enemies":"Champ","floor":33,"turns":9},{"damage":12,"enemies":"3 Shapes","floor":35,"turns":6},{"damage":9,"enemies":"3 Darklings","floor":38,"turns":8},{"damage":30,"enemies":"Maw","floor":39,"turns":5},{"damage":0,"enemies":"Spire Growth","floor":41,"turns":2},{"damage":5,"enemies":"Sphere and 2 Shapes","floor":42,"turns":4},{"damage":10,"enemies":"Jaw Worm Horde","floor":46,"turns":3},{"damage":10,"enemies":"Spire Growth","floor":48,"turns":3},{"damage":46,"enemies":"Donu and Deca","floor":50,"turns":5}],"seed_played":"-4197748822389680602","potions_obtained":[{"floor":12,"key":"Regen Potion"},{"floor":13,"key":"PowerPotion"},{"floor":13,"key":"SpeedPotion"},{"floor":14,"key":"Fire Potion"},{"floor":16,"key":"Strength Potion"},{"floor":33,"key":"BloodPotion"},{"floor":39,"key":"LiquidBronze"},{"floor":41,"key":"Regen Potion"}],"is_trial":false,"path_per_floor":["M","?","M","$","M","R","?","R","T","$","R","M","?","M","R","B",null,"M","M","$","M","?","R","M","R","T","?","E","M","$","?","R","B",null,"M","?","$","M","M","R","M","M","T","R","?","M","R","M","R","B",null],"character_chosen":"IRONCLAD","items_purchased":["Dark Shackles","Regen Potion","Block Potion"],"campfire_rested":1,"item_purchase_floors":[30,30,37],"current_hp_per_floor":[79,79,73,73,70,70,54,54,54,54,54,32,32,32,32,26,80,78,62,62,61,61,61,46,46,46,32,19,11,11,80,80,19,80,74,66,66,69,44,44,50,59,59,59,59,49,49,45,69,56],"gold":212,"neow_bonus":"BOSS_RELIC","is_prod":false,"is_daily":false,"chose_seed":false,"campfire_upgraded":10,"win_rate":0,"timestamp":1547081438,"path_taken":["M","?","M","$","M","R","?","R","T","$","R","M","?","?","R","BOSS","M","M","$","M","?","R","M","R","T","?","E","M","$","?","R","BOSS","M","?","$","M","M","R","?","M","T","R","?","M","R","?","R","BOSS"],"build_version":"2019-01-03v4","purchased_purges":3,"victory":true,"max_hp_per_floor":[80,80,80,80,80,80,80,80,80,80,80,80,80,80,80,80,80,80,80,80,80,80,80,80,80,80,80,80,80,80,80,80,80,80,80,80,80,80,80,80,80,80,80,80,80,80,80,80,80,80],"card_choices":[{"not_picked":["Iron Wave","Fire Breathing"],"picked":"Inflame","floor":1},{"not_picked":["Havoc","Anger"],"picked":"Searing Blow","floor":3},{"not_picked":["Rampage","Body Slam","Reckless Charge"],"picked":"SKIP","floor":5},{"not_picked":["Corruption","Shrug It Off","Cleave"],"picked":"SKIP","floor":12},{"not_picked":["Metallicize","Flex","Iron Wave"],"picked":"SKIP","floor":14},{"not_picked":["Barricade","Offering"],"picked":"Reaper","floor":16},{"not_picked":["Dropkick+1","Shrug It Off","Anger+1"],"picked":"SKIP","floor":18},{"not_picked":["Clash","Perfected Strike+1"],"picked":"Battle Trance+1","floor":19},{"not_picked":["Flex+1","Spot Weakness+1"],"picked":"Headbutt","floor":21},{"not_picked":["Thunderclap","Offering"],"picked":"Seeing Red","floor":24},{"not_picked":["Metallicize+1","Burning Pact","Flex"],"picked":"SKIP","floor":28},{"not_picked":["Metallicize","Flex+1","Flame Barrier"],"picked":"SKIP","floor":29},{"not_picked":["Flex+1","Clothesline+1"],"picked":"Armaments+1","floor":35},{"not_picked":["Clash","Dropkick","Clothesline"],"picked":"SKIP","floor":38},{"not_picked":["Bloodletting","Twin Strike+1","Iron Wave+1"],"picked":"SKIP","floor":39},{"not_picked":["Metallicize","Juggernaut","Blood for Blood"],"picked":"SKIP","floor":41},{"not_picked":["Blood for Blood+1","Anger+1","Heavy Blade+1"],"picked":"SKIP","floor":42},{"not_picked":["True Grit","Cleave+1"],"picked":"Dual Wield+1","floor":46},{"not_picked":["Warcry","Feel No Pain"],"picked":"Headbutt","floor":48}],"player_experience":432824,"relics_obtained":[],"event_choices":[{"damage_healed":0,"gold_gain":0,"player_choice":"Fled","damage_taken":0,"max_hp_gain":0,"max_hp_loss":0,"event_name":"Scrap Ooze","floor":2,"gold_loss":0},{"damage_healed":0,"gold_gain":0,"player_choice":"Entered Light","damage_taken":16,"max_hp_gain":0,"max_hp_loss":0,"event_name":"Shining Light","floor":7,"gold_loss":0,"cards_upgraded":["Defend_R","Searing Blow"]},{"damage_healed":0,"gold_gain":0,"player_choice":"Got Potions","damage_taken":0,"max_hp_gain":0,"max_hp_loss":0,"event_name":"Lab","floor":13,"gold_loss":0},{"damage_healed":0,"gold_gain":0,"player_choice":"Ignored","damage_taken":0,"max_hp_gain":0,"max_hp_loss":0,"event_name":"Vampires","floor":22,"gold_loss":0},{"damage_healed":0,"gold_gain":0,"player_choice":"Fight","damage_taken":0,"max_hp_gain":0,"max_hp_loss":0,"event_name":"Colosseum","floor":27,"gold_loss":0},{"damage_healed":0,"gold_gain":0,"player_choice":"Fled From Nobs","damage_taken":0,"max_hp_gain":0,"max_hp_loss":0,"event_name":"Colosseum","floor":27,"gold_loss":0},{"damage_healed":69,"gold_gain":0,"player_choice":"Full Heal","damage_taken":0,"max_hp_gain":0,"max_hp_loss":0,"event_name":"Wheel of Change","floor":31,"gold_loss":0},{"damage_healed":0,"gold_gain":75,"player_choice":"Touch","damage_taken":8,"max_hp_gain":0,"max_hp_loss":0,"event_name":"FaceTrader","floor":36,"gold_loss":0},{"cards_removed":["Strike_R"],"damage_healed":0,"gold_gain":0,"player_choice":"Purged","damage_taken":0,"max_hp_gain":0,"max_hp_loss":0,"event_name":"Purifier","floor":45,"gold_loss":0}],"is_beta":false,"boss_relics":[{"not_picked":[]},{"not_picked":[]}],"items_purged_floors":[4,20,37],"is_endless":false,"potions_floor_spawned":[12,14,16,18,27,33,39,41],"ascension_level":0}