{"gold_per_floor":[362,362,27,27,47,47,63,84,84,84,30,74,74,107,107,202,202,202,202,1,1,1,1,1,1,1,1,1,1,1,1,1,1,1,1,1,1,1,1,1,1,1,1,1,1,1,1,1],"floor_reached":48,"playtime":1711,"items_purged":["Shame"],"score":1043,"play_id":"b93fb0f5-9281-478c-ae28-7331d1006b38","local_time":"25611216200919","is_ascension_mode":true,"campfire_choices":[{"data":"Sword Boomerang","floor":6.0,"key":"SMITH"},{"data":"Spot Weakness","floor":10.0,"key":"SMITH"},{"data":"True Grit","floor":13.0,"key":"SMITH"},{"floor":15.0,"key":"REST"},{"floor":23.0,"key":"REST"},{"floor":28.0,"key":"REST"},{"data":"Demon Form","floor":30.0,"key":"SMITH"},{"data":"Pummel","floor":32.0,"key":"SMITH"},{"data":"Offering","floor":40.0,"key":"SMITH"},{"data":"Pommel Strike","floor":42.0,"key":"SMITH"}],"neow_cost":"CURSE","seed_source_timestamp":26638662217298,"circlet_count":0,"master_deck":["AscendersBane","Strike_R","Strike_R","Strike_R","Defend_R","Defend_R","Defend_R+1","Defend_R+1","Bash","Sword Boomerang+1","True Grit+1","Shrug It Off","Pummel+1","Spot Weakness+1","Sentinel","Offering+1","Burning Pact","True Grit+1","Intimidate+1","Demon Form+1","Reaper","Pommel Strike+1","Warcry","Juggernaut","Infernal Blade+1"],"special_seed":0,"relics":["Burning Blood","Golden Idol","Vajra","Bottled Flame","Turnip","FossilizedHelix","Ectoplasm","Red Mask","Oddly Smooth Stone","Singing Bowl","Mercury Hourglass","Mango","Busted Crown","War Paint","Self Forming Clay","PreservedInsect"],"potions_floor_usage":[],"damage_taken":[{"damage":3.0,"enemies":"2 Louse","floor":1.0,"turns":4.0},{"damage":1.0,"enemies":"Cultist","floor":5.0,"turns":3.0},{"damage":4.0,"enemies":"Small Slimes","floor":7.0,"turns":4.0},{"damage":0.0,"enemies":"Looter","floor":8.0,"turns":1.0},{"damage":20.0,"enemies":"Lagavulin","floor":12.0,"turns":4.0},{"damage":30.0,"enemies":"Gremlin Nob","floor":14.0,"turns":4.0},{"damage":9.0,"enemies":"The Guardian","floor":16.0,"turns":11.0},{"damage":13.0,"enemies":"Chosen","floor":18.0,"turns":4.0},{"damage":45.0,"enemies":"Masked Bandits","floor":19.0,"turns":5.0},{"damage":0.0,"enemies":"3 Byrds","floor":22.0,"turns":5.0},{"damage":10.0,"enemies":"Shelled Parasite and Fungi","floor":24.0,"turns":5.0},{"damage":38.0,"enemies":"Book of Stabbing","floor":27.0,"turns":5.0},{"damage":11.0,"enemies":"Slavers","floor":29.0,"turns":5.0},{"damage":8.0,"enemies":"Champ","floor":33.0,"turns":9.0},{"damage":16.0,"enemies":"Orb Walker","floor":35.0,"turns":4.0},{"damage":19.0,"enemies":"3 Darklings","floor":37.0,"turns":5.0},{"damage":21.0,"enemies":"Writhing Mass","floor":38.0,"turns":5.0},{"damage":18.0,"enemies":"Nemesis","floor":41.0,"turns":9.0},{"damage":45.0,"enemies":"Reptomancer","floor":44.0,"turns":6.0},{"damage":28.0,"enemies":"Jaw Worm Horde","floor":45.0,"turns":5.0},{"damage":34.0,"enemies":"3 Darklings","floor":46.0,"turns":4.0},{"damage":47.0,"enemies":"Spire Growth","floor":47.0,"turns":6.0},{"damage":12,"enemies":"4 Shapes","floor":48,"turns":2}],"seed_played":"-3323363674672743259","potions_obtained":[{"floor":1.0,"key":"SteroidPotion"},{"floor":7.0,"key":"Poison Potion"},{"floor":12.0,"key":"PowerPotion"},{"floor":19.0,"key":"Poison Potion"},{"floor":22.0,"key":"BloodPotion"},{"floor":33.0,"key":"Poison Potion"},{"floor":35.0,"key":"Swift Potion"},{"floor":41.0,"key":"LiquidBronze"}],"is_trial":false,"path_per_floor":["M","?","$","?","M","R","M","M","T","R","$","E","R","E","R","B",null,"M","?","$","?","M","R","M","$","T","E","R","E","R","?","R","B",null,"M","?","M","M","$","R","E","R","T","E","M","M","M","M"],"character_chosen":"IRONCLAD","items_purchased":["Vajra","True Grit","Shrug It Off","FearPotion","Oddly Smooth Stone","Burning Pact"],"campfire_rested":3,"item_purchase_floors":[3,3,3,11,20,20],"current_hp_per_floor":[71,45,45,45,50,50,52,58,58,58,58,44,44,20,42,39,66,59,20,20,20,26,48,44,44,44,21,44,53,53,53,53,51,81,76,76,80,77,77,77,70,70,70,58,45,43,11,0],"gold":1,"neow_bonus":"TWO_FIFTY_GOLD","is_prod":false,"is_daily":false,"chose_seed":false,"campfire_upgraded":7,"win_rate":0,"timestamp":1544965759,"path_taken":["M","?","$","?","?","R","M","M","T","R","?","E","R","E","R","BOSS","M","?","$","?","M","R","M","?","T","E","R","E","R","?","R","BOSS","M","?","?","M","$","R","E","R","T","E","M","M","?","M"],"build_version":"2018-12-13","purchased_purges":1,"victory":false,"max_hp_per_floor":[75,75,75,75,75,75,75,75,75,75,75,75,75,75,75,75,75,75,75,75,75,75,75,75,75,75,77,77,91,91,91,91,91,91,91,91,93,95,95,95,95,95,95,97,97,99,101,101],"card_choices":[{"not_picked":["Power Through","Clash"],"picked":"Sword Boomerang","floor":1.0},{"not_picked":["Clash","Hemokinesis","Body Slam"],"picked":"SKIP","floor":5.0},{"not_picked":["Havoc","Anger"],"picked":"Pummel","floor":7.0},{"not_picked":["Thunderclap","Flex"],"picked":"Spot Weakness","floor":8.0},{"not_picked":["Heavy Blade","Perfected Strike"],"picked":"Sentinel","floor":12.0},{"not_picked":["Clothesline","Thunderclap","Wild Strike"],"picked":"SKIP","floor":14.0},{"not_picked":["Bludgeon","Dark Embrace"],"picked":"Offering","floor":16.0},{"not_picked":["Wild Strike","Evolve","Iron Wave"],"picked":"SKIP","floor":18.0},{"not_picked":["Havoc","Disarm"],"picked":"True Grit+1","floor":22.0},{"not_picked":["Cleave","Demon Form"],"picked":"Intimidate+1","floor":24.0},{"not_picked":["Thunderclap","Flex","Warcry"],"picked":"Singing Bowl","floor":27.0},{"not_picked":["Intimidate","Shrug It Off"],"picked":"Demon Form","floor":29.0},{"not_picked":["Limit Break","Offering"],"picked":"Reaper","floor":33.0},{"not_picked":[],"picked":"Pommel Strike","floor":35.0},{"not_picked":["Headbutt+1"],"picked":"Singing Bowl","floor":37.0},{"not_picked":["Dual Wield"],"picked":"Singing Bowl","floor":38.0},{"not_picked":[],"picked":"Juggernaut","floor":41.0},{"not_picked":["Clash+1"],"picked":"Singing Bowl","floor":44.0},{"not_picked":[],"picked":"Infernal Blade+1","floor":45.0},{"not_picked":["Havoc"],"picked":"Singing Bowl","floor":46.0},{"not_picked":["Evolve"],"picked":"Singing Bowl","floor":47.0}],"player_experience":212411,"relics_obtained":[{"floor":9.0,"key":"Bottled Flame"},{"floor":12.0,"key":"Turnip"},{"floor":14.0,"key":"FossilizedHelix"},{"floor":19.0,"key":"Red Mask"},{"floor":26.0,"key":"Singing Bowl"},{"floor":27.0,"key":"Mercury Hourglass"},{"floor":29.0,"key":"Mango"},{"floor":41.0,"key":"War Paint"},{"floor":43.0,"key":"Self Forming Clay"},{"floor":44.0,"key":"PreservedInsect"}],"event_choices":[{"damage_healed":0.0,"max_hp_gain":0.0,"max_hp_loss":0.0,"gold_gain":0.0,"event_name":"Golden Idol","player_choice":"Take Damage","floor":2.0,"gold_loss":0.0,"damage_taken":26.0,"relics_obtained":["Golden Idol"]},{"cards_removed":["Strike_R"],"damage_healed":0.0,"max_hp_gain":0.0,"max_hp_loss":0.0,"gold_gain":0.0,"event_name":"Bonfire Elementals","player_choice":"Offered Basic","floor":4.0,"gold_loss":0.0,"damage_taken":0.0},{"damage_healed":0.0,"max_hp_gain":0.0,"max_hp_loss":0.0,"gold_gain":0.0,"event_name":"Masked Bandits","player_choice":"Fought Bandits","floor":19.0,"gold_loss":0.0,"damage_taken":0.0},{"damage_healed":0.0,"max_hp_gain":0.0,"max_hp_loss":0.0,"gold_gain":0.0,"event_name":"Ghosts","player_choice":"Ignored","floor":21.0,"gold_loss":0.0,"damage_taken":0.0},{"damage_healed":0.0,"max_hp_gain":0.0,"max_hp_loss":0.0,"gold_gain":0.0,"event_name":"Beggar","player_choice":"Ignored","floor":31.0,"gold_loss":0.0,"damage_taken":0.0},{"damage_healed":0.0,"max_hp_gain":0.0,"max_hp_loss":0.0,"gold_gain":0.0,"cards_transformed":["Strike_R"],"event_name":"Transmorgrifier","player_choice":"Transformed","floor":36.0,"gold_loss":0.0,"damage_taken":0.0,"cards_obtained":["Warcry"]}],"is_beta":false,"boss_relics":[{"not_picked":["Velvet Choker","Astrolabe"],"picked":"Ectoplasm"},{"not_picked":["White Beast Statue","Black Star"],"picked":"Busted Crown"}],"items_purged_floors":[3],"is_endless":false,"potions_floor_spawned":[1,7,12,19,22,33,35,41],"killed_by":"4 Shapes","ascension_level":18}