{"gold_per_floor":[114,129,140,153,166,201,201,228,280,311,323,3,28,28,28,123,123,134,134,146,46,64,89,89,118,192,219,35,35,35,46,46,143,143,154,154,202,77,92,121,121,147,147,147,160,191,41,54,54,54,54,54,54,85,85],"floor_reached":55,"playtime":2388,"items_purged":["Defend_R","Defend_R","Defend_R","Defend_R+1"],"score":1073,"play_id":"c747ff8d-df85-4101-87f6-9490452dc5df","local_time":"20190328225538","is_ascension_mode":true,"campfire_choices":[{"data":"Apotheosis","floor":15,"key":"SMITH"},{"data":"Inflame","floor":24,"key":"SMITH"},{"data":"Limit Break","floor":29,"key":"SMITH"},{"floor":32,"key":"DIG"},{"floor":41,"key":"RECALL"},{"floor":49,"key":"DIG"},{"floor":52,"key":"DIG"}],"neow_cost":"NONE","seed_source_timestamp":1173479791681800,"circlet_count":0,"master_deck":["Strike_R","Strike_R","Strike_R","Strike_R","Bash","Twin Strike+1","Berserk","Bloodletting","Inflame+1","Apotheosis+1","Pummel+1","Offering","Flex+1","Battle Trance+1","Limit Break+1","Heavy Blade","Immolate","Inflame+1","Headbutt+1","Seeing Red+1"],"relics":["Burning Blood","NeowsBlessing","Shuriken","Champion Belt","Darkstone Periapt","Ancient Tea Set","Runic Pyramid","MutagenicStrength","Gambling Chip","Matryoshka","Whetstone","Letter Opener","Shovel","Enchiridion","Ornamental Fan","Orrery","FossilizedHelix","Pen Nib","Ginger","War Paint","Thread and Needle","Centennial Puzzle","Strawberry","Dead Branch","Paper Frog","Pear"],"potions_floor_usage":[10,10,22,23,33,55,55],"damage_taken":[{"damage":0,"enemies":"Jaw Worm","floor":1,"turns":1},{"damage":0,"enemies":"Cultist","floor":2,"turns":1},{"damage":0,"enemies":"Small Slimes","floor":3,"turns":1},{"damage":21,"enemies":"2 Fungi Beasts","floor":4,"turns":3},{"damage":23,"enemies":"3 Louse","floor":5,"turns":3},{"damage":60,"enemies":"Lagavulin","floor":6,"turns":5},{"damage":100,"enemies":"3 Sentries","floor":8,"turns":10},{"damage":16,"enemies":"Gremlin Nob","floor":10,"turns":3},{"damage":36,"enemies":"Blue Slaver","floor":11,"turns":4},{"damage":56,"enemies":"Lagavulin","floor":13,"turns":5},{"damage":99,"enemies":"The Guardian","floor":16,"turns":8},{"damage":14,"enemies":"Chosen","floor":18,"turns":2},{"damage":46,"enemies":"3 Byrds","floor":20,"turns":3},{"damage":23,"enemies":"Sentry and Sphere","floor":22,"turns":3},{"damage":56,"enemies":"Book of Stabbing","floor":23,"turns":3},{"damage":55,"enemies":"Slavers","floor":25,"turns":4},{"damage":43,"enemies":"Book of Stabbing","floor":27,"turns":3},{"damage":33,"enemies":"Centurion and Healer","floor":31,"turns":3},{"damage":90,"enemies":"Collector","floor":33,"turns":4},{"damage":20,"enemies":"3 Darklings","floor":35,"turns":3},{"damage":49,"enemies":"2 Orb Walkers","floor":37,"turns":2},{"damage":8,"enemies":"Orb Walker","floor":39,"turns":2},{"damage":22,"enemies":"Giant Head","floor":40,"turns":4},{"damage":3,"enemies":"Reptomancer","floor":42,"turns":3},{"damage":0,"enemies":"Spire Growth","floor":45,"turns":3},{"damage":66,"enemies":"Nemesis","floor":46,"turns":3},{"damage":46,"enemies":"3 Darklings","floor":48,"turns":2},{"damage":44,"enemies":"Donu and Deca","floor":50,"turns":3},{"damage":3,"enemies":"Shield and Spear","floor":54,"turns":2},{"damage":101,"enemies":"The Heart","floor":55,"turns":3}],"seed_played":"7810365574400577715","potions_obtained":[{"floor":2,"key":"AttackPotion"},{"floor":6,"key":"Weak Potion"},{"floor":13,"key":"LiquidBronze"},{"floor":16,"key":"SpeedPotion"},{"floor":20,"key":"SkillPotion"},{"floor":23,"key":"SteroidPotion"},{"floor":33,"key":"BloodPotion"},{"floor":40,"key":"SkillPotion"},{"floor":42,"key":"Explosive Potion"}],"is_trial":false,"path_per_floor":["M","M","M","M","M","E","?","E","T","E","M","$","E","$","R","B",null,"M","?","M","$","M","E","R","E","T","E","$","R","?","M","R","B",null,"M","?","?","$","M","E","R","E","T","T","M","E","$","M","R","B",null,"R","$","E","B"],"character_chosen":"IRONCLAD","items_purchased":["Apotheosis","Pummel","Limit Break","Heavy Blade"],"campfire_rested":0,"item_purchase_floors":[12,12,28,28],"current_hp_per_floor":[80,80,80,80,80,80,80,80,80,80,80,80,80,80,80,80,80,80,80,80,80,80,80,80,80,80,80,80,80,80,80,80,80,80,80,80,80,80,80,80,80,80,80,80,80,87,87,87,87,87,87,87,87,97,0],"gold":85,"neow_bonus":"THREE_ENEMY_KILL","is_prod":false,"is_daily":false,"chose_seed":false,"campfire_upgraded":3,"win_rate":0,"timestamp":1553806538,"path_taken":["M","M","M","M","M","E","?","E","T","E","?","$","E","$","R","BOSS","M","?","M","$","M","E","R","E","T","E","$","R","?","M","R","BOSS","M","?","?","$","M","E","R","E","T","?","?","E","$","?","R","BOSS","R","$","E","BOSS"],"build_version":"2019-01-23","purchased_purges":4,"victory":false,"max_hp_per_floor":[80,80,80,80,80,80,80,80,80,80,80,80,80,80,80,80,80,80,80,80,80,80,80,80,80,80,80,80,80,80,80,80,80,80,80,80,80,80,80,80,80,80,80,80,80,87,87,87,87,87,87,87,87,97,97],"card_choices":[{"not_picked":["Armaments","True Grit","Clothesline"],"picked":"SKIP","floor":1},{"not_picked":["Sword Boomerang","Body Slam","Armaments"],"picked":"SKIP","floor":2},{"not_picked":["Body Slam","Armaments","Wild Strike"],"picked":"SKIP","floor":3},{"not_picked":["Combust","Clash"],"picked":"Twin Strike","floor":4},{"not_picked":["Combust","Power Through"],"picked":"Berserk","floor":5},{"not_picked":["Thunderclap","Pommel Strike","Anger"],"picked":"SKIP","floor":6},{"not_picked":["Thunderclap","Pommel Strike","Anger"],"picked":"SKIP","floor":6},{"not_picked":["Sentinel","Rupture"],"picked":"Bloodletting","floor":8},{"not_picked":["Havoc","Fire Breathing","Warcry"],"picked":"SKIP","floor":10},{"not_picked":["Clothesline","Perfected Strike"],"picked":"Inflame","floor":11},{"not_picked":["Disarm","Anger","Wild Strike"],"picked":"SKIP","floor":13},{"not_picked":["Barricade","Reaper"],"picked":"Offering","floor":16},{"not_picked":["Sever Soul","Flex","Second Wind"],"picked":"SKIP","floor":18},{"not_picked":["Fire Breathing","Anger+1"],"picked":"Flex+1","floor":20},{"not_picked":["Rupture","Power Through","Armaments+1"],"picked":"SKIP","floor":22},{"not_picked":["Havoc","Iron Wave"],"picked":"Battle Trance","floor":23},{"not_picked":["Uppercut","Armaments+1","Inflame"],"picked":"SKIP","floor":25},{"not_picked":["Dark Embrace","Perfected Strike","Second Wind+1"],"picked":"SKIP","floor":27},{"not_picked":["Iron Wave","Twin Strike","Metallicize"],"picked":"SKIP","floor":31},{"not_picked":["True Grit","Sword Boomerang"],"picked":"Immolate","floor":34},{"not_picked":["Clothesline+1","Combust"],"picked":"Inflame+1","floor":35},{"not_picked":["Anger+1","Wild Strike"],"picked":"Headbutt+1","floor":39},{"not_picked":["Barricade","Blood for Blood"],"picked":"Seeing Red+1","floor":40},{"not_picked":["Clothesline+1","Reckless Charge+1","Evolve+1"],"picked":"SKIP","floor":42},{"not_picked":["Second Wind","Anger+1","Shrug It Off+1"],"picked":"SKIP","floor":45},{"not_picked":["Power Through","Flame Barrier","Rage"],"picked":"SKIP","floor":46},{"not_picked":["Headbutt","Searing Blow+1","Power Through+1"],"picked":"SKIP","floor":48},{"not_picked":["Evolve","Thunderclap","Feed"],"picked":"SKIP","floor":54}],"player_experience":120348,"relics_obtained":[{"floor":6,"key":"Shuriken"},{"floor":8,"key":"Champion Belt"},{"floor":10,"key":"Darkstone Periapt"},{"floor":13,"key":"Ancient Tea Set"},{"floor":23,"key":"Gambling Chip"},{"floor":25,"key":"Matryoshka"},{"floor":26,"key":"Whetstone"},{"floor":26,"key":"Letter Opener"},{"floor":27,"key":"Shovel"},{"floor":30,"key":"Enchiridion"},{"floor":32,"key":"Ornamental Fan"},{"floor":37,"key":"FossilizedHelix"},{"floor":40,"key":"Pen Nib"},{"floor":42,"key":"Ginger"},{"floor":43,"key":"War Paint"},{"floor":43,"key":"Thread and Needle"},{"floor":44,"key":"Centennial Puzzle"},{"floor":46,"key":"Strawberry"},{"floor":49,"key":"Dead Branch"},{"floor":52,"key":"Paper Frog"},{"floor":54,"key":"Pear"}],"event_choices":[{"cards_removed":["Strike_R"],"damage_healed":0,"gold_gain":0,"player_choice":"Purged","damage_taken":0,"max_hp_gain":0,"max_hp_loss":0,"event_name":"Purifier","floor":7,"gold_loss":0},{"damage_healed":0,"gold_gain":0,"player_choice":"Inject Mutagens","damage_taken":0,"relics_obtained":["MutagenicStrength"],"max_hp_gain":0,"max_hp_loss":0,"event_name":"Drug Dealer","floor":19,"gold_loss":0},{"damage_healed":0,"gold_gain":0,"player_choice":"Obtained Book","damage_taken":16,"max_hp_gain":0,"max_hp_loss":0,"event_name":"Cursed Tome","floor":30,"gold_loss":0},{"damage_healed":0,"gold_gain":0,"player_choice":"Memory 3","damage_taken":10,"max_hp_gain":0,"max_hp_loss":0,"event_name":"SensoryStone","floor":36,"gold_loss":0},{"damage_healed":0,"gold_gain":0,"player_choice":"Fight","damage_taken":0,"max_hp_gain":0,"max_hp_loss":0,"event_name":"Mysterious Sphere","floor":37,"gold_loss":0}],"is_beta":false,"boss_relics":[{"not_picked":["Snecko Eye","Mark of Pain"],"picked":"Runic Pyramid"},{"not_picked":["Lizard Tail","Eternal Feather"],"picked":"Orrery"}],"items_purged_floors":[12,21,38,47],"is_endless":false,"potions_floor_spawned":[2,6,13,16,20,23,33,40,42,45],"killed_by":"The Heart","ascension_level":3}