{"gold_per_floor":[109,31,31,55,73,73,114,114,163,196,209,233,233,125,125,216,216,232,282,60,60,74,114,114,150,195,239,239,239,239,254,254,254],"floor_reached":33,"playtime":1208,"items_purged":["Strike_G"],"score":544,"play_id":"6996803a-4fe8-463a-8a4f-62c52eb429dc","local_time":"20181123084057","is_ascension_mode":true,"campfire_choices":[{"data":"Neutralize","floor":6.0,"key":"SMITH"},{"data":"Poisoned Stab","floor":8.0,"key":"SMITH"},{"data":"Bouncing Flask","floor":15.0,"key":"SMITH"},{"floor":24,"key":"REST"},{"floor":29,"key":"REST"},{"floor":32,"key":"REST"}],"neow_cost":"NONE","seed_source_timestamp":3190485463767,"circlet_count":0,"master_deck":["AscendersBane","Defend_G","Defend_G","Defend_G","Defend_G","Defend_G","Strike_G","Strike_G+1","Survivor","Neutralize+1","Endless Agony","Well Laid Plans","Poisoned Stab+1","Quick Slash+1","Poisoned Stab","Crippling Poison","Bouncing Flask+1","Adrenaline","Noxious Fumes","Escape Plan","Corpse Explosion","Cloak And Dagger","Predator","Acrobatics"],"special_seed":0,"relics":["Ring of the Snake","Centennial Puzzle","Golden Idol","Ancient Tea Set","Bronze Scales","Whetstone","Snake Skull","Sozu","Oddly Smooth Stone","Lantern","Dodecahedron","Art of War","Ninja Scroll"],"potions_floor_usage":[23,27],"damage_taken":[{"damage":2.0,"enemies":"Small Slimes","floor":1.0,"turns":4.0},{"damage":0.0,"enemies":"Jaw Worm","floor":4.0,"turns":3.0},{"damage":0.0,"enemies":"Cultist","floor":5.0,"turns":3.0},{"damage":20.0,"enemies":"3 Sentries","floor":7.0,"turns":10.0},{"damage":12.0,"enemies":"Lagavulin","floor":10.0,"turns":6.0},{"damage":4.0,"enemies":"Exordium Wildlife","floor":11.0,"turns":3.0},{"damage":0.0,"enemies":"Large Slime","floor":12.0,"turns":4.0},{"damage":3.0,"enemies":"Hexaghost","floor":16.0,"turns":6.0},{"damage":0.0,"enemies":"3 Byrds","floor":18.0,"turns":3.0},{"damage":16.0,"enemies":"2 Thieves","floor":22.0,"turns":3.0},{"damage":12,"enemies":"Gremlin Leader","floor":23,"turns":6},{"damage":18,"enemies":"Book of Stabbing","floor":25,"turns":4},{"damage":15,"enemies":"Slavers","floor":27,"turns":2},{"damage":8,"enemies":"Sentry and Sphere","floor":31,"turns":4},{"damage":43,"enemies":"Collector","floor":33,"turns":6}],"seed_played":"-2831064096744595134","potions_obtained":[{"floor":1.0,"key":"SpeedPotion"},{"floor":7.0,"key":"SpeedPotion"},{"floor":11.0,"key":"Energy Potion"}],"is_trial":false,"path_per_floor":["M","$","?","M","M","R","E","R","T","E","E","M","M","T","$","R","B",null,"M","?","$","?","M","E","R","E","T","E","?","R","?","M","R","B"],"character_chosen":"THE_SILENT","items_purchased":["Well Laid Plans","Bouncing Flask","Noxious Fumes","Oddly Smooth Stone"],"campfire_rested":3,"item_purchase_floors":[2,14,20,20],"current_hp_per_floor":[57,57,57,57,57,57,37,37,37,25,21,21,21,21,21,18,50,50,50,50,50,34,22,40,22,22,7,7,25,25,17,35,0],"gold":254,"neow_bonus":"RANDOM_COMMON_RELIC","is_prod":false,"is_daily":false,"chose_seed":false,"campfire_upgraded":3,"win_rate":0,"timestamp":1542991257,"path_taken":["M","$","?","M","M","R","E","R","T","E","M","M","?","$","R","BOSS","M","?","$","?","M","E","R","E","T","E","?","R","?","M","R","BOSS"],"build_version":"2018-11-15","purchased_purges":1,"victory":false,"max_hp_per_floor":[66,66,60,60,60,60,60,60,60,60,60,60,60,60,60,60,60,60,60,60,60,60,60,60,60,60,60,60,60,60,60,60,60],"card_choices":[{"not_picked":["Setup","Acrobatics"],"picked":"Endless Agony","floor":1.0},{"not_picked":["Deflect","Dagger Throw"],"picked":"Poisoned Stab","floor":4.0},{"not_picked":["Underhanded Strike","Eviscerate"],"picked":"Quick Slash","floor":5.0},{"not_picked":["Setup","Masterful Stab","Underhanded Strike"],"picked":"SKIP","floor":7.0},{"not_picked":["Tools of the Trade","Setup"],"picked":"Poisoned Stab","floor":10.0},{"not_picked":["Endless Agony","Sucker Punch","Expertise"],"picked":"SKIP","floor":11.0},{"not_picked":["Poisoned Stab","Prepared"],"picked":"Crippling Poison","floor":12.0},{"not_picked":["Glass Knife","Wraith Form v2"],"picked":"Adrenaline","floor":16.0},{"not_picked":["Underhanded Strike","Quick Slash+1","Flying Knee"],"picked":"SKIP","floor":18.0},{"not_picked":["Poisoned Stab","Sucker Punch","Dagger Throw"],"picked":"SKIP","floor":22.0},{"not_picked":["Crippling Poison","Distraction"],"picked":"Escape Plan","floor":23},{"not_picked":["Sucker Punch","Accuracy"],"picked":"Corpse Explosion","floor":25},{"not_picked":["Well Laid Plans+1","Backstab"],"picked":"Cloak And Dagger","floor":27},{"not_picked":["Well Laid Plans","Blade Dance","Dagger Throw"],"picked":"SKIP","floor":31}],"player_experience":1655228,"relics_obtained":[{"floor":7.0,"key":"Ancient Tea Set"},{"floor":9.0,"key":"Bronze Scales"},{"floor":10.0,"key":"Whetstone"},{"floor":13.0,"key":"Snake Skull"},{"floor":23,"key":"Lantern"},{"floor":25,"key":"Dodecahedron"},{"floor":26,"key":"Art of War"},{"floor":27,"key":"Ninja Scroll"}],"event_choices":[{"damage_healed":0.0,"max_hp_gain":0.0,"max_hp_loss":6.0,"gold_gain":0.0,"event_name":"Golden Idol","player_choice":"Lose Max HP","floor":3.0,"gold_loss":0.0,"damage_taken":0.0,"relics_obtained":["Golden Idol"]},{"damage_healed":0.0,"max_hp_gain":0.0,"max_hp_loss":0.0,"gold_gain":50.0,"event_name":"Nest","player_choice":"Stole From Cult","floor":19.0,"gold_loss":0.0,"damage_taken":0.0},{"damage_healed":0.0,"max_hp_gain":0.0,"max_hp_loss":0.0,"gold_gain":0.0,"event_name":"Ghosts","player_choice":"Ignored","floor":21.0,"gold_loss":0.0,"damage_taken":0.0},{"damage_healed":0,"gold_gain":0,"cards_transformed":["Strike_G","Strike_G"],"player_choice":"Became Test Subject","damage_taken":0,"max_hp_gain":0,"max_hp_loss":0,"event_name":"Drug Dealer","floor":28,"gold_loss":0,"cards_obtained":["Predator","Acrobatics"]},{"damage_healed":0,"gold_gain":0,"player_choice":"Ignored","damage_taken":0,"max_hp_gain":0,"max_hp_loss":0,"event_name":"The Mausoleum","floor":30,"gold_loss":0}],"is_beta":false,"boss_relics":[{"not_picked":["Pandora\u0027s Box","White Beast Statue"],"picked":"Sozu"}],"items_purged_floors":[14],"is_endless":false,"potions_floor_spawned":[1,7,11,22,25,31],"killed_by":"Collector","ascension_level":15}