{"gold_per_floor":[15,15,29,56,32,32,107,147,171,190,190,365,69,82,82,202,202,223,248,283,283,283,283],"floor_reached":23,"playtime":1846,"items_purged":["Doubt"],"score":281,"play_id":"318192a4-f350-4587-a517-988b54bcd0d6","local_time":"20190110230428","is_ascension_mode":true,"campfire_choices":[{"data":"Noxious Fumes","floor":6.0,"key":"SMITH"},{"data":"Cloak And Dagger","floor":11.0,"key":"SMITH"},{"floor":15.0,"key":"REST"}],"neow_cost":"NO_GOLD","seed_source_timestamp":84287296212074,"circlet_count":0,"master_deck":["AscendersBane","Defend_G","Defend_G","Defend_G","Defend_G","Defend_G","Strike_G+1","Strike_G","Strike_G","Survivor","Neutralize","Sucker Punch+1","PiercingWail","Noxious Fumes+1","Injury","Deadly Poison","Cloak And Dagger+1","Accuracy","Noxious Fumes","Dodge and Roll","Blade Dance","Envenom","Accuracy","Writhe"],"special_seed":0,"relics":["Ring of the Snake","Golden Idol","Juzu Bracelet","Oddly Smooth Stone","Whetstone","TwistedFunnel","Busted Crown","Red Mask","Happy Flower","Centennial Puzzle"],"potions_floor_usage":[20],"damage_taken":[{"damage":1.0,"enemies":"Small Slimes","floor":1.0,"turns":4.0},{"damage":2.0,"enemies":"Jaw Worm","floor":3.0,"turns":7.0},{"damage":12.0,"enemies":"3 Sentries","floor":8.0,"turns":7.0},{"damage":7.0,"enemies":"Cultist","floor":10.0,"turns":5.0},{"damage":2.0,"enemies":"Lots of Slimes","floor":14.0,"turns":4.0},{"damage":25.0,"enemies":"The Guardian","floor":16.0,"turns":9.0},{"damage":0.0,"enemies":"Chosen","floor":18.0,"turns":5.0},{"damage":3.0,"enemies":"Shell Parasite","floor":19.0,"turns":6.0},{"damage":26,"enemies":"Masked Bandits","floor":20,"turns":5},{"damage":31,"enemies":"Gremlin Leader","floor":23,"turns":6}],"seed_played":"374206314433216840","potions_obtained":[{"floor":1.0,"key":"Weak Potion"},{"floor":3.0,"key":"Explosive Potion"},{"floor":16.0,"key":"Block Potion"},{"floor":20,"key":"Explosive Potion"}],"is_trial":false,"path_per_floor":["M","?","M","T","$","R","?","E","T","M","R","?","$","M","R","B",null,"M","M","?","?","?","E"],"character_chosen":"THE_SILENT","items_purchased":["Cloak And Dagger","TwistedFunnel","Dodge and Roll"],"campfire_rested":1,"item_purchase_floors":[5,13,13],"current_hp_per_floor":[62,62,60,60,60,60,49,37,37,30,30,30,30,28,49,24,59,59,56,30,30,30,0],"gold":283,"neow_bonus":"TRANSFORM_TWO_CARDS","is_prod":false,"is_daily":false,"chose_seed":false,"campfire_upgraded":2,"win_rate":0,"timestamp":1547157868,"path_taken":["M","?","M","?","?","R","?","E","T","M","R","?","$","M","R","BOSS","M","M","?","?","?","E"],"build_version":"2019-01-09","purchased_purges":1,"victory":false,"max_hp_per_floor":[70,70,70,70,70,70,70,70,70,70,70,70,70,70,70,70,70,70,70,70,70,70,70],"card_choices":[{"not_picked":["Leg Sweep","Infinite Blades"],"picked":"Noxious Fumes","floor":1.0},{"not_picked":["Dagger Throw","Blade Dance"],"picked":"Deadly Poison","floor":3.0},{"not_picked":["Quick Slash","Deadly Poison"],"picked":"Accuracy","floor":8.0},{"not_picked":["Acrobatics","Quick Slash"],"picked":"Noxious Fumes","floor":10.0},{"not_picked":["Quick Slash","Reflex"],"picked":"Blade Dance","floor":14.0},{"not_picked":["Storm of Steel","A Thousand Cuts"],"picked":"Envenom","floor":16.0},{"not_picked":[],"picked":"Accuracy","floor":18.0},{"not_picked":["Dodge and Roll"],"picked":"SKIP","floor":19.0}],"player_experience":445819,"relics_obtained":[{"floor":4.0,"key":"Juzu Bracelet"},{"floor":8.0,"key":"Oddly Smooth Stone"},{"floor":9.0,"key":"Whetstone"},{"floor":20,"key":"Red Mask"}],"event_choices":[{"damage_healed":0.0,"max_hp_gain":0.0,"max_hp_loss":0.0,"gold_gain":0.0,"event_name":"Golden Idol","player_choice":"Take Wound","floor":2.0,"gold_loss":0.0,"damage_taken":0.0,"relics_obtained":["Golden Idol"],"cards_obtained":["Injury"]},{"damage_healed":0.0,"max_hp_gain":0.0,"max_hp_loss":0.0,"gold_gain":75.0,"event_name":"World of Goop","player_choice":"Gather Gold","floor":7.0,"gold_loss":0.0,"damage_taken":11.0},{"damage_healed":0.0,"max_hp_gain":0.0,"max_hp_loss":0.0,"gold_gain":175.0,"event_name":"Liars Game","player_choice":"AGREE","floor":12.0,"gold_loss":0.0,"damage_taken":0.0,"cards_obtained":["Doubt"]},{"damage_healed":0,"gold_gain":0,"player_choice":"Fought Bandits","damage_taken":0,"max_hp_gain":0,"max_hp_loss":0,"event_name":"Masked Bandits","floor":20,"gold_loss":0},{"damage_healed":0,"gold_gain":0,"player_choice":"Opened","damage_taken":0,"relics_obtained":["Happy Flower"],"max_hp_gain":0,"max_hp_loss":0,"event_name":"The Mausoleum","floor":21,"gold_loss":0,"cards_obtained":["Writhe"]},{"damage_healed":0,"gold_gain":0,"player_choice":"Gave Potion","damage_taken":0,"relics_obtained":["Centennial Puzzle"],"max_hp_gain":0,"max_hp_loss":0,"event_name":"WeMeetAgain","floor":22,"gold_loss":0}],"is_beta":true,"boss_relics":[{"not_picked":["HoveringKite","Coffee Dripper"],"picked":"Busted Crown"}],"items_purged_floors":[13],"is_endless":false,"potions_floor_spawned":[1,3,16,20],"killed_by":"Gremlin Leader","ascension_level":10}