{"gold_per_floor":[112,75,75,25,35,35,35,35,35,69,69,94,109,72,72,72],"floor_reached":16,"playtime":825,"items_purged":[],"score":183,"play_id":"e123baf5-c2a8-4a3f-888a-b1ad42177dde","local_time":"20190106040127","is_ascension_mode":true,"campfire_choices":[{"data":"Dual Wield","floor":6.0,"key":"SMITH"},{"data":"Rampage","floor":8.0,"key":"SMITH"},{"data":"Bash","floor":11.0,"key":"SMITH"},{"data":"Flex","floor":15.0,"key":"SMITH"}],"neow_cost":"NONE","seed_source_timestamp":50009856173955,"circlet_count":0,"master_deck":["Strike_R","Strike_R","Strike_R","Strike_R","Defend_R","Defend_R","Defend_R","Bash+1","Dramatic Entrance","Dual Wield+1","Rampage+1","Clash","Impervious","Flex+1","Feel No Pain"],"special_seed":0,"relics":["Burning Blood","Charon\u0027s Ashes","Vajra","Nunchaku"],"potions_floor_usage":[16],"damage_taken":[{"damage":9.0,"enemies":"2 Louse","floor":1.0,"turns":4.0},{"damage":2.0,"enemies":"Jaw Worm","floor":5.0,"turns":3.0},{"damage":0.0,"enemies":"3 Sentries","floor":10.0,"turns":4.0},{"damage":39.0,"enemies":"Lagavulin","floor":12.0,"turns":5.0},{"damage":0.0,"enemies":"Cultist","floor":13.0,"turns":2.0},{"damage":50,"enemies":"The Guardian","floor":16,"turns":9}],"seed_played":"-7224293976054665649","potions_obtained":[{"floor":1.0,"key":"Fire Potion"},{"floor":5.0,"key":"GamblersBrew"},{"floor":7.0,"key":"PowerPotion"},{"floor":7.0,"key":"AttackPotion"},{"floor":7.0,"key":"SkillPotion"},{"floor":10.0,"key":"Ancient Potion"},{"floor":12.0,"key":"FearPotion"}],"is_trial":false,"path_per_floor":["M","$","?","?","M","R","?","R","T","E","R","E","M","$","R","B"],"character_chosen":"IRONCLAD","items_purchased":["Rampage","Feel No Pain"],"campfire_rested":0,"item_purchase_floors":[2,14],"current_hp_per_floor":[69,69,62,62,66,66,66,66,66,72,72,39,45,45,45,0],"gold":72,"neow_bonus":"RANDOM_COLORLESS","is_prod":false,"is_daily":false,"chose_seed":false,"campfire_upgraded":4,"win_rate":0,"timestamp":1546743687,"path_taken":["M","$","?","?","M","R","?","R","T","E","R","E","M","$","R","BOSS"],"build_version":"2019-01-03v4","purchased_purges":0,"victory":false,"max_hp_per_floor":[80,80,80,80,80,80,80,80,80,80,80,80,80,80,80,80],"card_choices":[{"not_picked":["Sword Boomerang","Sentinel"],"picked":"Dual Wield","floor":1.0},{"not_picked":["Iron Wave","Havoc"],"picked":"Clash","floor":5.0},{"not_picked":["Iron Wave","Dropkick","Anger"],"picked":"SKIP","floor":10.0},{"not_picked":["Flame Barrier","Twin Strike"],"picked":"Impervious","floor":12.0},{"not_picked":["Twin Strike","Havoc"],"picked":"Flex","floor":13.0}],"player_experience":400974,"relics_obtained":[{"floor":9.0,"key":"Charon\u0027s Ashes"},{"floor":10.0,"key":"Vajra"},{"floor":12.0,"key":"Nunchaku"}],"event_choices":[{"cards_removed":["Defend_R"],"damage_healed":0.0,"max_hp_gain":0.0,"max_hp_loss":0.0,"gold_gain":0.0,"event_name":"Golden Wing","player_choice":"Card Removal","floor":3.0,"gold_loss":0.0,"damage_taken":7.0},{"cards_removed":["Strike_R"],"damage_healed":0.0,"max_hp_gain":0.0,"max_hp_loss":0.0,"gold_gain":0.0,"event_name":"The Cleric","player_choice":"Card Removal","floor":4.0,"gold_loss":50.0,"damage_taken":0.0},{"damage_healed":0.0,"max_hp_gain":0.0,"max_hp_loss":0.0,"gold_gain":0.0,"event_name":"Lab","player_choice":"Got Potions","floor":7.0,"gold_loss":0.0,"damage_taken":0.0}],"is_beta":true,"boss_relics":[],"items_purged_floors":[],"is_endless":false,"potions_floor_spawned":[1,5,10,12],"killed_by":"The Guardian","ascension_level":8}