{"gold_per_floor":[110,31,106,125,125,125,160,160,206,206,61,87,100,111,111,190,190,209,54,47,60,80,114,126,138],"floor_reached":25,"playtime":1059,"items_purged":[],"score":435,"play_id":"16205904-e414-4c4a-83e6-88530d2595b3","local_time":"20190419223948","is_ascension_mode":true,"campfire_choices":[{"data":"Whirlwind","floor":6,"key":"SMITH"},{"data":"Disarm","floor":8,"key":"SMITH"},{"data":"Bash","floor":10,"key":"SMITH"},{"data":"True Grit","floor":15,"key":"SMITH"}],"neow_cost":"NONE","seed_source_timestamp":653008186675900,"circlet_count":0,"master_deck":["AscendersBane","Strike_R","Strike_R","Strike_R","Strike_R","Defend_R","Defend_R","Defend_R","Defend_R","Bash+1","Disarm+1","Whirlwind+1","Shrug It Off","True Grit+1","Ghostly Armor","Reaper","Pommel Strike+1","Battle Trance","True Grit","True Grit"],"relics":["Burning Blood","NeowsBlessing","Bird Faced Urn","Bag of Preparation","Anchor","Ornamental Fan","Cursed Key","Red Skull","MawBank"],"potions_floor_usage":[12,12,12,12,18,23,25],"damage_taken":[{"damage":0,"enemies":"Small Slimes","floor":1,"turns":2},{"damage":0,"enemies":"Cultist","floor":4,"turns":1},{"damage":0,"enemies":"Lagavulin","floor":7,"turns":1},{"damage":6,"enemies":"Gremlin Nob","floor":12,"turns":3},{"damage":4,"enemies":"Jaw Worm","floor":13,"turns":3},{"damage":0,"enemies":"Lots of Slimes","floor":14,"turns":1},{"damage":42,"enemies":"The Guardian","floor":16,"turns":22},{"damage":2,"enemies":"Shell Parasite","floor":18,"turns":5},{"damage":4,"enemies":"2 Thieves","floor":20,"turns":4},{"damage":34,"enemies":"3 Cultists","floor":21,"turns":6},{"damage":33,"enemies":"Cultist and Chosen","floor":22,"turns":7},{"damage":15,"enemies":"Gremlin Leader","floor":23,"turns":6},{"damage":51,"enemies":"Centurion and Healer","floor":25,"turns":8}],"seed_played":"7665448410088358644","potions_obtained":[{"floor":1,"key":"Fruit Juice"},{"floor":4,"key":"EntropicBrew"},{"floor":16,"key":"Strength Potion"},{"floor":20,"key":"FearPotion"},{"floor":22,"key":"Block Potion"},{"floor":23,"key":"Ancient Potion"},{"floor":24,"key":"EntropicBrew"}],"is_trial":false,"path_per_floor":["M","$","?","M","?","R","E","R","T","R","$","E","M","M","R","B",null,"M","$","M","M","M","E","?","M"],"character_chosen":"IRONCLAD","items_purchased":["Whirlwind","Anchor","Red Skull"],"campfire_rested":0,"item_purchase_floors":[2,11,19],"current_hp_per_floor":[74,74,63,69,69,69,75,75,75,75,75,80,80,80,80,44,71,75,75,77,59,40,42,42,0],"gold":138,"neow_bonus":"THREE_ENEMY_KILL","is_prod":false,"is_daily":false,"chose_seed":false,"campfire_upgraded":4,"win_rate":0,"timestamp":1555702788,"path_taken":["M","$","?","M","?","R","E","R","T","R","$","E","M","M","R","BOSS","M","?","M","M","?","E","?","M"],"build_version":"2019-01-23","purchased_purges":0,"victory":false,"max_hp_per_floor":[75,75,75,75,75,75,75,75,75,75,75,80,80,80,80,80,80,80,80,80,80,80,80,80,80],"card_choices":[{"not_picked":["Burning Pact","Dual Wield"],"picked":"Disarm","floor":1},{"not_picked":["Iron Wave","Evolve"],"picked":"Shrug It Off","floor":4},{"not_picked":["Searing Blow","Second Wind","Sword Boomerang"],"picked":"SKIP","floor":7},{"not_picked":["Warcry","Perfected Strike","Corruption"],"picked":"SKIP","floor":12},{"not_picked":["Rupture","Havoc"],"picked":"True Grit","floor":13},{"not_picked":["Infernal Blade","Flex"],"picked":"Ghostly Armor","floor":14},{"not_picked":["Fiend Fire","Offering"],"picked":"Reaper","floor":16},{"not_picked":["Clash","Thunderclap"],"picked":"Pommel Strike+1","floor":18},{"not_picked":["Warcry","Burning Pact"],"picked":"Battle Trance","floor":20},{"not_picked":["Wild Strike","Pommel Strike","Armaments"],"picked":"SKIP","floor":21},{"not_picked":["Wild Strike","Flex"],"picked":"True Grit","floor":22},{"not_picked":["Dual Wield","Flex"],"picked":"True Grit","floor":23}],"player_experience":308697,"relics_obtained":[{"floor":7,"key":"Bird Faced Urn"},{"floor":9,"key":"Bag of Preparation"},{"floor":12,"key":"Ornamental Fan"},{"floor":23,"key":"MawBank"}],"event_choices":[{"damage_healed":0,"gold_gain":75,"player_choice":"Gather Gold","damage_taken":11,"max_hp_gain":0,"max_hp_loss":0,"event_name":"World of Goop","floor":3,"gold_loss":0},{"cards_removed":["Strike_R"],"damage_healed":0,"gold_gain":0,"player_choice":"Purged","damage_taken":0,"max_hp_gain":0,"max_hp_loss":0,"event_name":"Purifier","floor":5,"gold_loss":0},{"damage_healed":0,"gold_gain":0,"player_choice":"Got Potions","damage_taken":0,"max_hp_gain":0,"max_hp_loss":0,"event_name":"Lab","floor":24,"gold_loss":0}],"is_beta":false,"boss_relics":[{"not_picked":["Tiny House","Black Star"],"picked":"Cursed Key"}],"items_purged_floors":[],"is_endless":false,"potions_floor_spawned":[1,4,7,16,20,22,23],"killed_by":"Centurion and Healer","ascension_level":14}