{"gold_per_floor":[119,138,59,75,17,17,92,125,125,4,4,32,44,69,69,141,141,158,158,173,191,209,209,209],"floor_reached":24,"playtime":1723,"items_purged":[],"score":412,"play_id":"05f12ca9-db37-4a20-b256-d145885aaabf","local_time":"20190319030245","is_ascension_mode":true,"campfire_choices":[{"data":"Hologram","floor":6.0,"key":"SMITH"},{"floor":11.0,"key":"REST"},{"floor":15.0,"key":"REST"},{"floor":23,"key":"REST"}],"neow_cost":"NONE","seed_source_timestamp":391564067343107,"circlet_count":0,"master_deck":["AscendersBane","Strike_B","Strike_B","Defend_B","Defend_B","Defend_B","Defend_B","Zap","Dualcast","Gash","Glacier","Loop","Self Repair","Hologram+1","Hyperbeam","Capacitor","Sunder","Gash","Undo","Electrodynamics","Coolheaded+1","Redo","Static Discharge","Undo","Gash"],"special_seed":0,"relics":["Cracked Core","NeowsBlessing","Singing Bowl","Happy Flower","Oddly Smooth Stone","Centennial Puzzle","Philosopher\u0027s Stone"],"potions_floor_usage":[18,22],"damage_taken":[{"damage":0.0,"enemies":"Cultist","floor":1.0,"turns":1.0},{"damage":0.0,"enemies":"Small Slimes","floor":2.0,"turns":1.0},{"damage":0.0,"enemies":"Jaw Worm","floor":4.0,"turns":1.0},{"damage":53.0,"enemies":"Gremlin Nob","floor":8.0,"turns":5.0},{"damage":14.0,"enemies":"3 Sentries","floor":12.0,"turns":12.0},{"damage":10.0,"enemies":"Large Slime","floor":13.0,"turns":6.0},{"damage":29.0,"enemies":"Slime Boss","floor":16.0,"turns":12.0},{"damage":10,"enemies":"Spheric Guardian","floor":18,"turns":4},{"damage":40,"enemies":"2 Thieves","floor":20,"turns":4},{"damage":25,"enemies":"Snake Plant","floor":21,"turns":7},{"damage":4,"enemies":"Centurion and Healer","floor":22,"turns":8},{"damage":55,"enemies":"Book of Stabbing","floor":24,"turns":6}],"seed_played":"-7604409145790085455","potions_obtained":[{"floor":1.0,"key":"Regen Potion"},{"floor":4.0,"key":"Block Potion"},{"floor":13.0,"key":"FairyPotion"},{"floor":16.0,"key":"Regen Potion"},{"floor":21,"key":"Explosive Potion"}],"is_trial":false,"path_per_floor":["M","M","$","M","$","R","?","E","T","$","R","E","M","T","R","B",null,"M","?","M","M","M","R","E"],"character_chosen":"DEFECT","items_purchased":["Loop","Hologram","Capacitor","Sunder"],"campfire_rested":3,"item_purchase_floors":[3,5,10,10],"current_hp_per_floor":[64,64,64,64,64,64,53,16,16,16,37,30,27,27,48,26,60,68,68,35,17,22,43,0],"gold":209,"neow_bonus":"THREE_ENEMY_KILL","is_prod":false,"is_daily":false,"chose_seed":false,"campfire_upgraded":1,"win_rate":0,"timestamp":1552960965,"path_taken":["M","?","?","?","$","R","?","E","T","$","R","E","M","?","R","BOSS","M","?","M","M","M","R","E"],"build_version":"2019-01-23","purchased_purges":0,"victory":false,"max_hp_per_floor":[71,71,71,71,71,71,71,71,71,71,71,71,71,71,71,71,71,71,71,71,71,73,73,73],"card_choices":[{"not_picked":["Genetic Algorithm","Melter"],"picked":"Gash","floor":1.0},{"not_picked":["Auto Shields","Barrage"],"picked":"Glacier","floor":2.0},{"not_picked":["Scrape","Stack"],"picked":"Self Repair","floor":4.0},{"not_picked":["Turbo","Redo"],"picked":"Hyperbeam","floor":8.0},{"not_picked":["Hologram","Undo"],"picked":"Gash","floor":12.0},{"not_picked":["Redo","Sweeping Beam"],"picked":"Undo","floor":13.0},{"not_picked":["Biased Cognition","Machine Learning"],"picked":"Electrodynamics","floor":16.0},{"not_picked":["Leap","Chaos"],"picked":"Coolheaded+1","floor":18},{"not_picked":["Cold Snap","Rebound"],"picked":"Undo","floor":20},{"not_picked":["Redo","Hologram"],"picked":"Gash","floor":21},{"not_picked":["Coolheaded","Steam","Ball Lightning"],"picked":"Singing Bowl","floor":22}],"player_experience":632427,"relics_obtained":[{"floor":8.0,"key":"Singing Bowl"},{"floor":9.0,"key":"Happy Flower"},{"floor":12.0,"key":"Oddly Smooth Stone"},{"floor":14.0,"key":"Centennial Puzzle"}],"event_choices":[{"damage_healed":0.0,"max_hp_gain":0.0,"max_hp_loss":0.0,"gold_gain":75.0,"event_name":"World of Goop","player_choice":"Gather Gold","floor":7.0,"gold_loss":0.0,"damage_taken":11.0},{"damage_healed":0,"gold_gain":0,"cards_transformed":["Strike_B","Strike_B"],"player_choice":"Became Test Subject","damage_taken":0,"max_hp_gain":0,"max_hp_loss":0,"event_name":"Drug Dealer","floor":19,"gold_loss":0,"cards_obtained":["Redo","Static Discharge"]}],"is_beta":false,"boss_relics":[{"not_picked":["Eternal Feather","Runic Pyramid"],"picked":"Philosopher\u0027s Stone"}],"items_purged_floors":[],"is_endless":false,"potions_floor_spawned":[1,4,13,16,21],"killed_by":"Book of Stabbing","ascension_level":20}