{"gold_per_floor":[112,37,56,56,56,56,90,90,90,121,121,141,170,183,183,254,254,268,192,192,217,230,261,261,291,291,348,348,378,378,378,378,452,502,521,574,588,221,321,351,351,379,379,397,64,75,75,87,87,87,87,87,87,6,40,40],"floor_reached":57,"playtime":2619,"items_purged":[],"score":3644,"play_id":"761a8c8e-590a-44e3-b195-d10f4b1732da","local_time":"20190124132245","daily_mods":["SealedDeck","DeadlyEvents","Elite Swarm"],"is_ascension_mode":true,"campfire_choices":[{"data":"Capacitor","floor":6.0,"key":"SMITH"},{"data":"Electrodynamics","floor":8.0,"key":"SMITH"},{"data":"Fission","floor":11.0,"key":"SMITH"},{"data":"Genetic Algorithm","floor":15.0,"key":"SMITH"},{"data":"Rainbow","floor":24,"key":"SMITH"},{"data":"Buffer","floor":30,"key":"SMITH"},{"data":"Self Repair","floor":32,"key":"SMITH"},{"floor":41,"key":"RECALL"},{"data":"Storm","floor":49,"key":"SMITH"},{"data":"Thunder Strike","floor":53,"key":"SMITH"}],"neow_cost":"","seed_source_timestamp":0,"circlet_count":0,"master_deck":["AscendersBane","Static Discharge","Conserve Battery","Coolheaded","Cold Snap","Compile Driver","FTL+1","Genetic Algorithm+1","Ball Lightning","Chill","Capacitor+1","Heatsinks+1","Electrodynamics+1","Fission+1","Hello World","Electrodynamics","Echo Form","Capacitor","Thunder Strike+1","Coolheaded+1","Rainbow+1","Electrodynamics","Machine Learning","Self Repair+1","Buffer+1","Echo Form","Coolheaded+1","Capacitor+1","Storm+1","Electrodynamics","Recycle+1","Heatsinks","Creative AI"],"special_seed":0,"relics":["Cracked Core","Mummified Hand","Anchor","Happy Flower","Strawberry","Philosopher\u0027s Stone","Potion Belt","Sundial","Cables","Turnip","Centennial Puzzle","Tiny Chest","Pen Nib","Tiny House","Gambling Chip","Bottled Tornado","Calipers","Symbiotic Virus","Singing Bowl","Ice Cream","Gremlin Horn"],"potions_floor_usage":[27,56,56,56,56],"damage_taken":[{"damage":7.0,"enemies":"Small Slimes","floor":1.0,"turns":2.0},{"damage":5.0,"enemies":"Jaw Worm","floor":3.0,"turns":3.0},{"damage":5.0,"enemies":"Gremlin Nob","floor":7.0,"turns":3.0},{"damage":0.0,"enemies":"3 Sentries","floor":10.0,"turns":3.0},{"damage":0.0,"enemies":"Cultist","floor":12.0,"turns":1.0},{"damage":0.0,"enemies":"Gremlin Nob","floor":13.0,"turns":2.0},{"damage":0.0,"enemies":"Blue Slaver","floor":14.0,"turns":2.0},{"damage":0.0,"enemies":"Slime Boss","floor":16.0,"turns":5.0},{"damage":0,"enemies":"Shell Parasite","floor":18,"turns":2},{"damage":18,"enemies":"Book of Stabbing","floor":21,"turns":4},{"damage":12,"enemies":"2 Thieves","floor":22,"turns":3},{"damage":10,"enemies":"Gremlin Leader","floor":23,"turns":4},{"damage":0,"enemies":"Slavers","floor":25,"turns":2},{"damage":0,"enemies":"Gremlin Leader","floor":27,"turns":3},{"damage":12,"enemies":"Book of Stabbing","floor":29,"turns":3},{"damage":0,"enemies":"Automaton","floor":33,"turns":3},{"damage":24,"enemies":"3 Darklings","floor":35,"turns":3},{"damage":0,"enemies":"2 Orb Walkers","floor":36,"turns":2},{"damage":0,"enemies":"Orb Walker","floor":37,"turns":2},{"damage":0,"enemies":"Mind Bloom Boss Battle","floor":39,"turns":2},{"damage":0,"enemies":"Giant Head","floor":40,"turns":2},{"damage":0,"enemies":"Nemesis","floor":42,"turns":1},{"damage":0,"enemies":"Jaw Worm Horde","floor":44,"turns":1},{"damage":0,"enemies":"Writhing Mass","floor":46,"turns":2},{"damage":0,"enemies":"Maw","floor":48,"turns":2},{"damage":0,"enemies":"Awakened One","floor":50,"turns":3},{"damage":0,"enemies":"Time Eater","floor":51,"turns":4},{"damage":0,"enemies":"Shield and Spear","floor":55,"turns":1},{"damage":0,"enemies":"The Heart","floor":56,"turns":6}],"seed_played":"6817348495095168110","potions_obtained":[{"floor":3.0,"key":"Energy Potion"},{"floor":10.0,"key":"Regen Potion"},{"floor":14.0,"key":"EssenceOfSteel"},{"floor":23,"key":"Energy Potion"},{"floor":27,"key":"SteroidPotion"},{"floor":29,"key":"SteroidPotion"},{"floor":33,"key":"Swift Potion"},{"floor":34,"key":"FocusPotion"},{"floor":36,"key":"Block Potion"},{"floor":39,"key":"SpeedPotion"}],"is_trial":true,"path_per_floor":["M","$","M","?","?","R","E","R","T","E","R","M","E","M","R","B",null,"M","$","?","E","M","E","R","E","T","E","?","E","R","$","R","B",null,"M","?","M","$","?","E","R","E","T","M","$","M","$","M","R","B","B",null,"R","$","E","B",null],"character_chosen":"DEFECT","items_purchased":["Heatsinks","Capacitor","Storm","Bottled Tornado","Ice Cream","Heatsinks"],"campfire_rested":0,"item_purchase_floors":[2,19,38,38,45,54],"current_hp_per_floor":[57,57,52,52,57,57,52,52,52,52,52,52,59,59,59,59,77,77,77,77,59,47,37,37,37,37,37,37,32,32,32,32,42,78,64,74,84,84,84,88,88,90,90,92,92,92,92,94,94,94,94,94,94,94,94,94],"gold":40,"neow_bonus":"","is_prod":false,"is_daily":false,"chose_seed":true,"campfire_upgraded":9,"win_rate":0,"timestamp":1548364965,"path_taken":["M","$","M","?","?","R","E","R","T","E","R","?","E","M","R","BOSS","BOSS","M","$","?","?","?","E","R","E","T","E","?","E","R","$","R","BOSS","M","?","M","$","?","E","R","E","T","M","$","M","$","M","R","BOSS","BOSS","R","$","E","BOSS"],"build_version":"2019-01-23","purchased_purges":0,"victory":true,"max_hp_per_floor":[71,71,71,71,76,76,76,76,76,76,76,76,83,83,83,83,83,83,83,83,83,83,83,83,83,83,83,83,83,83,83,83,83,88,88,88,88,88,88,88,88,90,90,92,92,92,92,94,94,94,94,94,94,94,94,94],"card_choices":[{"not_picked":["Undo","Blizzard","BootSequence"],"picked":"SKIP","floor":1.0},{"not_picked":["Go for the Eyes","Force Field","Cold Snap"],"picked":"SKIP","floor":3.0},{"not_picked":["Amplify","Echo Form"],"picked":"Electrodynamics","floor":7.0},{"not_picked":["Reboot","Seek"],"picked":"Fission","floor":10.0},{"not_picked":["Aggregate","Chaos"],"picked":"Hello World","floor":12.0},{"not_picked":["Reboot","Machine Learning"],"picked":"Electrodynamics","floor":13.0},{"not_picked":["Auto Shields","Leap","Compile Driver"],"picked":"SKIP","floor":14.0},{"not_picked":["Electrodynamics","Fission"],"picked":"Echo Form","floor":16},{"not_picked":["Streamline","Turbo","Beam Cell"],"picked":"SKIP","floor":18},{"not_picked":["Amplify","Reboot"],"picked":"Thunder Strike","floor":21},{"not_picked":["Beam Cell","Gash"],"picked":"Coolheaded+1","floor":22},{"not_picked":["Meteor Strike","Electrodynamics"],"picked":"Rainbow","floor":23},{"not_picked":["Reboot","Thunder Strike"],"picked":"Electrodynamics","floor":25},{"not_picked":["Hyperbeam","All For One"],"picked":"Machine Learning","floor":27},{"not_picked":["Multi-Cast","Fission"],"picked":"Buffer","floor":29},{"not_picked":["Buffer","Hyperbeam"],"picked":"Echo Form","floor":33},{"not_picked":["Beam Cell","Compile Driver"],"picked":"Coolheaded+1","floor":34},{"not_picked":["Doom and Gloom+1","Sweeping Beam","Gash"],"picked":"SKIP","floor":35},{"not_picked":["Conserve Battery+1","Force Field"],"picked":"Capacitor+1","floor":37},{"not_picked":["Machine Learning","Hyperbeam"],"picked":"Electrodynamics","floor":40},{"not_picked":["All For One","Thunder Strike","Electrodynamics"],"picked":"Singing Bowl","floor":42},{"not_picked":["Skim","Undo","Conserve Battery"],"picked":"Singing Bowl","floor":44},{"not_picked":["Gash","Cold Snap+1"],"picked":"Recycle+1","floor":46},{"not_picked":["Stack+1","Sweeping Beam","Chaos"],"picked":"Singing Bowl","floor":48},{"not_picked":["Multi-Cast","Electrodynamics"],"picked":"Creative AI","floor":55}],"player_experience":2048343,"relics_obtained":[{"floor":7.0,"key":"Mummified Hand"},{"floor":9.0,"key":"Anchor"},{"floor":10.0,"key":"Happy Flower"},{"floor":13.0,"key":"Strawberry"},{"floor":21,"key":"Sundial"},{"floor":23,"key":"Cables"},{"floor":25,"key":"Turnip"},{"floor":26,"key":"Centennial Puzzle"},{"floor":27,"key":"Tiny Chest"},{"floor":29,"key":"Pen Nib"},{"floor":36,"key":"Gambling Chip"},{"floor":39,"key":"Calipers"},{"floor":40,"key":"Symbiotic Virus"},{"floor":42,"key":"Singing Bowl"},{"floor":55,"key":"Gremlin Horn"}],"event_choices":[{"damage_healed":0.0,"max_hp_gain":0.0,"max_hp_loss":0.0,"gold_gain":0.0,"event_name":"Living Wall","player_choice":"Grow","floor":4.0,"gold_loss":0.0,"damage_taken":0.0,"cards_upgraded":["Heatsinks"]},{"damage_healed":0.0,"max_hp_gain":5.0,"max_hp_loss":0.0,"gold_gain":0.0,"event_name":"Big Fish","player_choice":"Donut","floor":5.0,"gold_loss":0.0,"damage_taken":0.0},{"damage_healed":0,"gold_gain":0,"player_choice":"Gave Potion","damage_taken":0,"relics_obtained":["Potion Belt"],"max_hp_gain":0,"max_hp_loss":0,"event_name":"WeMeetAgain","floor":20,"gold_loss":0},{"damage_healed":0,"gold_gain":0,"player_choice":"Read","damage_taken":0,"max_hp_gain":0,"max_hp_loss":0,"event_name":"The Library","floor":28,"gold_loss":0,"cards_obtained":["Self Repair"]},{"damage_healed":0,"gold_gain":0,"player_choice":"Fight","damage_taken":0,"max_hp_gain":0,"max_hp_loss":0,"event_name":"Mysterious Sphere","floor":36,"gold_loss":0},{"damage_healed":0,"gold_gain":0,"player_choice":"Fight","damage_taken":0,"max_hp_gain":0,"max_hp_loss":0,"event_name":"MindBloom","floor":39,"gold_loss":0}],"is_beta":false,"boss_relics":[{"not_picked":["Astrolabe","Ectoplasm"],"picked":"Philosopher\u0027s Stone"},{"not_picked":["Snecko Eye","Calling Bell"],"picked":"Tiny House"}],"items_purged_floors":[],"is_endless":false,"potions_floor_spawned":[3,10,14,23,27,29,33,35,36,39,44],"ascension_level":20}