{"gold_per_floor":[119,294,34,34,48,82,82,92,118,118,118,118],"floor_reached":12,"playtime":254,"items_purged":[],"score":95,"play_id":"63f6b8fc-70f0-41a5-a1ff-d27ce5523f45","local_time":"25610806230339","is_ascension_mode":true,"campfire_choices":[{"floor":11.0,"key":"REST"}],"neow_cost":"","seed_source_timestamp":0,"circlet_count":0,"master_deck":["Defend_G","Defend_G","Defend_G","Defend_G","Defend_G","Strike_G","Strike_G","Strike_G","Strike_G","Strike_G","Survivor","Neutralize","Skewer","Jack Of All Trades","Cloak And Dagger","Backflip","Dagger Spray"],"special_seed":0,"relics":["Ring of the Snake","Pear","Vajra","Anchor","Unceasing Top"],"potions_floor_usage":[],"damage_taken":[{"damage":7.0,"enemies":"2 Louse","floor":1.0,"turns":2.0},{"damage":1.0,"enemies":"Jaw Worm","floor":5.0,"turns":3.0},{"damage":45.0,"enemies":"Gremlin Nob","floor":6.0,"turns":6.0},{"damage":0.0,"enemies":"Small Slimes","floor":8.0,"turns":3.0},{"damage":44,"enemies":"Lagavulin","floor":12,"turns":5}],"seed_played":"3323933496740859816","potions_obtained":[{"floor":5.0,"key":"Ancient Potion"}],"is_trial":false,"path_per_floor":["M","?","$","?","M","E","?","M","T","?","R"],"character_chosen":"THE_SILENT","items_purchased":["Pear"],"campfire_rested":1,"item_purchase_floors":[3],"current_hp_per_floor":[63,63,73,73,72,27,27,27,27,20,44,0],"gold":118,"neow_bonus":"","is_prod":false,"is_daily":false,"chose_seed":false,"campfire_upgraded":0,"win_rate":0,"timestamp":1533571419,"path_taken":["M","?","$","?","M","E","?","M","T","?","R","E"],"build_version":"2018-08-02","purchased_purges":0,"victory":false,"max_hp_per_floor":[70,70,80,80,80,80,80,80,80,80,80,80],"card_choices":[{"not_picked":["Dagger Throw","Tactician"],"picked":"Skewer","floor":1.0},{"not_picked":["Poisoned Stab","Dodge and Roll"],"picked":"Cloak And Dagger","floor":5.0},{"not_picked":["Well Laid Plans","Leg Sweep"],"picked":"Backflip","floor":6.0},{"not_picked":["Prepared","Expertise"],"picked":"Dagger Spray","floor":8.0}],"player_experience":212807,"relics_obtained":[{"floor":6.0,"key":"Vajra"},{"floor":9.0,"key":"Anchor"}],"event_choices":[{"event_name":"Liars Game","player_choice":"agreed","floor":2.0,"damage_taken":0.0},{"event_name":"Match and Keep!","player_choice":"1 cards matched","floor":4.0,"damage_taken":0.0},{"event_name":"Living Wall","player_choice":"Forget","floor":7.0,"damage_taken":0.0},{"event_name":"Scrap Ooze","player_choice":"success","floor":10.0,"damage_taken":7.0}],"is_beta":false,"boss_relics":[],"items_purged_floors":[],"is_endless":false,"potions_floor_spawned":[5],"killed_by":"Lagavulin","ascension_level":5}