{"gold_per_floor":[115,115,133,150,150,150,150,161,161,193,218,39,65,83,83,160,160,178,198,212,112,112,112],"floor_reached":23,"playtime":799,"items_purged":["Strike_R","Strike_R"],"score":355,"play_id":"284ebc16-c6fc-47d5-9f5f-1b591f4869bc","local_time":"20190421123511","is_ascension_mode":true,"campfire_choices":[{"data":"Bash","floor":7.0,"key":"SMITH"},{"data":"Armaments","floor":15.0,"key":"SMITH"}],"neow_cost":"PERCENT_DAMAGE","seed_source_timestamp":206752169645484,"circlet_count":0,"master_deck":["AscendersBane","Strike_R","Strike_R","Strike_R","Defend_R","Defend_R","Defend_R","Defend_R","Bash+1","Double Tap","Anger","Shrug It Off","Cleave","Armaments+1","Offering","Thunderclap","Disarm","Metallicize","Ghostly Armor","Immolate","Armaments+1","Decay"],"special_seed":0,"relics":["Burning Blood","Paper Frog","Dodecahedron","Kunai","MawBank","Pear","Snecko Eye"],"potions_floor_usage":[],"damage_taken":[{"damage":11.0,"enemies":"Jaw Worm","floor":1.0,"turns":4.0},{"damage":8.0,"enemies":"2 Louse","floor":3.0,"turns":2.0},{"damage":0.0,"enemies":"Small Slimes","floor":4.0,"turns":4.0},{"damage":0.0,"enemies":"Gremlin Gang","floor":8.0,"turns":2.0},{"damage":24.0,"enemies":"3 Sentries","floor":10.0,"turns":9.0},{"damage":14.0,"enemies":"Large Slime","floor":11.0,"turns":5.0},{"damage":20.0,"enemies":"Lagavulin","floor":13.0,"turns":7.0},{"damage":6.0,"enemies":"2 Fungi Beasts","floor":14.0,"turns":2.0},{"damage":26.0,"enemies":"Hexaghost","floor":16.0,"turns":11.0},{"damage":12.0,"enemies":"2 Thieves","floor":18.0,"turns":3.0},{"damage":0.0,"enemies":"Spheric Guardian","floor":19.0,"turns":1.0},{"damage":0.0,"enemies":"Cultist and Chosen","floor":20.0,"turns":3.0},{"damage":77,"enemies":"Book of Stabbing","floor":23,"turns":7}],"seed_played":"4023474347001311160","potions_obtained":[{"floor":1.0,"key":"SkillPotion"},{"floor":3.0,"key":"Ancient Potion"},{"floor":11.0,"key":"SkillPotion"},{"floor":20.0,"key":"Explosive Potion"}],"is_trial":false,"path_per_floor":["M","?","M","M","T","T","R","M","T","E","M","$","E","M","R","B",null,"M","M","M","$","?","E"],"character_chosen":"IRONCLAD","items_purchased":["Disarm","Metallicize"],"campfire_rested":0,"item_purchase_floors":[12,12],"current_hp_per_floor":[45,50,48,54,54,54,54,60,60,42,34,34,30,30,30,10,70,64,70,76,76,76,0],"gold":112,"neow_bonus":"THREE_RARE_CARDS","is_prod":false,"is_daily":false,"chose_seed":false,"campfire_upgraded":2,"win_rate":0,"timestamp":1555875311,"path_taken":["M","?","M","M","?","?","R","M","T","E","M","$","E","M","R","BOSS","M","M","M","$","?","E"],"build_version":"2019-01-23","purchased_purges":2,"victory":false,"max_hp_per_floor":[75,80,80,80,80,80,80,80,80,80,80,80,90,90,90,90,90,90,90,90,90,90,90],"card_choices":[{"not_picked":["Brutality","Berserk"],"picked":"Double Tap","floor":0.0},{"not_picked":["Combust","Entrench"],"picked":"Anger","floor":1.0},{"not_picked":["Twin Strike","Clash"],"picked":"Shrug It Off","floor":3.0},{"not_picked":["Searing Blow","Warcry"],"picked":"Cleave","floor":4.0},{"not_picked":["Sword Boomerang","Anger"],"picked":"Armaments","floor":8.0},{"not_picked":["Dropkick","Warcry"],"picked":"Offering","floor":10.0},{"not_picked":["Second Wind","Searing Blow"],"picked":"Thunderclap","floor":11.0},{"not_picked":["Body Slam","Cleave"],"picked":"Ghostly Armor","floor":13.0},{"not_picked":["Intimidate","Twin Strike","Sword Boomerang"],"picked":"SKIP","floor":14.0},{"not_picked":["Bludgeon","Fiend Fire"],"picked":"Immolate","floor":16.0},{"not_picked":["Clash","Twin Strike"],"picked":"Armaments+1","floor":18.0},{"not_picked":["Body Slam","Rupture","Heavy Blade"],"picked":"SKIP","floor":19.0},{"not_picked":["Thunderclap","Body Slam","Wild Strike"],"picked":"SKIP","floor":20.0}],"player_experience":2482714,"relics_obtained":[{"floor":5.0,"key":"Paper Frog"},{"floor":6.0,"key":"Dodecahedron"},{"floor":9.0,"key":"Kunai"},{"floor":10.0,"key":"MawBank"},{"floor":13.0,"key":"Pear"}],"event_choices":[{"damage_healed":0.0,"max_hp_gain":5.0,"max_hp_loss":0.0,"gold_gain":0.0,"event_name":"Big Fish","player_choice":"Donut","floor":2.0,"gold_loss":0.0,"damage_taken":0.0},{"damage_healed":0,"gold_gain":0,"player_choice":"Smashed Altar","damage_taken":0,"max_hp_gain":0,"max_hp_loss":0,"event_name":"Forgotten Altar","floor":22,"gold_loss":0,"cards_obtained":["Decay"]}],"is_beta":false,"boss_relics":[{"not_picked":["Eternal Feather","Fusion Hammer"],"picked":"Snecko Eye"}],"items_purged_floors":[12,21],"is_endless":false,"potions_floor_spawned":[1,3,11,16,20],"killed_by":"Book of Stabbing","ascension_level":15}