{"gold_per_floor":[115,132,132,132,156,156,199,199,199,234,259,274,449,468,468,468],"floor_reached":16,"playtime":927,"items_purged":[],"score":112,"play_id":"d2fa757d-a8b6-4760-9ddf-b27416df3158","local_time":"25610715021007","is_ascension_mode":false,"campfire_choices":[{"data":"Riddle With Holes","floor":6,"key":"SMITH"},{"floor":8,"key":"REST"},{"floor":15,"key":"REST"}],"neow_cost":"","seed_source_timestamp":54436230802684,"circlet_count":0,"master_deck":["Defend_G","Defend_G","Defend_G","Defend_G","Defend_G","Strike_G","Strike_G","Strike_G","Strike_G","Strike_G","Survivor","Neutralize","Riddle With Holes+1","Dagger Throw","Injury","Acrobatics","Backflip+1","Deflect+1","Prepared+1","Calculated Gamble+1","Doubt","Poisoned Stab"],"special_seed":17726,"relics":["Ring of the Snake","Ice Cream","Golden Idol","Toxic Egg 2","Mercury Hourglass","Orichalcum"],"potions_floor_usage":[7,16],"damage_taken":[{"damage":0,"enemies":"2 Louse","floor":1,"turns":4},{"damage":3,"enemies":"Small Slimes","floor":2,"turns":3},{"damage":1,"enemies":"Cultist","floor":5,"turns":3},{"damage":33,"enemies":"Lagavulin","floor":7,"turns":8},{"damage":23,"enemies":"Gremlin Nob","floor":10,"turns":5},{"damage":0,"enemies":"Large Slime","floor":11,"turns":5},{"damage":0,"enemies":"2 Fungi Beasts","floor":12,"turns":3},{"damage":3,"enemies":"Gremlin Gang","floor":14,"turns":4},{"damage":43,"enemies":"The Guardian","floor":16,"turns":9}],"seed_played":"-1557900698408723444","potions_obtained":[{"floor":1,"key":"Strength Potion"},{"floor":5,"key":"SmokeBomb"},{"floor":14,"key":"Poison Potion"}],"is_trial":false,"path_per_floor":["M","M","?","?","M","R","E","R","T","E","M","M","?","M","R"],"character_chosen":"THE_SILENT","items_purchased":[],"campfire_rested":2,"item_purchase_floors":[],"current_hp_per_floor":[70,67,60,60,59,59,26,47,47,24,24,24,24,21,42,0],"gold":468,"neow_bonus":"","is_prod":false,"is_daily":false,"chose_seed":false,"campfire_upgraded":1,"win_rate":0.0,"timestamp":1531595407,"path_taken":["M","M","?","?","M","R","E","R","T","E","M","M","?","?","R","BOSS"],"build_version":"2018-07-12","purchased_purges":0,"victory":false,"max_hp_per_floor":[70,70,70,70,70,70,70,70,70,70,70,70,70,70,70,70],"card_choices":[{"not_picked":["Crippling Poison","Calculated Gamble"],"picked":"Riddle With Holes","floor":1},{"not_picked":["Underhanded Strike","Dodge and Roll"],"picked":"Dagger Throw","floor":2},{"not_picked":["Crippling Poison","Dagger Throw"],"picked":"Acrobatics","floor":5},{"not_picked":["Well Laid Plans","PiercingWail"],"picked":"Backflip","floor":7},{"not_picked":["Dagger Spray","Venomology+1"],"picked":"Deflect+1","floor":10},{"not_picked":["Sucker Punch","Noxious Fumes"],"picked":"Prepared+1","floor":11},{"not_picked":["Dagger Spray","Poisoned Stab"],"picked":"Calculated Gamble+1","floor":12},{"not_picked":["Backflip+1","Underhanded Strike"],"picked":"Poisoned Stab","floor":14}],"player_experience":13702,"relics_obtained":[{"floor":7,"key":"Toxic Egg 2"},{"floor":9,"key":"Mercury Hourglass"},{"floor":10,"key":"Orichalcum"}],"event_choices":[{"event_name":"Scrap Ooze","player_choice":"success","floor":3,"damage_taken":7},{"event_name":"Golden Idol","player_choice":"Take Wound","floor":4,"damage_taken":0},{"event_name":"Liars Game","player_choice":"agreed","floor":13,"damage_taken":0}],"boss_relics":[],"items_purged_floors":[],"is_endless":false,"potions_floor_spawned":[1,5,14],"killed_by":"The Guardian","ascension_level":0}