{"gold_per_floor":[111,111,36,51,51,115,115,143,169,169,188,207,222,65,65,143,143,162,178,190,190,9,36,36,46,69,394,394,411,336,367,367,444,444,454,473,473,490,490,490,515,96,96,96,123,123,139,149,149,149,149,149,149,9,39,39],"floor_reached":57,"playtime":3161,"items_purged":["Pain","Strike_R","Strike_R","Defend_R"],"score":2889,"play_id":"f247595a-d5fb-4e26-b9d0-6c6e57588d20","local_time":"20190412134945","is_ascension_mode":true,"campfire_choices":[{"data":"Whirlwind","floor":7.0,"key":"SMITH"},{"data":"Demon Form","floor":10.0,"key":"SMITH"},{"data":"True Grit","floor":15.0,"key":"SMITH"},{"floor":24.0,"key":"REST"},{"floor":32.0,"key":"REST"},{"data":"Dark Embrace","floor":40.0,"key":"SMITH"},{"data":"Sword Boomerang","floor":44.0,"key":"SMITH"},{"data":"Burning Pact","floor":46.0,"key":"SMITH"},{"floor":49.0,"key":"RECALL"},{"data":"Feel No Pain","floor":53.0,"key":"SMITH"}],"neow_cost":"NONE","seed_source_timestamp":8575694241200,"circlet_count":0,"master_deck":["AscendersBane","Defend_R","Defend_R","Defend_R+1","Bash","Whirlwind+1","Evolve","Demon Form+1","Sword Boomerang+1","Feel No Pain+1","True Grit+1","Feed","Power Through+1","Flex+1","Burning Pact+1","Dark Embrace+1","Reaper","Warcry+1"],"special_seed":0,"relics":["Burning Blood","Potion Belt","WarpedTongs","Tiny Chest","Bag of Marbles","Regal Pillow","Velvet Choker","Centennial Puzzle","Happy Flower","Old Coin","Red Skull","Runic Pyramid","CultistMask","Omamori","TheAbacus","Smiling Mask","War Paint"],"potions_floor_usage":[56],"damage_taken":[{"damage":3.0,"enemies":"2 Louse","floor":1.0,"turns":4.0},{"damage":1.0,"enemies":"Cultist","floor":4.0,"turns":4.0},{"damage":40.0,"enemies":"Lagavulin","floor":6.0,"turns":5.0},{"damage":21.0,"enemies":"3 Sentries","floor":8.0,"turns":5.0},{"damage":10.0,"enemies":"Small Slimes","floor":11.0,"turns":2.0},{"damage":18.0,"enemies":"Exordium Thugs","floor":12.0,"turns":3.0},{"damage":9.0,"enemies":"Gremlin Gang","floor":13.0,"turns":3.0},{"damage":12.0,"enemies":"Hexaghost","floor":16.0,"turns":9.0},{"damage":10.0,"enemies":"Spheric Guardian","floor":18.0,"turns":4.0},{"damage":0.0,"enemies":"3 Byrds","floor":19.0,"turns":4.0},{"damage":10.0,"enemies":"Centurion and Healer","floor":20.0,"turns":4.0},{"damage":52.0,"enemies":"Book of Stabbing","floor":23.0,"turns":6.0},{"damage":19.0,"enemies":"3 Cultists","floor":25.0,"turns":5.0},{"damage":3.0,"enemies":"Gremlin Leader","floor":27.0,"turns":4.0},{"damage":0.0,"enemies":"Cultist and Chosen","floor":28.0,"turns":3.0},{"damage":19.0,"enemies":"Snake Plant","floor":29.0,"turns":2.0},{"damage":33.0,"enemies":"Slavers","floor":31.0,"turns":6.0},{"damage":57.0,"enemies":"Automaton","floor":33.0,"turns":7.0},{"damage":20.0,"enemies":"Orb Walker","floor":35.0,"turns":4.0},{"damage":64.0,"enemies":"3 Darklings","floor":36.0,"turns":6.0},{"damage":23.0,"enemies":"Sphere and 2 Shapes","floor":38.0,"turns":7.0},{"damage":38.0,"enemies":"Giant Head","floor":41.0,"turns":6.0},{"damage":53.0,"enemies":"Reptomancer","floor":45.0,"turns":10.0},{"damage":34.0,"enemies":"Writhing Mass","floor":47.0,"turns":5.0},{"damage":49.0,"enemies":"Jaw Worm Horde","floor":48.0,"turns":5.0},{"damage":36.0,"enemies":"Awakened One","floor":50.0,"turns":25.0},{"damage":42.0,"enemies":"Time Eater","floor":51.0,"turns":13.0},{"damage":98.0,"enemies":"Shield and Spear","floor":55.0,"turns":7.0},{"damage":80,"enemies":"The Heart","floor":56,"turns":11}],"seed_played":"7111326647303978226","potions_obtained":[{"floor":1.0,"key":"AttackPotion"},{"floor":6.0,"key":"EssenceOfSteel"},{"floor":11.0,"key":"Ancient Potion"},{"floor":13.0,"key":"FairyPotion"},{"floor":16.0,"key":"Dexterity Potion"},{"floor":25.0,"key":"LiquidBronze"},{"floor":27.0,"key":"SmokeBomb"},{"floor":29.0,"key":"Explosive Potion"},{"floor":33.0,"key":"AttackPotion"},{"floor":36.0,"key":"Swift Potion"},{"floor":45.0,"key":"Energy Potion"}],"is_trial":false,"path_per_floor":["M","?","$","M","$","E","R","E","T","R","M","M","M","$","R","B",null,"M","M","M","?","$","E","R","M","T","E","M","M","?","E","R","B",null,"M","M","?","M","?","R","E","$","T","R","E","R","M","M","R","B","B",null,"R","$","E","B",null],"character_chosen":"IRONCLAD","items_purchased":["True Grit","Explosive Potion","TheAbacus","Energy Potion","Weak Potion","LiquidBronze"],"campfire_rested":2,"item_purchase_floors":[14,22,42,42,54,54],"current_hp_per_floor":[71,71,71,75,75,41,41,26,26,26,22,10,7,7,7,13,60,56,65,61,61,61,18,57,44,44,50,56,43,43,19,60,9,68,70,22,22,50,50,50,76,76,76,76,105,105,77,74,74,113,114,116,116,116,80,31],"gold":39,"neow_bonus":"RANDOM_COMMON_RELIC","is_prod":false,"is_daily":false,"chose_seed":false,"campfire_upgraded":7,"win_rate":0,"timestamp":1555048185,"path_taken":["M","?","$","M","?","E","R","E","T","R","?","M","M","$","R","BOSS","M","M","M","?","?","E","R","M","T","E","M","?","?","E","R","BOSS","M","M","?","?","?","R","E","$","T","R","E","R","M","?","R","BOSS","BOSS","R","$","E","BOSS"],"build_version":"2019-01-23","purchased_purges":4,"victory":true,"max_hp_per_floor":[75,75,75,75,75,75,75,75,75,75,75,75,75,75,75,75,75,75,78,78,78,78,81,81,81,81,84,84,84,84,87,87,87,87,91,94,94,97,97,97,101,101,101,101,105,105,105,109,109,113,117,117,117,117,117,117],"card_choices":[{"not_picked":["Seeing Red","Headbutt"],"picked":"Whirlwind","floor":1.0},{"not_picked":["Cleave","Heavy Blade","Wild Strike"],"picked":"SKIP","floor":4.0},{"not_picked":["Headbutt","Anger"],"picked":"Evolve","floor":6.0},{"not_picked":["Anger","Pommel Strike"],"picked":"Demon Form","floor":8.0},{"not_picked":["Clash","Iron Wave"],"picked":"Sword Boomerang","floor":11.0},{"not_picked":["Fire Breathing","Reckless Charge"],"picked":"Feel No Pain","floor":12.0},{"not_picked":["Headbutt","Perfected Strike","Shrug It Off"],"picked":"SKIP","floor":13.0},{"not_picked":["Berserk","Exhume"],"picked":"Feed","floor":16.0},{"not_picked":["Spot Weakness","Rage"],"picked":"Power Through","floor":18.0},{"not_picked":["Perfected Strike","Intimidate","Metallicize"],"picked":"SKIP","floor":19.0},{"not_picked":["Pommel Strike","Sword Boomerang"],"picked":"Flex+1","floor":20.0},{"not_picked":["Rupture","Shockwave"],"picked":"Burning Pact","floor":23.0},{"not_picked":["Infernal Blade","Sword Boomerang+1","Flex"],"picked":"SKIP","floor":25.0},{"not_picked":["Brutality","Perfected Strike","Headbutt"],"picked":"SKIP","floor":27.0},{"not_picked":["True Grit","Feel No Pain","Warcry"],"picked":"SKIP","floor":29.0},{"not_picked":["Heavy Blade","Inflame"],"picked":"Dark Embrace","floor":31.0},{"not_picked":["Dark Embrace","Brutality"],"picked":"Reaper","floor":33.0},{"not_picked":["Corruption","Flex","True Grit"],"picked":"SKIP","floor":35.0},{"not_picked":["Combust","Pommel Strike","Headbutt"],"picked":"SKIP","floor":36.0},{"not_picked":["Perfected Strike","Blood for Blood","Armaments"],"picked":"SKIP","floor":38.0},{"not_picked":["Clothesline","Anger","Dropkick+1"],"picked":"SKIP","floor":41.0},{"not_picked":["Anger","Twin Strike","Pommel Strike"],"picked":"SKIP","floor":45.0},{"not_picked":["Shrug It Off","Fiend Fire"],"picked":"Warcry+1","floor":47.0},{"not_picked":["Pommel Strike+1","Inflame+1","Wild Strike"],"picked":"SKIP","floor":48.0},{"not_picked":["Perfected Strike+1","Sentinel","Rupture"],"picked":"SKIP","floor":55.0}],"player_experience":2959261,"relics_obtained":[{"floor":6.0,"key":"Tiny Chest"},{"floor":8.0,"key":"Bag of Marbles"},{"floor":9.0,"key":"Regal Pillow"},{"floor":23.0,"key":"Centennial Puzzle"},{"floor":26.0,"key":"Happy Flower"},{"floor":27.0,"key":"Old Coin"},{"floor":31.0,"key":"Red Skull"},{"floor":41.0,"key":"Omamori"},{"floor":45.0,"key":"Smiling Mask"},{"floor":55.0,"key":"War Paint"}],"event_choices":[{"damage_healed":0.0,"max_hp_gain":0.0,"max_hp_loss":0.0,"gold_gain":0.0,"event_name":"Accursed Blacksmith","player_choice":"Rummage","floor":2.0,"gold_loss":0.0,"damage_taken":0.0,"relics_obtained":["WarpedTongs"],"cards_obtained":["Pain"]},{"cards_removed":["Strike_R"],"damage_healed":0.0,"max_hp_gain":0.0,"max_hp_loss":0.0,"gold_gain":0.0,"event_name":"Purifier","player_choice":"Purged","floor":21.0,"gold_loss":0.0,"damage_taken":0.0},{"cards_removed":["Strike_R"],"damage_healed":0.0,"max_hp_gain":0.0,"max_hp_loss":0.0,"gold_gain":0.0,"event_name":"Beggar","player_choice":"Gave Gold","floor":30.0,"gold_loss":75.0,"damage_taken":0.0},{"damage_healed":0.0,"max_hp_gain":0.0,"max_hp_loss":0.0,"gold_gain":0.0,"event_name":"FaceTrader","player_choice":"Trade","floor":37.0,"gold_loss":0.0,"damage_taken":0.0,"relics_obtained":["CultistMask"]},{"cards_removed":["Strike_R"],"damage_healed":0.0,"max_hp_gain":0.0,"max_hp_loss":0.0,"gold_gain":0.0,"event_name":"Purifier","player_choice":"Purged","floor":39.0,"gold_loss":0.0,"damage_taken":0.0}],"is_beta":false,"boss_relics":[{"not_picked":["Mark of Pain","Sozu"],"picked":"Velvet Choker"},{"not_picked":["Tiny House","Astrolabe"],"picked":"Runic Pyramid"}],"items_purged_floors":[3,14,22,42],"is_endless":false,"potions_floor_spawned":[1,6,11,13,16,25,27,28,29,33,36,45],"ascension_level":20}