{"gold_per_floor":[20,20,30,30,42,42,74,88,88,106,124,124,142,167,179,295,307,329,360,372,8,26,26,36,36,36,53,70,90,90,121,121,121],"floor_reached":33,"playtime":1412,"items_purged":[],"score":333,"play_id":"975e3bfc-4025-4277-8a9d-de731ead90e7","local_time":"20181206012631","is_ascension_mode":false,"campfire_choices":[{"data":"Die Die Die","floor":6,"key":"SMITH"},{"data":"Crippling Poison","floor":12,"key":"SMITH"},{"data":"Crippling Poison","floor":15,"key":"SMITH"},{"data":"Crippling Poison","floor":23,"key":"SMITH"},{"data":"Doppelganger","floor":32,"key":"SMITH"}],"neow_cost":"NO_GOLD","seed_source_timestamp":9003705951725,"circlet_count":0,"master_deck":["Defend_G","Defend_G","Defend_G","Defend_G","Defend_G","Survivor","Neutralize","Die Die Die+1","Skewer","Crippling Poison+1","Poisoned Stab","Corpse Explosion","Cloak And Dagger","Caltrops+1","Crippling Poison+1","Crippling Poison+1","Doppelganger+1","Noxious Fumes+1","Escape Plan","Bite","Bite","Bite","Bite","Bite","Caltrops+1","Finesse","Reinforced Body"],"relics":["Ring of the Snake","Singing Bowl","Frozen Egg 2","MawBank","Snecko Eye","PrismaticShard","Orichalcum","Enchiridion","Lantern"],"potions_floor_usage":[14,14,16,31,33,33],"damage_taken":[{"damage":0,"enemies":"Small Slimes","floor":1,"turns":2},{"damage":1,"enemies":"Jaw Worm","floor":3,"turns":4},{"damage":0,"enemies":"2 Louse","floor":5,"turns":1},{"damage":29,"enemies":"Lagavulin","floor":7,"turns":6},{"damage":7,"enemies":"Large Slime","floor":8,"turns":7},{"damage":5,"enemies":"Exordium Wildlife","floor":10,"turns":3},{"damage":0,"enemies":"2 Fungi Beasts","floor":11,"turns":2},{"damage":5,"enemies":"Looter","floor":13,"turns":3},{"damage":16,"enemies":"Gremlin Nob","floor":14,"turns":4},{"damage":9,"enemies":"Hexaghost","floor":16,"turns":8},{"damage":5,"enemies":"Shell Parasite","floor":18,"turns":4},{"damage":0,"enemies":"Chosen","floor":19,"turns":4},{"damage":2,"enemies":"3 Cultists","floor":22,"turns":3},{"damage":11,"enemies":"Snake Plant","floor":24,"turns":4},{"damage":0,"enemies":"Centurion and Healer","floor":27,"turns":3},{"damage":0,"enemies":"Cultist and Chosen","floor":28,"turns":4},{"damage":18,"enemies":"Snake Plant","floor":29,"turns":3},{"damage":17,"enemies":"Gremlin Leader","floor":31,"turns":6},{"damage":62,"enemies":"Champ","floor":33,"turns":8}],"seed_played":"-4435029750083722952","potions_obtained":[{"floor":1,"key":"PowerPotion"},{"floor":7,"key":"Weak Potion"},{"floor":11,"key":"PowerPotion"},{"floor":13,"key":"Block Potion"},{"floor":14,"key":"GamblersBrew"},{"floor":19,"key":"Dexterity Potion"},{"floor":28,"key":"AttackPotion"},{"floor":31,"key":"Ancient Potion"}],"is_trial":false,"path_per_floor":["M","?","M","T","M","R","E","M","T","M","M","R","M","E","R","B",null,"M","M","?","$","M","R","M","?","T","M","M","M","?","E","R","B"],"character_chosen":"THE_SILENT","items_purchased":["PrismaticShard","Caltrops+1","Finesse"],"campfire_rested":0,"item_purchase_floors":[21,21,21],"current_hp_per_floor":[70,63,62,62,62,62,33,28,28,27,29,29,26,12,12,5,72,67,69,69,69,71,71,69,55,55,61,71,55,39,32,32,0],"gold":121,"neow_bonus":"THREE_RARE_CARDS","is_prod":false,"is_daily":false,"chose_seed":false,"campfire_upgraded":5,"win_rate":0,"timestamp":1544055991,"path_taken":["M","?","M","?","M","R","E","M","T","M","M","R","M","E","R","BOSS","M","M","?","$","M","R","M","?","T","M","M","M","?","E","R","BOSS"],"build_version":"2018-11-15","purchased_purges":0,"victory":false,"max_hp_per_floor":[70,70,70,70,70,70,70,70,70,72,72,72,72,72,72,72,72,72,72,72,72,74,74,76,81,81,83,85,85,85,87,87,87],"card_choices":[{"not_picked":["Venomology","Tools of the Trade"],"picked":"Die Die Die","floor":0},{"not_picked":["Deadly Poison","Dagger Spray"],"picked":"Skewer","floor":1},{"not_picked":["Prepared","Deflect"],"picked":"Crippling Poison","floor":3},{"not_picked":["Quick Slash","Acrobatics"],"picked":"Poisoned Stab","floor":5},{"not_picked":["All Out Attack","Glass Knife"],"picked":"Corpse Explosion","floor":7},{"not_picked":["Dagger Throw","Flying Knee"],"picked":"Cloak And Dagger","floor":8},{"not_picked":["Sucker Punch","Flying Knee","Backstab"],"picked":"Singing Bowl","floor":10},{"not_picked":["Phantasmal Killer","Outmaneuver"],"picked":"Caltrops+1","floor":11},{"not_picked":["Concentrate","Slice"],"picked":"Crippling Poison","floor":13},{"not_picked":["Envenom+1","Setup"],"picked":"Crippling Poison","floor":14},{"not_picked":["Storm of Steel","Unload"],"picked":"Doppelganger","floor":16},{"not_picked":["Escape Plan","Dodge and Roll"],"picked":"Noxious Fumes+1","floor":18},{"not_picked":["Sucker Punch","Backflip"],"picked":"Escape Plan","floor":19},{"not_picked":["Underhanded Strike","Ball Lightning+1","Phantasmal Killer"],"picked":"Singing Bowl","floor":22},{"not_picked":["Clash","Flex","Sucker Punch+1"],"picked":"Singing Bowl","floor":24},{"not_picked":["Sword Boomerang","Hologram","Madness"],"picked":"Singing Bowl","floor":27},{"not_picked":["Prepared","Underhanded Strike","Cold Snap"],"picked":"Singing Bowl","floor":28},{"not_picked":["Headbutt","Headbutt"],"picked":"Reinforced Body","floor":29},{"not_picked":["Clothesline","Infernal Blade","Double Tap"],"picked":"Singing Bowl","floor":31}],"player_experience":370789,"relics_obtained":[{"floor":4,"key":"Singing Bowl"},{"floor":7,"key":"Blood Vial"},{"floor":9,"key":"Frozen Egg 2"},{"floor":14,"key":"MawBank"},{"floor":26,"key":"Orichalcum"},{"floor":30,"key":"Enchiridion"},{"floor":31,"key":"Lantern"}],"event_choices":[{"cards_removed":["Strike_G"],"damage_healed":0,"gold_gain":0,"player_choice":"Card Removal","damage_taken":7,"max_hp_gain":0,"max_hp_loss":0,"event_name":"Golden Wing","floor":2,"gold_loss":0},{"damage_healed":0,"gold_gain":0,"player_choice":"Became a vampire (Vial)","damage_taken":0,"max_hp_gain":0,"max_hp_loss":0,"event_name":"Vampires","floor":20,"relics_lost":["Blood Vial"],"gold_loss":0,"cards_obtained":["Bite","Bite","Bite","Bite","Bite"]},{"damage_healed":0,"gold_gain":0,"player_choice":"Shed Blood","damage_taken":19,"max_hp_gain":5,"max_hp_loss":0,"event_name":"Forgotten Altar","floor":25,"gold_loss":0},{"damage_healed":0,"gold_gain":0,"player_choice":"Obtained Book","damage_taken":16,"max_hp_gain":0,"max_hp_loss":0,"event_name":"Cursed Tome","floor":30,"gold_loss":0}],"is_beta":false,"boss_relics":[{"not_picked":["Tiny House","Coffee Dripper"],"picked":"Snecko Eye"}],"items_purged_floors":[],"is_endless":false,"potions_floor_spawned":[1,7,11,13,14,19,28,31],"killed_by":"Champ","ascension_level":0}