{"gold_per_floor":[115,115,2,21,21,21,21,21,21,39,39,39,58,58,58,58],"floor_reached":16,"playtime":614,"items_purged":["Regret"],"score":88,"play_id":"f4726305-53c2-4150-abd1-da26b41b667b","local_time":"20181101005521","is_ascension_mode":false,"campfire_choices":[{"floor":6,"key":"RECALL"},{"data":"Fusion","floor":8,"key":"SMITH"},{"floor":15,"key":"REST"}],"neow_cost":"NONE","seed_source_timestamp":914216104555893,"circlet_count":0,"master_deck":["Strike_B","Strike_B+1","Strike_B","Strike_B","Defend_B","Defend_B","Defend_B","Defend_B","Zap","Dualcast","Fusion+1","Loop+1","Lockon","Leap"],"relics":["Cracked Core","Juzu Bracelet","Happy Flower","Gremlin Horn","Golden Idol","Cables"],"potions_floor_usage":[13,16],"damage_taken":[{"damage":0,"enemies":"2 Louse","floor":1,"turns":1},{"damage":20,"enemies":"Jaw Worm","floor":4,"turns":4},{"damage":7,"enemies":"Small Slimes","floor":10,"turns":3},{"damage":0,"enemies":"Exordium Wildlife","floor":13,"turns":2},{"damage":42,"enemies":"Hexaghost","floor":16,"turns":9}],"seed_played":"1787720004590303974","potions_obtained":[{"floor":4,"key":"AttackPotion"},{"floor":10,"key":"Swift Potion"},{"floor":13,"key":"Explosive Potion"}],"is_trial":false,"path_per_floor":["M","?","$","M","?","R","?","R","T","M","?","?","M","?","R","B"],"character_chosen":"DEFECT","items_purchased":["Fusion"],"campfire_rested":1,"item_purchase_floors":[3],"current_hp_per_floor":[75,75,75,55,55,55,40,40,40,33,33,21,21,21,41,0],"gold":58,"neow_bonus":"RANDOM_COMMON_RELIC","is_prod":false,"is_daily":false,"chose_seed":false,"campfire_upgraded":1,"win_rate":0,"timestamp":1541030121,"path_taken":["M","?","$","M","?","R","?","R","T","M","?","?","M","?","R","BOSS"],"build_version":"2018-10-30","purchased_purges":1,"victory":false,"max_hp_per_floor":[75,75,75,75,75,75,75,75,75,75,69,69,69,69,69,69],"card_choices":[{"not_picked":["Beam Cell","Compile Driver","Hologram"],"picked":"SKIP","floor":1},{"not_picked":["Beam Cell","Tempest"],"picked":"Loop","floor":4},{"not_picked":["Rebound","Skim"],"picked":"Lockon","floor":10},{"not_picked":["Genetic Algorithm","Chill"],"picked":"Leap","floor":13}],"player_experience":230745,"relics_obtained":[{"floor":9,"key":"Gremlin Horn"}],"event_choices":[{"damage_healed":0,"gold_gain":0,"player_choice":"Box","damage_taken":0,"relics_obtained":["Happy Flower"],"max_hp_gain":0,"max_hp_loss":0,"event_name":"Big Fish","floor":2,"gold_loss":0,"cards_obtained":["Regret"]},{"damage_healed":0,"gold_gain":0,"player_choice":"Leave","damage_taken":0,"max_hp_gain":0,"max_hp_loss":0,"event_name":"The Cleric","floor":5,"gold_loss":0},{"damage_healed":0,"gold_gain":0,"player_choice":"Entered Light","damage_taken":15,"max_hp_gain":0,"max_hp_loss":0,"event_name":"Shining Light","floor":7,"gold_loss":0,"cards_upgraded":["Loop","Strike_B"]},{"damage_healed":0,"gold_gain":0,"player_choice":"Lose Max HP","damage_taken":0,"relics_obtained":["Golden Idol"],"max_hp_gain":0,"max_hp_loss":6,"event_name":"Golden Idol","floor":11,"gold_loss":0},{"damage_healed":0,"gold_gain":0,"player_choice":"Success","damage_taken":12,"relics_obtained":["Cables"],"max_hp_gain":0,"max_hp_loss":0,"event_name":"Scrap Ooze","floor":12,"gold_loss":0},{"damage_healed":0,"gold_gain":0,"player_choice":"0 cards matched","damage_taken":0,"max_hp_gain":0,"max_hp_loss":0,"event_name":"Match and Keep!","floor":14,"gold_loss":0,"cards_obtained":[]}],"is_beta":true,"boss_relics":[],"items_purged_floors":[3],"is_endless":false,"potions_floor_spawned":[4,10,13],"killed_by":"Hexaghost","ascension_level":0}