{"gold_per_floor":[11,30,46,62,137,137,137,162,162,179,179,149,149],"floor_reached":13,"playtime":1032,"items_purged":[],"score":85,"play_id":"76a08873-0e36-4ca9-9886-8ce831b4342f","local_time":"20190506194431","is_ascension_mode":false,"campfire_choices":[{"floor":6,"key":"RECALL"},{"data":"Flame Barrier","floor":11,"key":"SMITH"}],"neow_cost":"NO_GOLD","seed_source_timestamp":1472147543826304,"circlet_count":0,"master_deck":["Strike_R","Strike_R","Defend_R","Defend_R","Defend_R","Defend_R","Bash","Flame Barrier+1","Intimidate","True Grit","Shrug It Off","True Grit","Flame Barrier","True Grit","Disarm","Ghostly Armor"],"relics":["Burning Blood","Champion Belt","Dodecahedron"],"potions_floor_usage":[13],"damage_taken":[{"damage":0,"enemies":"2 Louse","floor":1,"turns":4},{"damage":0,"enemies":"Cultist","floor":2,"turns":5},{"damage":0,"enemies":"Small Slimes","floor":3,"turns":5},{"damage":0,"enemies":"2 Fungi Beasts","floor":4,"turns":6},{"damage":45,"enemies":"3 Sentries","floor":8,"turns":30},{"damage":0,"enemies":"Lots of Slimes","floor":10,"turns":6},{"damage":0,"enemies":"Looter","floor":12,"turns":4},{"damage":49,"enemies":"Gremlin Nob","floor":13,"turns":7}],"seed_played":"-8765607519215459141","potions_obtained":[{"floor":3,"key":"FearPotion"},{"floor":8,"key":"Explosive Potion"}],"is_trial":false,"path_per_floor":["M","M","M","M","?","R","?","E","T","M","R","M","E"],"character_chosen":"IRONCLAD","items_purchased":[],"campfire_rested":0,"item_purchase_floors":[],"current_hp_per_floor":[80,80,80,80,69,69,69,30,30,36,36,42,0],"gold":149,"neow_bonus":"TRANSFORM_TWO_CARDS","is_prod":false,"is_daily":false,"chose_seed":false,"campfire_upgraded":1,"win_rate":0,"timestamp":1557164671,"path_taken":["M","M","M","M","?","R","?","E","T","?","R","M","E"],"build_version":"2019-01-23","purchased_purges":0,"victory":false,"max_hp_per_floor":[80,80,80,80,80,80,80,80,80,80,80,80,80],"card_choices":[{"not_picked":["Perfected Strike","Iron Wave"],"picked":"True Grit","floor":1},{"not_picked":["Flex","Inflame"],"picked":"Shrug It Off","floor":2},{"not_picked":["Wild Strike","Clash"],"picked":"True Grit","floor":3},{"not_picked":["Body Slam","Flex"],"picked":"Flame Barrier","floor":4},{"not_picked":["Pommel Strike","Cleave","Twin Strike"],"picked":"SKIP","floor":8},{"not_picked":["Warcry","Spot Weakness"],"picked":"Disarm","floor":10},{"not_picked":["Cleave","Blood for Blood"],"picked":"Ghostly Armor","floor":12}],"player_experience":67293,"relics_obtained":[{"floor":8,"key":"Champion Belt"},{"floor":9,"key":"Dodecahedron"}],"event_choices":[{"damage_healed":0,"gold_gain":75,"player_choice":"Gather Gold","damage_taken":11,"max_hp_gain":0,"max_hp_loss":0,"event_name":"World of Goop","floor":5,"gold_loss":0},{"damage_healed":0,"gold_gain":0,"cards_transformed":["Strike_R"],"player_choice":"Transformed","damage_taken":0,"max_hp_gain":0,"max_hp_loss":0,"event_name":"Transmorgrifier","floor":7,"gold_loss":0,"cards_obtained":["True Grit"]}],"is_beta":false,"boss_relics":[],"items_purged_floors":[],"is_endless":false,"potions_floor_spawned":[3,8],"killed_by":"Gremlin Nob","ascension_level":0}