{"gold_per_floor":[114,114,124,140,154,154,180,192,215,225,225,225,225,225,225,323,323,335,349,264,276,135,135,149,149,149,160,160,160,171,18,18,113,113,132,147,113,113,113,113,130,130,181,201,226,226,226],"floor_reached":47,"playtime":2039,"items_purged":["Regret"],"score":535,"play_id":"bb8ce2d0-0167-4211-af93-de1be705de73","local_time":"20190506163135","is_ascension_mode":true,"campfire_choices":[{"data":"Neutralize","floor":6,"key":"SMITH"},{"floor":15,"key":"REST"},{"floor":23,"key":"REST"},{"floor":25,"key":"REST"},{"floor":29,"key":"REST"},{"floor":32,"key":"REST"},{"floor":40,"key":"REST"},{"floor":42,"key":"REST"},{"floor":46,"key":"REST"}],"neow_cost":"NONE","seed_source_timestamp":979960285749149,"circlet_count":0,"master_deck":["Defend_G","Defend_G","Defend_G","Defend_G","Defend_G","Strike_G","Strike_G+1","Strike_G","Survivor","Neutralize+1","Poisoned Stab+1","Deadly Poison","Poisoned Stab","Dodge and Roll","Noxious Fumes","Backstab","Corpse Explosion","Noxious Fumes","Blur","Outmaneuver+1","Noxious Fumes","Escape Plan"],"relics":["WristBlade","Paper Crane","Whetstone","Nunchaku","Oddly Smooth Stone","Lizard Tail","MawBank","Mercury Hourglass","Art of War","White Beast Statue","Ancient Tea Set","Potion Belt"],"potions_floor_usage":[16,24,27,33,39,39,41],"damage_taken":[{"damage":2,"enemies":"2 Louse","floor":1,"turns":3},{"damage":0,"enemies":"Jaw Worm","floor":3,"turns":3},{"damage":0,"enemies":"Cultist","floor":4,"turns":3},{"damage":13,"enemies":"Lots of Slimes","floor":5,"turns":6},{"damage":24,"enemies":"3 Sentries","floor":7,"turns":10},{"damage":2,"enemies":"Looter","floor":8,"turns":4},{"damage":1,"enemies":"3 Louse","floor":10,"turns":5},{"damage":25,"enemies":"Slime Boss","floor":16,"turns":11},{"damage":16,"enemies":"Spheric Guardian","floor":18,"turns":5},{"damage":25,"enemies":"Shell Parasite","floor":19,"turns":6},{"damage":24,"enemies":"Shelled Parasite and Fungi","floor":24,"turns":5},{"damage":8,"enemies":"Centurion and Healer","floor":27,"turns":6},{"damage":5,"enemies":"Snake Plant","floor":30,"turns":4},{"damage":54,"enemies":"Champ","floor":33,"turns":12},{"damage":39,"enemies":"3 Darklings","floor":35,"turns":6},{"damage":21,"enemies":"Orb Walker","floor":36,"turns":5},{"damage":11,"enemies":"2 Orb Walkers","floor":39,"turns":2},{"damage":38,"enemies":"Maw","floor":41,"turns":8},{"damage":44,"enemies":"Jaw Worm Horde","floor":44,"turns":4},{"damage":57,"enemies":"Transient","floor":47,"turns":3}],"seed_played":"-1465555676494994233","potions_obtained":[{"floor":1,"key":"Dexterity Potion"},{"floor":7,"key":"SpeedPotion"},{"floor":18,"key":"SkillPotion"},{"floor":27,"key":"Block Potion"},{"floor":33,"key":"Weak Potion"},{"floor":35,"key":"SmokeBomb"},{"floor":36,"key":"Fire Potion"},{"floor":41,"key":"SkillPotion"},{"floor":44,"key":"AttackPotion"}],"is_trial":false,"path_per_floor":["M","?","M","M","M","R","E","M","T","M","?","T","?","?","R","B",null,"M","M","?","?","$","R","M","R","T","M","?","R","M","$","R","B",null,"M","M","$","?","?","R","M","R","T","M","T","R","M"],"character_chosen":"THE_SILENT","items_purchased":["Noxious Fumes","Art of War","Noxious Fumes"],"campfire_rested":8,"item_purchase_floors":[22,31,37],"current_hp_per_floor":[68,61,61,61,48,48,24,22,22,21,21,21,21,21,42,17,70,54,29,29,16,16,38,14,36,36,28,28,50,45,45,67,13,75,36,15,15,15,4,26,36,58,58,14,14,36,0],"gold":226,"neow_bonus":"BOSS_RELIC","is_prod":false,"is_daily":false,"chose_seed":false,"campfire_upgraded":1,"win_rate":0,"timestamp":1557153095,"path_taken":["M","?","M","M","M","R","E","M","T","M","?","?","?","?","R","BOSS","M","M","?","?","$","R","M","R","T","M","?","R","?","?","R","BOSS","M","?","?","?","?","R","M","R","T","M","?","R","M"],"build_version":"2019-01-23","purchased_purges":1,"victory":false,"max_hp_per_floor":[70,70,70,70,70,70,70,70,70,70,70,70,70,70,70,70,70,70,70,70,75,75,75,75,75,75,75,75,75,75,75,75,75,75,75,75,75,75,75,75,75,75,75,75,75,75,75],"card_choices":[{"not_picked":["Crippling Poison","Outmaneuver"],"picked":"Poisoned Stab","floor":1},{"not_picked":["Quick Slash","Poisoned Stab"],"picked":"Deadly Poison","floor":3},{"not_picked":["All Out Attack","Blur"],"picked":"Poisoned Stab","floor":4},{"not_picked":["Dagger Throw","Deadly Poison"],"picked":"Dodge and Roll","floor":5},{"not_picked":["Leg Sweep","Dodge and Roll"],"picked":"Noxious Fumes","floor":7},{"not_picked":["Dodge and Roll","Dagger Throw"],"picked":"Backstab","floor":8},{"not_picked":["Reflex","A Thousand Cuts","Choke"],"picked":"SKIP","floor":10},{"not_picked":["Glass Knife","A Thousand Cuts"],"picked":"Corpse Explosion","floor":16},{"not_picked":["Distraction","Deflect+1","Poisoned Stab"],"picked":"SKIP","floor":18},{"not_picked":["Backflip","Deadly Poison+1","Choke"],"picked":"SKIP","floor":19},{"not_picked":["Cloak And Dagger","Prepared","Bane"],"picked":"SKIP","floor":24},{"not_picked":["Concentrate","Cloak And Dagger+1","Bane+1"],"picked":"SKIP","floor":27},{"not_picked":["Dagger Spray","Deflect"],"picked":"Blur","floor":30},{"not_picked":["PiercingWail","Flying Knee+1","Choke"],"picked":"SKIP","floor":35},{"not_picked":["Predator+1","Terror"],"picked":"Outmaneuver+1","floor":36},{"not_picked":["Footwork","Dagger Throw+1","Slice+1"],"picked":"SKIP","floor":41},{"not_picked":["Dodge and Roll","Slice"],"picked":"Escape Plan","floor":44}],"player_experience":160308,"relics_obtained":[{"floor":7,"key":"Paper Crane"},{"floor":9,"key":"Whetstone"},{"floor":12,"key":"Nunchaku"},{"floor":26,"key":"Mercury Hourglass"},{"floor":43,"key":"Ancient Tea Set"},{"floor":45,"key":"Potion Belt"}],"event_choices":[{"cards_removed":["Strike_G"],"damage_healed":0,"gold_gain":0,"player_choice":"Card Removal","damage_taken":7,"max_hp_gain":0,"max_hp_loss":0,"event_name":"Golden Wing","floor":2,"gold_loss":0},{"damage_healed":0,"gold_gain":0,"player_choice":"Ignored","damage_taken":0,"max_hp_gain":0,"max_hp_loss":0,"event_name":"Shining Light","floor":11,"gold_loss":0},{"damage_healed":0,"gold_gain":0,"player_choice":"Box","damage_taken":0,"relics_obtained":["Oddly Smooth Stone"],"max_hp_gain":0,"max_hp_loss":0,"event_name":"Big Fish","floor":13,"gold_loss":0,"cards_obtained":["Regret"]},{"damage_healed":0,"gold_gain":0,"player_choice":"Ignored","damage_taken":0,"max_hp_gain":0,"max_hp_loss":0,"event_name":"Liars Game","floor":14,"gold_loss":0},{"damage_healed":0,"gold_gain":0,"player_choice":"Obtained Relic","damage_taken":0,"relics_obtained":["MawBank"],"max_hp_gain":0,"max_hp_loss":0,"event_name":"Addict","floor":20,"gold_loss":85},{"damage_healed":0,"gold_gain":0,"player_choice":"Shed Blood","damage_taken":18,"max_hp_gain":5,"max_hp_loss":0,"event_name":"Forgotten Altar","floor":21,"gold_loss":0},{"cards_removed":["Strike_G"],"damage_healed":0,"gold_gain":0,"player_choice":"Offered Basic","damage_taken":0,"max_hp_gain":0,"max_hp_loss":0,"event_name":"Bonfire Elementals","floor":28,"gold_loss":0},{"damage_healed":0,"gold_gain":0,"player_choice":"Memory 1","damage_taken":0,"max_hp_gain":0,"max_hp_loss":0,"event_name":"SensoryStone","floor":38,"gold_loss":0},{"damage_healed":0,"gold_gain":0,"player_choice":"Fight","damage_taken":0,"max_hp_gain":0,"max_hp_loss":0,"event_name":"Mysterious Sphere","floor":39,"gold_loss":0}],"is_beta":false,"boss_relics":[{"not_picked":["Fusion Hammer","Empty Cage"],"picked":"Lizard Tail"},{"not_picked":["Philosopher\u0027s Stone","Astrolabe"],"picked":"White Beast Statue"}],"items_purged_floors":[22],"is_endless":false,"potions_floor_spawned":[1,7,18,27,33,35,36,39,41,44],"killed_by":"Transient","ascension_level":4}