{"gold_per_floor":[115,184,184,204,4,4,35,35,35,75,98,98,121,141,141,237,237,250,266,279,293,311,311,95,95,95,95,120,120,120,148,148,148],"floor_reached":33,"playtime":2308,"items_purged":[],"score":516,"play_id":"b1ba5cfa-ca06-4222-be8e-f8d9806a02cb","local_time":"20180728155829","is_ascension_mode":true,"campfire_choices":[{"data":"Zap","floor":6.0,"key":"SMITH"},{"data":"Ball Lightning","floor":8.0,"key":"SMITH"},{"data":"Hologram","floor":12.0,"key":"SMITH"},{"data":"Reinforced Body","floor":15.0,"key":"SMITH"},{"data":"Chill","floor":23.0,"key":"SMITH"},{"data":"Streamline","floor":27.0,"key":"SMITH"},{"floor":32,"key":"REST"}],"neow_cost":"NONE","seed_source_timestamp":0,"circlet_count":0,"master_deck":["Strike_B","Strike_B","Strike_B","Strike_B","Defend_B","Defend_B","Defend_B","Defend_B","Zap+1","Dualcast+1","AscendersBane","Ball Lightning+1","Hologram+1","Rebound","Self Repair","Cold Snap","Leap","Reinforced Body+1","Echo Form","Chill+1","Streamline+1","Defragment","Compile Driver"],"special_seed":0,"relics":["Cracked Core","Letter Opener","Bloody Idol","MawBank","DataDisk","Emotion Chip","Nunchaku","Busted Crown","Anchor","Shuriken","Mummified Hand","Bag of Marbles"],"potions_floor_usage":[],"damage_taken":[{"damage":0.0,"enemies":"Cultist","floor":1.0,"turns":3.0},{"damage":2.0,"enemies":"2 Louse","floor":4.0,"turns":2.0},{"damage":25.0,"enemies":"Lagavulin","floor":7.0,"turns":5.0},{"damage":9.0,"enemies":"3 Sentries","floor":10.0,"turns":5.0},{"damage":2.0,"enemies":"Jaw Worm","floor":11.0,"turns":3.0},{"damage":0.0,"enemies":"3 Louse","floor":13.0,"turns":2.0},{"damage":9.0,"enemies":"2 Fungi Beasts","floor":14.0,"turns":2.0},{"damage":30.0,"enemies":"Slime Boss","floor":16.0,"turns":5.0},{"damage":11.0,"enemies":"Shell Parasite","floor":18.0,"turns":5.0},{"damage":1.0,"enemies":"3 Byrds","floor":19.0,"turns":5.0},{"damage":14.0,"enemies":"Centurion and Healer","floor":20.0,"turns":6.0},{"damage":6.0,"enemies":"Snake Plant","floor":21.0,"turns":4.0},{"damage":21.0,"enemies":"3 Cultists","floor":22.0,"turns":6.0},{"damage":3.0,"enemies":"Gremlin Leader","floor":28.0,"turns":8.0},{"damage":25.0,"enemies":"Slavers","floor":31.0,"turns":6.0},{"damage":69,"enemies":"Collector","floor":33,"turns":7}],"seed_played":"2941487770985266688","potions_obtained":[{"floor":7.0,"key":"Explosive Potion"},{"floor":10.0,"key":"Ancient Potion"},{"floor":14.0,"key":"GamblersBrew"},{"floor":16.0,"key":"Fruit Juice"},{"floor":19.0,"key":"Block Potion"},{"floor":22.0,"key":"FearPotion"},{"floor":28.0,"key":"Energy Potion"}],"is_trial":false,"path_per_floor":["M","T","?","M","$","R","E","R","T","E","M","R","M","M","R","B",null,"M","M","M","M","M","R","$","?","T","R","E","?","?","E","R"],"character_chosen":"DEFECT","items_purchased":["MawBank","Swift Potion","Anchor","Energy Potion","Streamline"],"campfire_rested":1,"item_purchase_floors":[5,5,24,24,24],"current_hp_per_floor":[64,64,64,62,62,62,37,37,37,28,33,33,40,38,38,15,52,53,59,59,60,53,53,53,53,53,53,62,62,62,49,69,0],"gold":148,"neow_bonus":"UPGRADE_CARD","is_prod":false,"is_daily":false,"chose_seed":false,"campfire_upgraded":6,"win_rate":0,"timestamp":1532818709,"path_taken":["M","?","?","M","?","R","E","R","T","E","M","R","M","M","R","BOSS","M","M","M","M","M","R","$","?","T","R","E","?","?","E","R","BOSS"],"build_version":"2018-07-26","purchased_purges":0,"victory":false,"max_hp_per_floor":[71,71,64,64,64,64,64,64,64,64,64,64,64,64,64,64,64,69,69,69,69,69,69,69,69,69,69,69,69,69,69,69,69],"card_choices":[{"not_picked":["Melter","Coolheaded"],"picked":"Ball Lightning","floor":1.0},{"not_picked":["Barrage","Compile Driver"],"picked":"Hologram","floor":4.0},{"not_picked":["Buffer","Aggregate"],"picked":"Rebound","floor":7.0},{"not_picked":["Sweeping Beam","Streamline"],"picked":"Self Repair","floor":10.0},{"not_picked":["Static Discharge","Stack"],"picked":"Cold Snap","floor":11.0},{"not_picked":["Steam","Reprogram"],"picked":"Leap","floor":13.0},{"not_picked":["Rainbow","Stack"],"picked":"Reinforced Body","floor":14.0},{"not_picked":["Seek","Rainbow"],"picked":"Echo Form","floor":16.0},{"not_picked":[],"picked":"Chill","floor":18.0},{"not_picked":["Consume"],"picked":"SKIP","floor":19.0},{"not_picked":["Streamline"],"picked":"SKIP","floor":20.0},{"not_picked":["Beam Cell"],"picked":"SKIP","floor":21.0},{"not_picked":["Streamline"],"picked":"SKIP","floor":22.0},{"not_picked":["Tempest"],"picked":"SKIP","floor":28.0},{"not_picked":["Tempest"],"picked":"SKIP","floor":28.0},{"not_picked":[],"picked":"Compile Driver","floor":31.0}],"player_experience":919818,"relics_obtained":[{"floor":2.0,"key":"Letter Opener"},{"floor":7.0,"key":"DataDisk"},{"floor":9.0,"key":"Emotion Chip"},{"floor":10.0,"key":"Nunchaku"},{"floor":26.0,"key":"Shuriken"},{"floor":28.0,"key":"Mummified Hand"},{"floor":31.0,"key":"Bag of Marbles"}],"event_choices":[{"event_name":"Golden Idol","player_choice":"Lose Max HP","floor":3.0,"damage_taken":0.0},{"event_name":"Forgotten Altar","player_choice":"Gave Idol","floor":25.0,"damage_taken":0.0},{"event_name":"The Library","player_choice":"Read","floor":29.0,"damage_taken":0.0},{"event_name":"Drug Dealer","player_choice":"Ignored","floor":30.0,"damage_taken":0.0}],"is_beta":false,"boss_relics":[{"not_picked":["Nuclear Battery","Philosopher\u0027s Stone"],"picked":"Busted Crown"}],"items_purged_floors":[],"is_endless":false,"potions_floor_spawned":[7,10,14,16,19,22,28],"killed_by":"Collector","ascension_level":15}