{"gold_per_floor":[110,110,122,8,23,52,52,86,158,158,169,185,210,221,221,319,319,338,353,380,380,280,280,140,140,164,164,199,214,230,244,244,339,339,349,365,379,379,397,429,104,104,104,121,149,149,160,193,193,193],"floor_reached":51,"playtime":2531,"items_purged":["Regret","Strike_B"],"score":877,"play_id":"091b172b-5cc2-4d21-9448-fc4649b71d80","local_time":"25610805141631","is_ascension_mode":true,"campfire_choices":[{"data":"Beam Cell","floor":7.0,"key":"SMITH"},{"data":"Self Repair","floor":10.0,"key":"SMITH"},{"data":"Ball Lightning","floor":15.0,"key":"SMITH"},{"data":"Self Repair","floor":23,"key":"SMITH"},{"data":"Genetic Algorithm","floor":27,"key":"SMITH"},{"data":"Hello World","floor":32,"key":"SMITH"},{"floor":42,"key":"REST"},{"data":"Apotheosis","floor":46,"key":"SMITH"},{"data":"Reboot","floor":49,"key":"SMITH"}],"neow_cost":"NONE","seed_source_timestamp":0,"circlet_count":0,"master_deck":["Strike_B","Strike_B","Strike_B","Defend_B","Defend_B","Defend_B","Defend_B","Zap","Dualcast","Barrage","Hello World+1","Self Repair+1","Beam Cell+1","Coolheaded","Glacier","Doom and Gloom","Ball Lightning+1","All For One","Core Surge","Sweeping Beam+1","Self Repair+1","Ball Lightning+1","Defragment","Genetic Algorithm+1","Go for the Eyes+1","Double Energy","Beam Cell+1","Reboot+1","Aggregate+1","Leap","Reinforced Body","Barrage+1","Apotheosis+1","Cold Snap+1","Beam Cell+1","Ball Lightning+1","Static Discharge+1"],"special_seed":0,"relics":["Runic Pyramid","Thread and Needle","Bag of Marbles","Art of War","Bottled Tornado","Potion Belt","Nuclear Battery","Red Mask","Ancient Tea Set","Boot","Sozu","MawBank","Happy Flower","Pear","Smiling Mask","Centennial Puzzle"],"potions_floor_usage":[28,28,28,28,29,33,37,40,40],"damage_taken":[{"damage":12.0,"enemies":"Small Slimes","floor":1.0,"turns":3.0},{"damage":12.0,"enemies":"Jaw Worm","floor":3.0,"turns":4.0},{"damage":1.0,"enemies":"Cultist","floor":5.0,"turns":5.0},{"damage":10.0,"enemies":"3 Sentries","floor":6.0,"turns":7.0},{"damage":12.0,"enemies":"Gremlin Nob","floor":8.0,"turns":4.0},{"damage":3.0,"enemies":"Looter","floor":11.0,"turns":3.0},{"damage":2.0,"enemies":"3 Louse","floor":12.0,"turns":4.0},{"damage":1.0,"enemies":"Lagavulin","floor":13.0,"turns":6.0},{"damage":0.0,"enemies":"Lots of Slimes","floor":14.0,"turns":1.0},{"damage":11.0,"enemies":"The Guardian","floor":16.0,"turns":12.0},{"damage":22,"enemies":"3 Byrds","floor":18,"turns":5},{"damage":10,"enemies":"Shell Parasite","floor":19,"turns":4},{"damage":19,"floor":20,"turns":4},{"damage":22,"enemies":"Book of Stabbing","floor":28,"turns":6},{"damage":19,"enemies":"Sentry and Sphere","floor":29,"turns":4},{"damage":31,"enemies":"Centurion and Healer","floor":30,"turns":8},{"damage":21,"enemies":"Snake Plant","floor":31,"turns":4},{"damage":20,"enemies":"Automaton","floor":33,"turns":13},{"damage":49,"enemies":"3 Darklings","floor":35,"turns":5},{"damage":10,"enemies":"Flame Bruiser 1 Orb","floor":36,"turns":4},{"damage":32,"enemies":"3 Darklings","floor":37,"turns":4},{"damage":0,"enemies":"Transient","floor":39,"turns":5},{"damage":40,"enemies":"Giant Head","floor":40,"turns":9},{"damage":10,"enemies":"4 Shapes","floor":44,"turns":4},{"damage":19,"enemies":"2 Orb Walkers","floor":45,"turns":3},{"damage":7,"enemies":"Spire Growth","floor":47,"turns":4},{"damage":15,"enemies":"Nemesis","floor":48,"turns":4},{"damage":31,"enemies":"Donu and Deca","floor":50,"turns":7}],"seed_played":"-1276282612231099006","potions_obtained":[{"floor":5.0,"key":"Weak Potion"},{"floor":6.0,"key":"Energy Potion"},{"floor":11.0,"key":"SpeedPotion"},{"floor":13.0,"key":"FairyPotion"},{"floor":20,"key":"SpeedPotion"},{"floor":28,"key":"Explosive Potion"},{"floor":31,"key":"PowerPotion"},{"floor":33,"key":"Explosive Potion"}],"is_trial":false,"path_per_floor":["M","?","M","$","M","E","R","E","T","R","M","M","E","M","R","B",null,"M","M","?","?","$","R","$","?","T","R","E","M","M","M","R","B",null,"M","M","M","?","M","E","$","R","T","M","E","R","M","E","R","B"],"character_chosen":"DEFECT","items_purchased":["Self Repair","EntropicBrew","Defragment","Apotheosis","Happy Flower"],"campfire_rested":1,"item_purchase_floors":[4,24,24,41,41],"current_hp_per_floor":[63,63,51,51,57,54,54,49,49,49,56,64,73,73,73,72,75,63,63,61,61,61,61,61,61,61,61,59,60,49,48,48,38,75,46,46,34,34,54,34,34,56,66,66,57,57,70,75,75,64],"gold":193,"neow_bonus":"BOSS_RELIC","is_prod":false,"is_daily":false,"chose_seed":false,"campfire_upgraded":8,"win_rate":0,"timestamp":1533453391,"path_taken":["M","?","M","$","M","E","R","E","T","R","M","M","E","M","R","BOSS","M","M","?","?","$","R","$","?","T","R","E","?","M","M","R","BOSS","M","M","M","?","M","E","$","R","T","M","E","R","?","E","R","BOSS"],"build_version":"2018-08-02","purchased_purges":2,"victory":true,"max_hp_per_floor":[75,75,75,75,75,75,75,75,75,75,75,75,75,75,75,75,75,75,75,75,75,75,75,75,75,75,75,75,75,75,75,75,75,75,75,75,75,75,75,75,75,75,85,85,85,85,85,85,85,85],"card_choices":[{"not_picked":["Turbo","Skim"],"picked":"Barrage","floor":1.0},{"not_picked":["Loop","Steam"],"picked":"Hello World","floor":3.0},{"not_picked":["Tempest","Lockon"],"picked":"Beam Cell","floor":5.0},{"not_picked":["Hologram","Blizzard"],"picked":"Coolheaded","floor":6.0},{"not_picked":["Melter","Coolheaded"],"picked":"Glacier","floor":8.0},{"not_picked":["Darkness","Force Field"],"picked":"Doom and Gloom","floor":11.0},{"not_picked":["Turbo","Stack","Static Discharge"],"picked":"SKIP","floor":12.0},{"not_picked":["Glacier","Storm"],"picked":"Ball Lightning","floor":13.0},{"not_picked":["Barrage","Hologram"],"picked":"All For One","floor":14.0},{"not_picked":["Meteor Strike","Biased Cognition"],"picked":"Core Surge","floor":16.0},{"not_picked":["Hologram","Steam Power"],"picked":"Sweeping Beam+1","floor":18},{"not_picked":["Auto Shields","Barrage"],"picked":"Self Repair","floor":19},{"not_picked":["Consume","Redo"],"picked":"Ball Lightning+1","floor":20},{"not_picked":["Stack","Consume"],"picked":"Go for the Eyes+1","floor":28},{"not_picked":["Redo","Leap"],"picked":"Double Energy","floor":29},{"not_picked":["Melter","Hologram","Hyperbeam"],"picked":"SKIP","floor":30},{"not_picked":["Turbo+1","Rebound"],"picked":"Beam Cell+1","floor":31},{"not_picked":["Hyperbeam","Rainbow"],"picked":"Reboot","floor":33},{"not_picked":["Steam+1","Go for the Eyes"],"picked":"Aggregate+1","floor":35},{"not_picked":["Barrage+1","Turbo+1"],"picked":"Leap","floor":36},{"not_picked":["Go for the Eyes","Barrage","Stack"],"picked":"SKIP","floor":37},{"not_picked":["Conserve Battery","Steam"],"picked":"Reinforced Body","floor":39},{"not_picked":["Fusion+1","Stack"],"picked":"Barrage+1","floor":40},{"not_picked":["Double Energy","Compile Driver+1"],"picked":"Cold Snap+1","floor":44},{"not_picked":["Genetic Algorithm","Heatsinks+1"],"picked":"Beam Cell+1","floor":45},{"not_picked":["Compile Driver","Double Energy+1"],"picked":"Ball Lightning+1","floor":47},{"not_picked":["Fusion","Undo"],"picked":"Static Discharge+1","floor":48}],"player_experience":200538,"relics_obtained":[{"floor":6.0,"key":"Bag of Marbles"},{"floor":8.0,"key":"Art of War"},{"floor":9.0,"key":"Bottled Tornado"},{"floor":13.0,"key":"Potion Belt"},{"floor":20,"key":"Red Mask"},{"floor":26,"key":"Ancient Tea Set"},{"floor":28,"key":"Boot"},{"floor":40,"key":"MawBank"},{"floor":43,"key":"Pear"},{"floor":45,"key":"Smiling Mask"},{"floor":48,"key":"Centennial Puzzle"}],"event_choices":[{"event_name":"Big Fish","player_choice":"Box","floor":2.0,"damage_taken":0.0},{"event_name":"Masked Bandits","player_choice":"Fought over 353 gold","floor":20,"damage_taken":0},{"event_name":"Ghosts","player_choice":"Ignored","floor":21,"damage_taken":0},{"event_name":"The Library","player_choice":"Read","floor":25,"damage_taken":0},{"event_name":"The Lab","player_choice":"Got Potions","floor":38,"damage_taken":0}],"is_beta":false,"boss_relics":[{"not_picked":["Fusion Hammer","Philosopher\u0027s Stone"],"picked":"Nuclear Battery"},{"not_picked":["Empty Cage","Lizard Tail"],"picked":"Sozu"}],"items_purged_floors":[4,22],"is_endless":false,"potions_floor_spawned":[5,6,11,13,20,28,31,33,37,39,40,45,47],"ascension_level":2}