{"gold_per_floor":[117,117,141,158,158,191,77,77,77,77,94,72,91,119,119,119],"floor_reached":16,"playtime":505,"items_purged":["Defend_B"],"score":113,"play_id":"3ed2afc1-605d-4552-af5f-118086748541","local_time":"25610803134545","is_ascension_mode":true,"campfire_choices":[{"data":"Beam Cell","floor":8,"key":"SMITH"},{"floor":15,"key":"REST"}],"neow_cost":"NONE","seed_source_timestamp":17531276197977,"circlet_count":0,"master_deck":["Strike_B","Strike_B","Strike_B","Strike_B","Defend_B","Defend_B","Defend_B","Zap","Dualcast","Lockon","Zap","Capacitor","Beam Cell+1","Undo","FTL","Chill","Coolheaded","Rebound","Sweeping Beam"],"relics":["Black Star","Boot","Darkstone Periapt","Letter Opener","Shuriken","Question Card","Vajra","Potion Belt"],"potions_floor_usage":[6,14,14],"damage_taken":[{"damage":0,"enemies":"Small Slimes","floor":1,"turns":3},{"damage":5,"enemies":"Cultist","floor":4,"turns":4},{"damage":31,"enemies":"Lagavulin","floor":6,"turns":5},{"damage":0,"enemies":"Jaw Worm","floor":11,"turns":2},{"damage":5,"enemies":"Large Slime","floor":13,"turns":4},{"damage":3,"enemies":"3 Sentries","floor":14,"turns":5},{"damage":50,"enemies":"The Guardian","floor":16,"turns":8}],"seed_played":"5544377711490770510","potions_obtained":[{"floor":1,"key":"FearPotion"},{"floor":6,"key":"SkillPotion"},{"floor":13,"key":"Explosive Potion"}],"is_trial":false,"path_per_floor":["M","?","T","M","?","E","$","R","T","?","M","$","M","E","R"],"character_chosen":"DEFECT","items_purchased":["FTL","Coolheaded"],"campfire_rested":1,"item_purchase_floors":[7,12],"current_hp_per_floor":[75,75,75,70,70,39,39,39,39,36,36,36,31,28,50,0],"gold":119,"neow_bonus":"BOSS_RELIC","is_prod":false,"is_daily":false,"chose_seed":false,"campfire_upgraded":1,"win_rate":0,"timestamp":1533278745,"path_taken":["M","?","?","M","?","E","$","R","T","?","M","?","M","E","R","BOSS"],"build_version":"2018-08-02","purchased_purges":1,"victory":false,"max_hp_per_floor":[75,75,75,75,75,75,75,75,75,75,75,75,75,75,75,75],"card_choices":[{"not_picked":["Loop","Melter"],"picked":"Lockon","floor":1},{"not_picked":["Streamline","Double Energy"],"picked":"Beam Cell","floor":4},{"not_picked":["Turbo","Scrape"],"picked":"Undo","floor":6},{"not_picked":["Fusion","Gash","Beam Cell"],"picked":"Chill","floor":11},{"not_picked":["Undo","Reinforced Body","Lockon"],"picked":"Rebound","floor":13},{"not_picked":["Stack","All For One","Ball Lightning"],"picked":"Sweeping Beam","floor":14}],"player_experience":179782,"relics_obtained":[{"floor":3,"key":"Boot"},{"floor":6,"key":"Darkstone Periapt"},{"floor":6,"key":"Letter Opener"},{"floor":9,"key":"Shuriken"},{"floor":14,"key":"Vajra"},{"floor":14,"key":"Potion Belt"}],"event_choices":[{"event_name":"Match and Keep!","player_choice":"2 cards matched","floor":2,"damage_taken":0},{"event_name":"The Woman in Blue","player_choice":"Bought 0 Potions","floor":5,"damage_taken":0},{"event_name":"Scrap Ooze","player_choice":"success","floor":10,"damage_taken":3}],"is_beta":false,"boss_relics":[],"items_purged_floors":[7],"is_endless":false,"potions_floor_spawned":[1,6,13],"killed_by":"The Guardian","ascension_level":1}