{"gold_per_floor":[116,116,79,79,94,94,127,127,211,244,261,261,271,271,271,271],"floor_reached":16,"playtime":538,"items_purged":[],"score":189,"play_id":"b8ddd081-6b74-4695-af2f-6c2d15ecfd0d","local_time":"20181213143116","is_ascension_mode":true,"campfire_choices":[{"data":"Neutralize","floor":6,"key":"SMITH"},{"data":"Footwork","floor":8,"key":"SMITH"},{"data":"Predator","floor":12,"key":"SMITH"},{"data":"Deflect","floor":15,"key":"SMITH"}],"neow_cost":"NONE","seed_source_timestamp":39385753223784,"circlet_count":0,"master_deck":["AscendersBane","Defend_G","Defend_G","Defend_G","Defend_G","Defend_G","Strike_G","Strike_G","Strike_G","Strike_G","Strike_G","Survivor","Neutralize+1","Quick Slash","Footwork+1","Dagger Spray","Predator+1","Blur","Deflect+1","Poisoned Stab+1"],"relics":["Ring of the Snake","Happy Flower","Tiny Chest","Strawberry"],"potions_floor_usage":[7,16],"damage_taken":[{"damage":2,"enemies":"Jaw Worm","floor":1,"turns":6},{"damage":3,"enemies":"2 Louse","floor":5,"turns":4},{"damage":23,"enemies":"Lagavulin","floor":7,"turns":10},{"damage":15,"enemies":"Gremlin Nob","floor":10,"turns":5},{"damage":0,"enemies":"Cultist","floor":11,"turns":3},{"damage":0,"enemies":"Looter","floor":13,"turns":3},{"damage":46,"enemies":"Hexaghost","floor":16,"turns":16}],"seed_played":"687595192537330145","potions_obtained":[{"floor":5,"key":"SkillPotion"},{"floor":13,"key":"Weak Potion"}],"is_trial":false,"path_per_floor":["M","?","$","?","M","R","E","R","T","E","M","R","M","?","R","B"],"character_chosen":"THE_SILENT","items_purchased":["Footwork"],"campfire_rested":0,"item_purchase_floors":[3],"current_hp_per_floor":[63,68,68,77,74,74,51,51,51,43,43,43,43,43,43,0],"gold":271,"neow_bonus":"TEN_PERCENT_HP_BONUS","is_prod":false,"is_daily":false,"chose_seed":false,"campfire_upgraded":4,"win_rate":0,"timestamp":1544740276,"path_taken":["M","?","?","?","M","R","E","R","T","E","M","R","?","?","R","BOSS"],"build_version":"2018-12-06","purchased_purges":0,"victory":false,"max_hp_per_floor":[72,77,77,77,77,77,77,77,77,84,84,84,84,84,84,84],"card_choices":[{"not_picked":["Escape Plan","Masterful Stab"],"picked":"Quick Slash","floor":1},{"not_picked":["Flying Knee","PiercingWail"],"picked":"Dagger Spray","floor":5},{"not_picked":["Cloak And Dagger","Catalyst"],"picked":"Predator","floor":7},{"not_picked":["Envenom","Flying Knee"],"picked":"Blur","floor":10},{"not_picked":["Prepared","Dagger Spray"],"picked":"Deflect","floor":11},{"not_picked":["Underhanded Strike","Prepared"],"picked":"Poisoned Stab","floor":13}],"player_experience":1791440,"relics_obtained":[{"floor":7,"key":"Happy Flower"},{"floor":9,"key":"Tiny Chest"},{"floor":10,"key":"Strawberry"}],"event_choices":[{"damage_healed":0,"gold_gain":0,"player_choice":"Donut","damage_taken":0,"max_hp_gain":5,"max_hp_loss":0,"event_name":"Big Fish","floor":2,"gold_loss":0},{"damage_healed":9,"gold_gain":0,"player_choice":"Full Heal","damage_taken":0,"max_hp_gain":0,"max_hp_loss":0,"event_name":"Wheel of Change","floor":4,"gold_loss":0},{"damage_healed":0,"gold_gain":0,"player_choice":"Grow","damage_taken":0,"max_hp_gain":0,"max_hp_loss":0,"event_name":"Living Wall","floor":14,"gold_loss":0,"cards_upgraded":["Poisoned Stab"]}],"is_beta":false,"boss_relics":[],"items_purged_floors":[],"is_endless":false,"potions_floor_spawned":[5,13],"killed_by":"Hexaghost","ascension_level":15}