{"gold_per_floor":[111,166,166,35,54,54,81,150,150,184,32,32,32,48,48,48],"floor_reached":16,"playtime":275,"items_purged":["Strike_B"],"score":282,"play_id":"e968cc21-24b2-43ae-a292-983224f2eba9","local_time":"20181201164723","is_ascension_mode":true,"campfire_choices":[{"data":"Sunder","floor":6,"key":"SMITH"},{"data":"Defragment","floor":15,"key":"SMITH"}],"neow_cost":"NONE","seed_source_timestamp":473375607722,"circlet_count":0,"master_deck":["AscendersBane","Strike_B","Strike_B","Strike_B","Defend_B","Defend_B","Defend_B","Defend_B","Zap","Dualcast","Sunder+1","Double Energy","Defragment+1","Creative AI"],"relics":["Cracked Core","NeowsBlessing","Anchor","Tiny Chest","Kunai","Blue Candle","Singing Bowl","Dodecahedron","Bottled Tornado"],"potions_floor_usage":[12,16,16],"damage_taken":[{"damage":0,"enemies":"Cultist","floor":1,"turns":1},{"damage":0,"enemies":"Small Slimes","floor":5,"turns":1},{"damage":0,"enemies":"Gremlin Nob","floor":7,"turns":1},{"damage":48,"enemies":"Lagavulin","floor":10,"turns":8},{"damage":0,"enemies":"3 Sentries","floor":12,"turns":2},{"damage":0,"enemies":"Jaw Worm","floor":14,"turns":3},{"damage":26,"enemies":"The Guardian","floor":16,"turns":2}],"seed_played":"-3008643501630594409","potions_obtained":[{"floor":1,"key":"SmokeBomb"},{"floor":10,"key":"SpeedPotion"},{"floor":14,"key":"FearPotion"}],"is_trial":false,"path_per_floor":["M","?","?","$","M","R","E","T","T","E","$","E","T","M","R","B"],"character_chosen":"DEFECT","items_purchased":["Tiny Chest","Creative AI"],"campfire_rested":0,"item_purchase_floors":[4,11],"current_hp_per_floor":[64,64,59,59,59,59,59,59,59,11,11,11,11,13,13,0],"gold":48,"neow_bonus":"THREE_ENEMY_KILL","is_prod":false,"is_daily":false,"chose_seed":false,"campfire_upgraded":2,"win_rate":0,"timestamp":1543654043,"path_taken":["M","?","?","$","M","R","E","?","T","E","?","E","?","M","R","BOSS"],"build_version":"2018-11-15","purchased_purges":1,"victory":false,"max_hp_per_floor":[71,71,71,71,71,71,71,71,71,71,71,71,71,73,73,73],"card_choices":[{"not_picked":["Storm","Consume"],"picked":"Sunder","floor":1},{"not_picked":["Static Discharge","Hello World","Compile Driver"],"picked":"SKIP","floor":5},{"not_picked":["Static Discharge","Hello World","Compile Driver"],"picked":"SKIP","floor":5},{"not_picked":["Steam","BootSequence"],"picked":"Double Energy","floor":7},{"not_picked":["Compile Driver","Loop"],"picked":"Defragment","floor":10},{"not_picked":["Go for the Eyes","Consume","Beam Cell"],"picked":"Singing Bowl","floor":14}],"player_experience":2233784,"relics_obtained":[{"floor":7,"key":"Kunai"},{"floor":8,"key":"Blue Candle"},{"floor":9,"key":"Singing Bowl"},{"floor":10,"key":"Dodecahedron"},{"floor":13,"key":"Bottled Tornado"}],"event_choices":[{"damage_healed":0,"gold_gain":55,"player_choice":"Gained Gold","damage_taken":0,"max_hp_gain":0,"max_hp_loss":0,"event_name":"Golden Wing","floor":2,"gold_loss":0},{"damage_healed":0,"gold_gain":0,"player_choice":"Success","damage_taken":5,"relics_obtained":["Anchor"],"max_hp_gain":0,"max_hp_loss":0,"event_name":"Scrap Ooze","floor":3,"gold_loss":0}],"is_beta":false,"boss_relics":[],"items_purged_floors":[11],"is_endless":false,"potions_floor_spawned":[1,10,14],"killed_by":"The Guardian","ascension_level":20}