{"gold_per_floor":[113,124,134,134,134,134,165,222,248,258,258,73,99,110,110,214,214,225,60,160,176,186,220,220,239,239,239,239,252,252,252,252,353,353,368,368,15,0,17,17,46,46,46,72,72,92,92,102,102,102],"floor_reached":51,"playtime":3415,"items_purged":["Regret"],"score":1087,"play_id":"08aebc41-78dd-48f0-a751-ae9590da7886","local_time":"20190116221342","is_ascension_mode":true,"campfire_choices":[{"data":"Madness","floor":6.0,"key":"SMITH"},{"floor":11.0,"key":"REST"},{"data":"Limit Break","floor":15.0,"key":"SMITH"},{"floor":24.0,"key":"REST"},{"data":"Limit Break","floor":28.0,"key":"SMITH"},{"data":"Power Through","floor":30.0,"key":"SMITH"},{"data":"Panacea","floor":32.0,"key":"SMITH"},{"data":"Limit Break","floor":40.0,"key":"SMITH"},{"floor":45,"key":"REST"},{"data":"Shockwave","floor":49,"key":"SMITH"}],"neow_cost":"TEN_PERCENT_HP_LOSS","seed_source_timestamp":420372105281379,"circlet_count":0,"master_deck":["AscendersBane","Strike_R","Strike_R","Strike_R","Strike_R","Strike_R","Defend_R","Defend_R","Defend_R","Defend_R","Bash","Panacea+1","Madness+1","Clothesline","Shrug It Off","Power Through+1","Shockwave+1","Sever Soul+1","Pummel+1","Limit Break+1","Twin Strike+1","Limit Break+1","Mind Blast+1","Inflame+1","True Grit+1","Reaper+1","Thunderclap+1","Shrug It Off+1","Limit Break+1","Clash+1","Madness","Madness","Whirlwind+1","Pummel+1"],"special_seed":0,"relics":["Burning Blood","Happy Flower","Molten Egg 2","Vajra","Anchor","Shuriken","Sozu","Bag of Preparation","The Courier","Mummified Hand","Nilry\u0027s Codex","Busted Crown","Pen Nib","Incense Burner","Red Mask","Regal Pillow","Singing Bowl","Kunai","Pantograph"],"potions_floor_usage":[],"damage_taken":[{"damage":23.0,"enemies":"Jaw Worm","floor":1.0,"turns":4.0},{"damage":5.0,"enemies":"Small Slimes","floor":2.0,"turns":5.0},{"damage":3.0,"enemies":"Cultist","floor":3.0,"turns":5.0},{"damage":39.0,"enemies":"Lagavulin","floor":7.0,"turns":10.0},{"damage":3.0,"enemies":"Exordium Thugs","floor":10.0,"turns":4.0},{"damage":26.0,"enemies":"Gremlin Nob","floor":13.0,"turns":4.0},{"damage":0.0,"enemies":"Blue Slaver","floor":14.0,"turns":3.0},{"damage":28.0,"enemies":"Hexaghost","floor":16.0,"turns":9.0},{"damage":2.0,"enemies":"Chosen","floor":18.0,"turns":4.0},{"damage":20.0,"enemies":"Spheric Guardian","floor":21.0,"turns":4.0},{"damage":16.0,"enemies":"Shelled Parasite and Fungi","floor":22.0,"turns":5.0},{"damage":8.0,"enemies":"Book of Stabbing","floor":23.0,"turns":4.0},{"damage":4.0,"enemies":"Cultist and Chosen","floor":25.0,"turns":5.0},{"damage":0.0,"enemies":"Snecko","floor":29.0,"turns":3.0},{"damage":60.0,"enemies":"Collector","floor":33.0,"turns":7.0},{"damage":11.0,"enemies":"Orb Walker","floor":35.0,"turns":4.0},{"damage":8.0,"enemies":"3 Shapes","floor":39.0,"turns":3.0},{"damage":32.0,"enemies":"Giant Head","floor":41.0,"turns":6.0},{"damage":37,"enemies":"Reptomancer","floor":44,"turns":4},{"damage":0,"enemies":"Sphere and 2 Shapes","floor":46,"turns":3},{"damage":10,"enemies":"4 Shapes","floor":48,"turns":4},{"damage":51,"enemies":"Time Eater","floor":50,"turns":7}],"seed_played":"-2564184154056675215","potions_obtained":[{"floor":10.0,"key":"Strength Potion"},{"floor":13.0,"key":"FairyPotion"},{"floor":16.0,"key":"BloodPotion"}],"is_trial":false,"path_per_floor":["M","M","M","$","?","R","E","?","T","M","R","$","E","M","R","B",null,"M","$","?","M","M","E","R","M","T","T","R","M","R","?","R","B",null,"M","?","$","?","M","R","E","?","T","E","R","M","T","M","R","B",null],"character_chosen":"IRONCLAD","items_purchased":["Anchor","Pummel+1","Mind Blast+1","Pen Nib","Incense Burner"],"campfire_rested":3,"item_purchase_floors":[12,12,19,37,37],"current_hp_per_floor":[55,56,59,59,59,59,26,26,26,29,50,50,30,36,36,14,58,62,62,62,48,38,43,64,72,72,72,72,72,72,56,56,23,60,63,54,54,54,70,70,65,65,65,36,73,76,76,74,74,33],"gold":102,"neow_bonus":"RANDOM_COLORLESS_2","is_prod":false,"is_daily":false,"chose_seed":false,"campfire_upgraded":7,"win_rate":0,"timestamp":1547673222,"path_taken":["M","M","M","$","?","R","E","?","T","M","R","$","E","M","R","BOSS","M","$","?","M","M","E","R","?","T","?","R","M","R","?","R","BOSS","M","?","$","?","M","R","E","?","T","E","R","M","?","?","R","BOSS"],"build_version":"2019-01-10","purchased_purges":1,"victory":true,"max_hp_per_floor":[72,72,72,72,72,72,72,72,72,72,72,72,72,72,72,72,72,72,72,72,72,72,72,72,72,72,72,72,72,72,72,72,72,72,72,72,72,72,72,72,72,72,72,74,74,76,76,78,78,78],"card_choices":[{"not_picked":["Pummel","Rupture"],"picked":"Clothesline","floor":1.0},{"not_picked":["Perfected Strike","Pommel Strike"],"picked":"Shrug It Off","floor":2.0},{"not_picked":["Sever Soul","Warcry"],"picked":"Power Through","floor":3.0},{"not_picked":["Warcry","Searing Blow"],"picked":"Shockwave","floor":7.0},{"not_picked":["Clash+1","Dual Wield"],"picked":"Sever Soul+1","floor":10.0},{"not_picked":["Warcry","Sentinel"],"picked":"Limit Break","floor":13.0},{"not_picked":["Havoc","Bloodletting","Twin Strike+1"],"picked":"SKIP","floor":14.0},{"not_picked":["Havoc","Bloodletting"],"picked":"Twin Strike+1","floor":14.0},{"not_picked":["Exhume","Berserk"],"picked":"Limit Break","floor":16.0},{"not_picked":["Flex","Spot Weakness"],"picked":"Anger+1","floor":18.0},{"not_picked":["Fire Breathing+1","Clothesline+1"],"picked":"Inflame+1","floor":21.0},{"not_picked":["Clash+1","Shockwave"],"picked":"True Grit+1","floor":22.0},{"not_picked":["Inflame","Battle Trance"],"picked":"Reaper+1","floor":23.0},{"not_picked":["True Grit","Flex"],"picked":"Thunderclap+1","floor":25.0},{"not_picked":["Clash+1","Ghostly Armor+1"],"picked":"Shrug It Off+1","floor":29.0},{"not_picked":["Berserk","Feed+1"],"picked":"Limit Break","floor":33.0},{"not_picked":[],"picked":"Clash+1","floor":35.0},{"not_picked":[],"picked":"Whirlwind+1","floor":39.0},{"not_picked":[],"picked":"Pummel+1","floor":41.0},{"not_picked":["Perfected Strike+1"],"picked":"Singing Bowl","floor":44},{"not_picked":["Shrug It Off"],"picked":"Singing Bowl","floor":46},{"not_picked":["Hemokinesis+1"],"picked":"Singing Bowl","floor":48}],"player_experience":475639,"relics_obtained":[{"floor":7.0,"key":"Molten Egg 2"},{"floor":9.0,"key":"Vajra"},{"floor":13.0,"key":"Shuriken"},{"floor":23.0,"key":"Bag of Preparation"},{"floor":26.0,"key":"The Courier"},{"floor":27.0,"key":"Mummified Hand"},{"floor":31.0,"key":"Nilry\u0027s Codex"},{"floor":41.0,"key":"Regal Pillow"},{"floor":43.0,"key":"Singing Bowl"},{"floor":44,"key":"Kunai"},{"floor":47,"key":"Pantograph"}],"event_choices":[{"damage_healed":0.0,"max_hp_gain":0.0,"max_hp_loss":0.0,"gold_gain":0.0,"event_name":"Big Fish","player_choice":"Box","floor":5.0,"gold_loss":0.0,"damage_taken":0.0,"relics_obtained":["Happy Flower"],"cards_obtained":["Regret"]},{"damage_healed":0.0,"max_hp_gain":0.0,"max_hp_loss":0.0,"gold_gain":57.0,"event_name":"Golden Wing","player_choice":"Gained Gold","floor":8.0,"gold_loss":0.0,"damage_taken":0.0},{"damage_healed":0.0,"max_hp_gain":0.0,"max_hp_loss":0.0,"gold_gain":100.0,"event_name":"Golden Shrine","player_choice":"Pray","floor":20.0,"gold_loss":0.0,"damage_taken":0.0},{"damage_healed":0.0,"max_hp_gain":0.0,"max_hp_loss":0.0,"gold_gain":0.0,"event_name":"Cursed Tome","player_choice":"Obtained Book","floor":31.0,"gold_loss":0.0,"damage_taken":16.0},{"damage_healed":0.0,"max_hp_gain":0.0,"max_hp_loss":0.0,"gold_gain":0.0,"event_name":"Winding Halls","player_choice":"Embrace Madness","floor":36.0,"gold_loss":0.0,"damage_taken":9.0,"cards_obtained":["Madness","Madness"]},{"damage_healed":0.0,"max_hp_gain":0.0,"max_hp_loss":0.0,"gold_gain":0.0,"event_name":"Tomb of Lord Red Mask","player_choice":"Paid","floor":38.0,"gold_loss":15.0,"damage_taken":0.0,"relics_obtained":["Red Mask"]},{"cards_removed":["Anger"],"damage_healed":0.0,"max_hp_gain":0.0,"max_hp_loss":0.0,"gold_gain":0.0,"event_name":"Falling","player_choice":"Removed Attack","floor":42.0,"gold_loss":0.0,"damage_taken":0.0}],"is_beta":false,"boss_relics":[{"not_picked":["Philosopher\u0027s Stone","Orrery"],"picked":"Sozu"},{"not_picked":["Runic Pyramid","Calling Bell"],"picked":"Busted Crown"}],"items_purged_floors":[19],"is_endless":false,"potions_floor_spawned":[10,13,16,18,21,25,35,41,48],"ascension_level":10}