{"gold_per_floor":[110,110,123,398,26,69,81,111,123,153,165,197,231,243,255,364,376,398,410],"floor_reached":19,"playtime":829,"items_purged":["Regret"],"score":259,"play_id":"99864605-88e8-4cdd-948e-e626c4dc6e31","local_time":"20180927003325","is_ascension_mode":true,"campfire_choices":[{"data":"Defragment","floor":7,"key":"SMITH"},{"data":"Zap","floor":11,"key":"SMITH"},{"data":"Amplify","floor":15,"key":"SMITH"}],"neow_cost":"NONE","seed_source_timestamp":10479327111102,"circlet_count":0,"master_deck":["Strike_B","Strike_B","Strike_B","Defend_B","Defend_B","Defend_B","Defend_B","Zap+1","Dualcast","Defragment+1","Loop","Hello World","White Noise","White Noise","Coolheaded","Hologram","Amplify+1","Creative AI","Steam"],"relics":["FrozenCore","NeowsBlessing","MawBank","Girya","Unceasing Top","Odd Mushroom"],"potions_floor_usage":[19,19,19],"damage_taken":[{"damage":0,"enemies":"Jaw Worm","floor":1,"turns":1},{"damage":0,"enemies":"2 Louse","floor":3,"turns":1},{"damage":0,"enemies":"3 Sentries","floor":6,"turns":1},{"damage":0,"enemies":"Cultist","floor":8,"turns":4},{"damage":12,"enemies":"Blue Slaver","floor":10,"turns":3},{"damage":9,"enemies":"Red Slaver","floor":12,"turns":4},{"damage":18,"enemies":"The Mushroom Lair","floor":13,"turns":4},{"damage":1,"enemies":"The Guardian","floor":16,"turns":9},{"damage":13,"enemies":"Chosen","floor":18,"turns":6},{"damage":15,"enemies":"Colosseum Slavers","floor":19,"turns":7},{"damage":71,"enemies":"Colosseum Nobs","floor":19,"turns":4}],"seed_played":"4193940577459902701","potions_obtained":[{"floor":1,"key":"SneckoOil"},{"floor":3,"key":"LiquidBronze"},{"floor":13,"key":"LiquidBronze"}],"is_trial":false,"path_per_floor":["M","?","M","?","$","E","R","M","T","M","R","M","?","?","R","B",null,"M"],"character_chosen":"DEFECT","items_purchased":["Hello World","White Noise","MawBank"],"campfire_rested":0,"item_purchase_floors":[5,5,5],"current_hp_per_floor":[68,61,61,61,61,61,61,61,61,49,49,40,29,54,54,53,70,57,0],"gold":410,"neow_bonus":"THREE_ENEMY_KILL","is_prod":false,"is_daily":false,"chose_seed":false,"campfire_upgraded":3,"win_rate":0,"timestamp":1538001205,"path_taken":["M","?","?","?","$","E","R","M","T","M","R","M","?","?","R","BOSS","M","?"],"build_version":"2018-09-20","purchased_purges":1,"victory":false,"max_hp_per_floor":[75,75,75,75,75,75,75,75,75,75,75,75,75,75,75,75,75,75,75],"card_choices":[{"not_picked":["Redo","Turbo"],"picked":"Defragment","floor":1},{"not_picked":["Doom and Gloom","Go for the Eyes"],"picked":"Loop","floor":3},{"not_picked":["Rebound","Conserve Battery"],"picked":"White Noise","floor":6},{"not_picked":["Compile Driver","Hologram"],"picked":"Coolheaded","floor":8},{"not_picked":["Rebound","Recycle"],"picked":"Hologram","floor":10},{"not_picked":["Compile Driver","Barrage","Conserve Battery"],"picked":"SKIP","floor":12},{"not_picked":["Reprogram","Chaos"],"picked":"Amplify","floor":13},{"not_picked":["Electrodynamics","All For One"],"picked":"Creative AI","floor":16},{"not_picked":["Stack","Sweeping Beam"],"picked":"Steam","floor":18}],"player_experience":268653,"relics_obtained":[{"floor":6,"key":"Girya"},{"floor":9,"key":"Unceasing Top"},{"floor":13,"key":"Odd Mushroom"}],"event_choices":[{"event_name":"Golden Wing","player_choice":"Card Removal","floor":2,"damage_taken":0},{"event_name":"Golden Shrine","player_choice":"Desecrate","floor":4,"damage_taken":0},{"event_name":"Mushrooms","player_choice":"Fought Mushrooms","floor":13,"damage_taken":0},{"event_name":"Big Fish","player_choice":"Banana","floor":14,"damage_taken":0},{"event_name":"Colosseum","player_choice":"Fight","floor":19,"damage_taken":0},{"event_name":"Colosseum","player_choice":"Fought Nobs","floor":19,"damage_taken":0}],"is_beta":false,"boss_relics":[{"not_picked":["Ectoplasm","Cursed Key"],"picked":"FrozenCore"}],"items_purged_floors":[5],"is_endless":false,"potions_floor_spawned":[1,3,13,16],"killed_by":"Colosseum Nobs","ascension_level":7}