{"gold_per_floor":[217,237,256,256,26,26,57,75,75,103,103,103,132,132,132,232,232,245,256,9,9,21,62,109,147,232,263,41,41,76,88,88,184,184,201,201,45,56,56,87,87,116,190,204,204,239,250,267,267,267,267,267,3,32,32],"floor_reached":56,"playtime":1987,"items_purged":[],"score":1564,"play_id":"baaee967-1d5a-4782-8c62-9cc870af609f","local_time":"20190314221036","is_ascension_mode":true,"campfire_choices":[{"data":"Perfected Strike","floor":6.0,"key":"SMITH"},{"data":"Dual Wield","floor":11.0,"key":"SMITH"},{"data":"Bash","floor":15.0,"key":"SMITH"},{"data":"Perfected Strike","floor":32.0,"key":"SMITH"},{"floor":41.0,"key":"REST"},{"floor":49.0,"key":"RECALL"},{"data":"Apotheosis","floor":52.0,"key":"SMITH"}],"neow_cost":"NONE","seed_source_timestamp":2111192568300,"circlet_count":0,"master_deck":["Strike_R","Strike_R","Strike_R","Defend_R","Defend_R","Bash+1","Perfected Strike+1","Twin Strike","Twin Strike","Dual Wield+1","Pommel Strike","Headbutt","Double Tap+1","Ghostly Armor+1","Burning Pact+1","Perfected Strike+1","Perfected Strike","Reckless Charge","Pommel Strike","Rage+1","Apotheosis+1","Trip","Perfected Strike+1","Battle Trance+1","Intimidate+1","Ghostly Armor+1","Evolve+1","Second Wind+1","Feel No Pain","Pommel Strike+1"],"special_seed":0,"relics":["Burning Blood","Orichalcum","Darkstone Periapt","The Courier","Question Card","WingedGreaves","Velvet Choker","FossilizedHelix","MawBank","Anchor","Ice Cream","Blue Candle","Kunai","Matryoshka","Smiling Mask","Mark of Pain","DollysMirror","Pen Nib","Art of War","Gremlin Horn","Letter Opener","Mummified Hand","Red Skull"],"potions_floor_usage":[55,55],"damage_taken":[{"damage":6.0,"enemies":"Cultist","floor":1.0,"turns":3.0},{"damage":3.0,"enemies":"Small Slimes","floor":2.0,"turns":3.0},{"damage":1.0,"enemies":"Jaw Worm","floor":3.0,"turns":3.0},{"damage":12.0,"enemies":"Gremlin Nob","floor":7.0,"turns":4.0},{"damage":8.0,"enemies":"2 Fungi Beasts","floor":8.0,"turns":3.0},{"damage":20.0,"enemies":"Lagavulin","floor":10.0,"turns":6.0},{"damage":9.0,"enemies":"3 Sentries","floor":13.0,"turns":5.0},{"damage":35.0,"enemies":"The Guardian","floor":16.0,"turns":8.0},{"damage":0.0,"enemies":"Chosen","floor":18.0,"turns":3.0},{"damage":0.0,"enemies":"Spheric Guardian","floor":19.0,"turns":1.0},{"damage":19.0,"enemies":"Gremlin Leader","floor":23.0,"turns":4.0},{"damage":9.0,"enemies":"Slavers","floor":24.0,"turns":4.0},{"damage":0.0,"enemies":"Gremlin Leader","floor":25.0,"turns":4.0},{"damage":0.0,"enemies":"Cultist and Chosen","floor":27.0,"turns":4.0},{"damage":34.0,"enemies":"Slavers","floor":30.0,"turns":4.0},{"damage":0.0,"enemies":"Snecko","floor":31.0,"turns":3.0},{"damage":0.0,"enemies":"Champ","floor":33.0,"turns":6.0},{"damage":5.0,"enemies":"3 Shapes","floor":35.0,"turns":2.0},{"damage":11.0,"enemies":"3 Darklings","floor":38.0,"turns":5.0},{"damage":44.0,"enemies":"Reptomancer","floor":40.0,"turns":6.0},{"damage":7.0,"enemies":"Giant Head","floor":42.0,"turns":4.0},{"damage":15.0,"enemies":"4 Shapes","floor":44.0,"turns":3.0},{"damage":0.0,"enemies":"Nemesis","floor":46.0,"turns":3.0},{"damage":0.0,"enemies":"Transient","floor":47.0,"turns":5.0},{"damage":0.0,"enemies":"3 Darklings","floor":48.0,"turns":3.0},{"damage":19.0,"enemies":"Donu and Deca","floor":50.0,"turns":7.0},{"damage":0.0,"enemies":"Shield and Spear","floor":54.0,"turns":4.0},{"damage":78,"enemies":"The Heart","floor":55,"turns":9}],"seed_played":"4626446934139039446","potions_obtained":[{"floor":2.0,"key":"Fruit Juice"},{"floor":7.0,"key":"Block Potion"},{"floor":8.0,"key":"EssenceOfSteel"},{"floor":16.0,"key":"Explosive Potion"},{"floor":19.0,"key":"Dexterity Potion"},{"floor":24.0,"key":"BloodPotion"},{"floor":30.0,"key":"SteroidPotion"},{"floor":31.0,"key":"PowerPotion"},{"floor":33.0,"key":"Poison Potion"},{"floor":40.0,"key":"SpeedPotion"},{"floor":42.0,"key":"Energy Potion"},{"floor":44.0,"key":"Swift Potion"},{"floor":48.0,"key":"Weak Potion"}],"is_trial":false,"path_per_floor":["M","M","M","?","$","R","E","M","T","E","R","T","E","?","R","B",null,"M","M","$","T","?","E","E","E","T","M","$","?","E","M","R","B",null,"M","?","$","M","?","E","R","E","T","M","?","E","M","M","R","B",null,"R","$","E","B",null],"character_chosen":"IRONCLAD","items_purchased":["Orichalcum","Dual Wield","FossilizedHelix","Perfected Strike","Matryoshka","DollysMirror","Mummified Hand","Feel No Pain"],"campfire_rested":1,"item_purchase_floors":[5,5,20,28,28,37,53,53],"current_hp_per_floor":[80,85,85,78,78,78,72,70,70,56,56,56,53,53,53,24,85,85,85,85,85,85,72,69,83,83,85,85,85,57,63,63,69,85,85,75,75,70,70,32,56,55,55,46,46,52,58,64,64,51,81,81,81,81,9],"gold":32,"neow_bonus":"HUNDRED_GOLD","is_prod":false,"is_daily":false,"chose_seed":false,"campfire_upgraded":5,"win_rate":0,"timestamp":1552572636,"path_taken":["M","?","M","?","$","R","E","M","T","E","R","?","E","?","R","BOSS","M","M","$","?","?","E","E","E","T","?","$","?","E","M","R","BOSS","M","?","$","M","?","E","R","E","T","M","?","E","?","M","R","BOSS","R","$","E","BOSS"],"build_version":"2019-02-06","purchased_purges":0,"victory":true,"max_hp_per_floor":[80,85,85,85,85,85,85,85,85,85,85,85,85,85,85,85,85,85,85,85,85,85,85,85,85,85,85,85,85,85,85,85,85,85,85,85,85,85,81,81,81,81,81,81,81,81,81,81,81,81,81,81,81,81,81],"card_choices":[{"not_picked":["Iron Wave","Thunderclap"],"picked":"Perfected Strike","floor":1.0},{"not_picked":["Shockwave","Dual Wield"],"picked":"Twin Strike","floor":2.0},{"not_picked":["Sword Boomerang","Wild Strike"],"picked":"Twin Strike","floor":3.0},{"not_picked":["Inflame","Anger"],"picked":"Pommel Strike","floor":7.0},{"not_picked":["Havoc","True Grit"],"picked":"Headbutt","floor":8.0},{"not_picked":["Warcry","Pummel","Rampage"],"picked":"SKIP","floor":10.0},{"not_picked":["Whirlwind","Blood for Blood","Anger","Rampage"],"picked":"SKIP","floor":13.0},{"not_picked":["Barricade","Dark Embrace","Feed"],"picked":"Double Tap","floor":16.0},{"not_picked":["Rupture+1","Sword Boomerang","Wild Strike","Iron Wave+1"],"picked":"SKIP","floor":18.0},{"not_picked":["Rupture+1","Shrug It Off","Heavy Blade"],"picked":"Ghostly Armor+1","floor":19.0},{"not_picked":["Dropkick+1","True Grit","Flex","Thunderclap"],"picked":"SKIP","floor":23.0},{"not_picked":["Armaments","Juggernaut","Clothesline","Shrug It Off"],"picked":"SKIP","floor":24.0},{"not_picked":["Blood for Blood+1","Feel No Pain","Sword Boomerang"],"picked":"Burning Pact+1","floor":25.0},{"not_picked":["Havoc","Twin Strike","Clash","Cleave"],"picked":"SKIP","floor":27.0},{"not_picked":["Flex","Clothesline","Heavy Blade","Power Through"],"picked":"SKIP","floor":30.0},{"not_picked":["Burning Pact+1","Sword Boomerang+1","Iron Wave+1"],"picked":"Pommel Strike","floor":31.0},{"not_picked":["Anger","Armaments+1","Shrug It Off+1"],"picked":"Rage+1","floor":35.0},{"not_picked":["Magnetism","PanicButton","Violence"],"picked":"Apotheosis","floor":36.0},{"not_picked":["Panacea","Madness","Magnetism"],"picked":"Trip","floor":36.0},{"not_picked":["Flex","Cleave+1","Clash+1","Armaments"],"picked":"SKIP","floor":38.0},{"not_picked":["Flex","Cleave+1","Clash+1","Armaments"],"picked":"SKIP","floor":38.0},{"not_picked":["Warcry+1","Sever Soul","Twin Strike"],"picked":"Battle Trance+1","floor":40.0},{"not_picked":["Heavy Blade+1","Fire Breathing","True Grit+1","Thunderclap+1"],"picked":"SKIP","floor":42.0},{"not_picked":["Cleave","Burning Pact","Disarm"],"picked":"Intimidate+1","floor":44.0},{"not_picked":["Twin Strike+1","Armaments+1","Battle Trance+1"],"picked":"Ghostly Armor+1","floor":46.0},{"not_picked":["Burning Pact+1","Barricade","Rage"],"picked":"Evolve+1","floor":47.0},{"not_picked":["Cleave","Armaments+1","Searing Blow+1"],"picked":"Second Wind+1","floor":48.0},{"not_picked":["Uppercut+1","Second Wind+1","Berserk"],"picked":"Pommel Strike+1","floor":54.0}],"player_experience":1263110,"relics_obtained":[{"floor":7.0,"key":"Darkstone Periapt"},{"floor":9.0,"key":"The Courier"},{"floor":12.0,"key":"Question Card"},{"floor":13.0,"key":"WingedGreaves"},{"floor":21.0,"key":"MawBank"},{"floor":23.0,"key":"Anchor"},{"floor":24.0,"key":"Ice Cream"},{"floor":25.0,"key":"Blue Candle"},{"floor":26.0,"key":"Kunai"},{"floor":30.0,"key":"Smiling Mask"},{"floor":40.0,"key":"Pen Nib"},{"floor":42.0,"key":"Art of War"},{"floor":43.0,"key":"Gremlin Horn"},{"floor":46.0,"key":"Letter Opener"},{"floor":54.0,"key":"Red Skull"}],"event_choices":[{"cards_removed":["Strike_R"],"damage_healed":0.0,"max_hp_gain":0.0,"max_hp_loss":0.0,"gold_gain":0.0,"event_name":"Golden Wing","player_choice":"Card Removal","floor":4.0,"gold_loss":0.0,"damage_taken":7.0},{"cards_removed":["Defend_R"],"damage_healed":0.0,"max_hp_gain":0.0,"max_hp_loss":0.0,"gold_gain":0.0,"event_name":"Purifier","player_choice":"Purged","floor":14.0,"gold_loss":0.0,"damage_taken":0.0},{"damage_healed":0.0,"max_hp_gain":0.0,"max_hp_loss":0.0,"gold_gain":0.0,"event_name":"Upgrade Shrine","player_choice":"Upgraded","floor":22.0,"gold_loss":0.0,"damage_taken":0.0,"cards_upgraded":["Double Tap"]},{"damage_healed":0.0,"max_hp_gain":0.0,"max_hp_loss":0.0,"gold_gain":0.0,"cards_transformed":["Strike_R","Defend_R"],"event_name":"Drug Dealer","player_choice":"Became Test Subject","floor":29.0,"gold_loss":0.0,"damage_taken":0.0,"cards_obtained":["Perfected Strike","Reckless Charge"]},{"damage_healed":0.0,"max_hp_gain":0.0,"max_hp_loss":0.0,"gold_gain":0.0,"event_name":"SensoryStone","player_choice":"Memory 3","floor":36.0,"gold_loss":0.0,"damage_taken":10.0},{"damage_healed":0.0,"max_hp_gain":0.0,"max_hp_loss":4.0,"gold_gain":0.0,"event_name":"Winding Halls","player_choice":"Max HP","floor":39.0,"gold_loss":0.0,"damage_taken":0.0},{"damage_healed":0.0,"max_hp_gain":0.0,"max_hp_loss":0.0,"gold_gain":0.0,"event_name":"SecretPortal","player_choice":"Ignored","floor":45.0,"gold_loss":0.0,"damage_taken":0.0}],"is_beta":true,"boss_relics":[{"not_picked":["Cursed Key","Pandora\u0027s Box"],"picked":"Velvet Choker"},{"not_picked":["Astrolabe","Empty Cage"],"picked":"Mark of Pain"}],"items_purged_floors":[],"is_endless":false,"potions_floor_spawned":[2,7,8,16,19,24,30,31,33,40,42,44,46,48],"ascension_level":1}