{"gold_per_floor":[115,115,115,115,133,133,133],"floor_reached":7,"playtime":160,"items_purged":[],"score":70,"play_id":"76d6a167-95b1-4869-a28a-c5566d9f7d0b","local_time":"25620325003056","is_ascension_mode":true,"campfire_choices":[{"floor":6,"key":"DIG"}],"neow_cost":"NONE","seed_source_timestamp":37484971639883,"circlet_count":0,"master_deck":["AscendersBane","Strike_B","Strike_B","Strike_B","Defend_B","Defend_B","Defend_B","Defend_B","Zap","Dualcast","Injury","Clumsy","Clumsy","Gash","Electrodynamics","Rip and Tear"],"relics":["Calling Bell","Art of War","Toxic Egg 2","Shovel","Anchor","Golden Idol","Question Card"],"potions_floor_usage":[2],"damage_taken":[{"damage":20,"enemies":"Cultist","floor":1,"turns":5},{"damage":6,"enemies":"Jaw Worm","floor":5,"turns":4},{"damage":25,"enemies":"Lagavulin","floor":7,"turns":4}],"seed_played":"6953725200511794904","potions_obtained":[{"floor":1,"key":"Fruit Juice"}],"is_trial":false,"path_per_floor":["M","?","?","?","M","R","E"],"character_chosen":"DEFECT","items_purchased":[],"campfire_rested":0,"item_purchase_floors":[],"current_hp_per_floor":[44,31,31,31,25,25,0],"gold":133,"neow_bonus":"BOSS_RELIC","is_prod":false,"is_daily":false,"chose_seed":false,"campfire_upgraded":0,"win_rate":0,"timestamp":1553448656,"path_taken":["M","?","?","?","?","R","E"],"build_version":"2019-01-23","purchased_purges":0,"victory":false,"max_hp_per_floor":[71,76,69,69,69,69,69],"card_choices":[{"not_picked":["Leap+1","Reprogram+1"],"picked":"Gash","floor":1},{"not_picked":["Hologram+1","Steam+1"],"picked":"Rip and Tear","floor":5}],"player_experience":335776,"relics_obtained":[{"floor":0,"key":"Art of War"},{"floor":0,"key":"Toxic Egg 2"},{"floor":0,"key":"Shovel"},{"floor":6,"key":"Question Card"}],"event_choices":[{"damage_healed":0,"gold_gain":0,"player_choice":"Success","damage_taken":18,"relics_obtained":["Anchor"],"max_hp_gain":0,"max_hp_loss":0,"event_name":"Scrap Ooze","floor":2,"gold_loss":0},{"damage_healed":0,"gold_gain":0,"player_choice":"Lose Max HP","damage_taken":0,"relics_obtained":["Golden Idol"],"max_hp_gain":0,"max_hp_loss":7,"event_name":"Golden Idol","floor":3,"gold_loss":0},{"damage_healed":0,"gold_gain":0,"cards_transformed":["Strike_B"],"player_choice":"Transformed","damage_taken":0,"max_hp_gain":0,"max_hp_loss":0,"event_name":"Transmorgrifier","floor":4,"gold_loss":0,"cards_obtained":["Electrodynamics"]}],"is_beta":false,"boss_relics":[],"items_purged_floors":[],"is_endless":false,"potions_floor_spawned":[1],"killed_by":"Lagavulin","ascension_level":16}