{"gold_per_floor":[110,110,125,37,37,70,70,99,99,127,142,171,181,198,198,273,273,251,251,351,351,365,694,694,726,750,750,775,806,381,411,411,488,488,505,505,471,484,502,534,534,560,614,647,647,675,691,725,725,725,725],"floor_reached":52,"playtime":3139,"items_purged":[],"score":2554,"play_id":"613e3e07-42c9-4eef-9902-df3fc9bbdce9","local_time":"20190225181315","daily_mods":["SealedDeck","DeadlyEvents","Elite Swarm"],"is_ascension_mode":true,"campfire_choices":[{"data":"Crippling Poison","floor":7.0,"key":"SMITH"},{"data":"Malaise","floor":15,"key":"SMITH"},{"data":"Blade Dance","floor":24,"key":"SMITH"},{"data":"A Thousand Cuts","floor":27,"key":"SMITH"},{"data":"Footwork","floor":32,"key":"SMITH"},{"data":"Well Laid Plans","floor":41,"key":"SMITH"},{"data":"Burst","floor":45,"key":"SMITH"},{"data":"Cloak And Dagger","floor":49,"key":"SMITH"}],"neow_cost":"","seed_source_timestamp":0,"circlet_count":0,"master_deck":["AscendersBane","PiercingWail","Cloak And Dagger+1","Finisher","Blade Dance+1","Dagger Spray","Dodge and Roll","Backflip+1","Leg Sweep","Backstab","Footwork+1","Dagger Throw","Deflect","Crippling Poison+1","Adrenaline","After Image","Well Laid Plans+1","Malaise+1","PiercingWail+1","Adrenaline","All Out Attack+1","A Thousand Cuts+1","Corpse Explosion","Burst+1","Wraith Form v2+1","Noxious Fumes+1","Backflip","Tools of the Trade+1","Adrenaline","After Image+1","Prepared+1"],"special_seed":0,"relics":["Ring of the Snake","Girya","Bottled Tornado","Pear","Omamori","Meat on the Bone","Black Star","Peace Pipe","Shuriken","Blood Vial","Darkstone Periapt","Old Coin","Dodecahedron","War Paint","PreservedInsect","Anchor","Oddly Smooth Stone","The Courier","Paper Crane","Mummified Hand","Matryoshka","Frozen Egg 2","Coffee Dripper","Regal Pillow","Pen Nib","Nunchaku","Tingsha","Bag of Marbles","Snake Skull","Lantern","Mercury Hourglass","Orichalcum","Happy Flower","Gambling Chip","Turnip"],"potions_floor_usage":[8,12,20,20,23,33,51,51],"damage_taken":[{"damage":0.0,"enemies":"Jaw Worm","floor":1.0,"turns":2.0},{"damage":4.0,"enemies":"Cultist","floor":3.0,"turns":3.0},{"damage":16.0,"enemies":"3 Sentries","floor":6.0,"turns":8.0},{"damage":8,"enemies":"Gremlin Nob","floor":8,"turns":3},{"damage":16,"enemies":"3 Sentries","floor":10,"turns":6},{"damage":0,"enemies":"Small Slimes","floor":11,"turns":2},{"damage":18,"enemies":"Gremlin Nob","floor":12,"turns":4},{"damage":0,"enemies":"Looter","floor":13,"turns":2},{"damage":0,"enemies":"3 Louse","floor":14,"turns":2},{"damage":22,"enemies":"The Guardian","floor":16,"turns":17},{"damage":10,"enemies":"2 Thieves","floor":18,"turns":4},{"damage":22,"enemies":"Colosseum Slavers","floor":20,"turns":5},{"damage":0,"enemies":"Colosseum Nobs","floor":20,"turns":5},{"damage":1,"enemies":"Spheric Guardian","floor":22,"turns":6},{"damage":8,"enemies":"Book of Stabbing","floor":23,"turns":6},{"damage":22,"enemies":"Slavers","floor":25,"turns":4},{"damage":14,"enemies":"Book of Stabbing","floor":29,"turns":6},{"damage":0,"enemies":"Gremlin Leader","floor":31,"turns":3},{"damage":12,"enemies":"Collector","floor":33,"turns":10},{"damage":0,"enemies":"3 Shapes","floor":35,"turns":4},{"damage":0,"enemies":"Orb Walker","floor":38,"turns":3},{"damage":0,"enemies":"Jaw Worm Horde","floor":39,"turns":2},{"damage":4,"enemies":"Giant Head","floor":40,"turns":6},{"damage":3,"enemies":"Nemesis","floor":42,"turns":5},{"damage":15,"enemies":"Reptomancer","floor":44,"turns":4},{"damage":0,"enemies":"Giant Head","floor":46,"turns":4},{"damage":0,"enemies":"Sphere and 2 Shapes","floor":47,"turns":4},{"damage":0,"enemies":"Reptomancer","floor":48,"turns":3},{"damage":0,"enemies":"Donu and Deca","floor":50,"turns":4},{"damage":14,"enemies":"Time Eater","floor":51,"turns":11}],"seed_played":"-2590376739077309182","potions_obtained":[{"floor":6.0,"key":"GamblersBrew"},{"floor":8,"key":"PowerPotion"},{"floor":10,"key":"PowerPotion"},{"floor":13,"key":"Fire Potion"},{"floor":16,"key":"Energy Potion"},{"floor":20,"key":"Ancient Potion"},{"floor":22,"key":"LiquidBronze"},{"floor":25,"key":"Block Potion"},{"floor":33,"key":"Poison Potion"},{"floor":35,"key":"SpeedPotion"}],"is_trial":true,"path_per_floor":["M","?","M","$","?","E","R","E","T","E","M","E","M","M","R","B",null,"M","$","?","?","M","E","R","E","T","R","T","E","$","E","R","B",null,"M","?","$","M","M","E","R","E","T","E","R","E","M","E","R","B","B",null],"character_chosen":"THE_SILENT","items_purchased":["Crippling Poison","Paper Crane","Mummified Hand","Noxious Fumes+1"],"campfire_rested":0,"item_purchase_floors":[4,30,30,37],"current_hp_per_floor":[59,59,55,55,55,39,39,31,41,25,25,7,19,31,31,21,62,52,52,42,42,43,49,49,41,41,41,41,41,41,43,43,45,68,70,70,70,72,74,72,72,71,71,58,58,60,62,64,64,66,54],"gold":725,"neow_bonus":"","is_prod":false,"is_daily":false,"chose_seed":false,"campfire_upgraded":8,"win_rate":0,"timestamp":1551147195,"path_taken":["M","?","M","?","?","E","R","E","T","E","M","E","M","?","R","BOSS","M","$","?","?","M","E","R","E","T","R","?","E","$","?","R","BOSS","M","?","?","M","?","E","R","E","T","?","R","E","M","E","R","BOSS","BOSS"],"build_version":"2019-01-23","purchased_purges":0,"victory":true,"max_hp_per_floor":[66,66,66,66,66,66,66,66,76,76,76,76,76,76,76,76,76,76,76,76,76,76,76,76,76,76,76,76,76,76,76,76,76,76,76,76,76,76,76,76,76,76,76,76,76,76,76,76,76,76,76],"card_choices":[{"not_picked":["Dagger Spray","Prepared"],"picked":"Dagger Throw","floor":1.0},{"not_picked":["Backflip","Expertise"],"picked":"Deflect","floor":3.0},{"not_picked":["Grand Finale","Die Die Die","A Thousand Cuts"],"picked":"SKIP","floor":6.0},{"not_picked":["Glass Knife","Unload"],"picked":"Adrenaline","floor":8},{"not_picked":["Bullet Time","Storm of Steel"],"picked":"After Image","floor":10},{"not_picked":["Heel Hook","Cloak And Dagger"],"picked":"Well Laid Plans","floor":11},{"not_picked":["Grand Finale","Adrenaline"],"picked":"Malaise","floor":12},{"not_picked":["Dagger Spray","Outmaneuver","Underhanded Strike"],"picked":"SKIP","floor":13},{"not_picked":["Leg Sweep","Underhanded Strike"],"picked":"PiercingWail","floor":14},{"not_picked":["Venomology","Glass Knife"],"picked":"Adrenaline","floor":16},{"not_picked":["Crippling Poison","Underhanded Strike","Eviscerate"],"picked":"SKIP","floor":18},{"not_picked":["Tactician","Backflip"],"picked":"All Out Attack+1","floor":20},{"not_picked":["Setup","Dash","All Out Attack"],"picked":"SKIP","floor":22},{"not_picked":["Malaise","After Image","Tools of the Trade"],"picked":"SKIP","floor":23},{"not_picked":["Night Terror","Adrenaline"],"picked":"A Thousand Cuts","floor":25},{"not_picked":["Doppelganger","Glass Knife"],"picked":"Corpse Explosion","floor":29},{"not_picked":["Glass Knife","Envenom"],"picked":"Burst","floor":31},{"not_picked":["Night Terror","Die Die Die"],"picked":"Wraith Form v2+1","floor":33},{"not_picked":["Choke+1","All Out Attack","Finisher"],"picked":"SKIP","floor":35},{"not_picked":["Flying Knee","Cloak And Dagger","Dagger Spray"],"picked":"SKIP","floor":38},{"not_picked":["Catalyst","Envenom+1"],"picked":"Backflip","floor":39},{"not_picked":["Wraith Form v2+1","Grand Finale","A Thousand Cuts+1"],"picked":"SKIP","floor":40},{"not_picked":["Storm of Steel","Malaise"],"picked":"Tools of the Trade+1","floor":42},{"not_picked":["Phantasmal Killer","Doppelganger"],"picked":"Adrenaline","floor":44},{"not_picked":["Storm of Steel","A Thousand Cuts+1"],"picked":"After Image+1","floor":46},{"not_picked":["Deflect+1","Outmaneuver"],"picked":"Prepared+1","floor":47},{"not_picked":["Glass Knife","Wraith Form v2+1","Night Terror"],"picked":"SKIP","floor":48}],"player_experience":2266044,"relics_obtained":[{"floor":6.0,"key":"Girya"},{"floor":8,"key":"Bottled Tornado"},{"floor":9,"key":"Pear"},{"floor":10,"key":"Omamori"},{"floor":12,"key":"Meat on the Bone"},{"floor":20,"key":"Peace Pipe"},{"floor":20,"key":"Shuriken"},{"floor":23,"key":"Darkstone Periapt"},{"floor":23,"key":"Old Coin"},{"floor":25,"key":"Dodecahedron"},{"floor":25,"key":"War Paint"},{"floor":26,"key":"PreservedInsect"},{"floor":28,"key":"Anchor"},{"floor":29,"key":"Oddly Smooth Stone"},{"floor":29,"key":"The Courier"},{"floor":31,"key":"Matryoshka"},{"floor":31,"key":"Frozen Egg 2"},{"floor":40,"key":"Regal Pillow"},{"floor":40,"key":"Pen Nib"},{"floor":42,"key":"Nunchaku"},{"floor":42,"key":"Tingsha"},{"floor":43,"key":"Bag of Marbles"},{"floor":43,"key":"Snake Skull"},{"floor":44,"key":"Lantern"},{"floor":44,"key":"Mercury Hourglass"},{"floor":46,"key":"Orichalcum"},{"floor":46,"key":"Happy Flower"},{"floor":48,"key":"Gambling Chip"},{"floor":48,"key":"Turnip"}],"event_choices":[{"damage_healed":0.0,"max_hp_gain":0.0,"max_hp_loss":0.0,"gold_gain":0.0,"event_name":"Purifier","player_choice":"Ignored","floor":2.0,"gold_loss":0.0,"damage_taken":0.0},{"damage_healed":0.0,"max_hp_gain":0.0,"max_hp_loss":0.0,"gold_gain":0.0,"event_name":"Liars Game","player_choice":"Ignored","floor":5.0,"gold_loss":0.0,"damage_taken":0.0},{"damage_healed":0,"gold_gain":0,"player_choice":"Fight","damage_taken":0,"max_hp_gain":0,"max_hp_loss":0,"event_name":"Colosseum","floor":20,"gold_loss":0},{"damage_healed":0,"gold_gain":0,"player_choice":"Fought Nobs","damage_taken":0,"max_hp_gain":0,"max_hp_loss":0,"event_name":"Colosseum","floor":20,"gold_loss":0},{"damage_healed":0,"gold_gain":0,"player_choice":"Opened","damage_taken":0,"relics_obtained":["Blood Vial"],"max_hp_gain":0,"max_hp_loss":0,"event_name":"The Mausoleum","floor":21,"gold_loss":0,"cards_obtained":["Writhe"]},{"damage_healed":0,"gold_gain":0,"player_choice":"Memory 1","damage_taken":0,"max_hp_gain":0,"max_hp_loss":0,"event_name":"SensoryStone","floor":36,"gold_loss":0}],"is_beta":false,"boss_relics":[{"not_picked":["Ring of the Serpent","Fusion Hammer"],"picked":"Black Star"},{"not_picked":["Calling Bell","Busted Crown"],"picked":"Coffee Dripper"}],"items_purged_floors":[],"is_endless":false,"potions_floor_spawned":[6,8,10,13,16,20,22,25,33,35,38,46],"ascension_level":20}