{"gold_per_floor":[115,25,25,40,40,71,71,90,140,167,179,191,215,257,269,355,367,391,403,415,426,351,384,146,146,172,188,88,119,129,159,159,159],"floor_reached":33,"playtime":1079,"items_purged":["Strike_R","Decay"],"score":831,"play_id":"70a0e6ea-44be-4529-8f21-a1a9c243c4fa","local_time":"20181201185230","is_ascension_mode":true,"campfire_choices":[{"data":"Whirlwind","floor":7,"key":"SMITH"},{"data":"Shrug It Off","floor":12,"key":"SMITH"},{"data":"Battle Trance","floor":15,"key":"SMITH"},{"data":"Inflame","floor":25,"key":"SMITH"},{"data":"True Grit","floor":32,"key":"SMITH"}],"neow_cost":"NONE","seed_source_timestamp":7175712924761,"circlet_count":0,"master_deck":["AscendersBane","Strike_R","Strike_R+1","Strike_R","Strike_R","Defend_R","Defend_R","Defend_R","Defend_R","Bash","Flex","Carnage","Whirlwind+1","Feed+1","Shrug It Off+1","Battle Trance+1","Spot Weakness","Offering","Pommel Strike+1","Inflame+1","True Grit+1","Impervious"],"relics":["Burning Blood","NeowsBlessing","WarpedTongs","Bronze Scales","Odd Mushroom","Coffee Dripper","Nloth\u0027s Gift","Whetstone","Ancient Tea Set","PreservedInsect","Dream Catcher","Molten Egg 2"],"potions_floor_usage":[16,16,27,33,33],"damage_taken":[{"damage":0,"enemies":"Small Slimes","floor":1,"turns":1},{"damage":0,"enemies":"Cultist","floor":4,"turns":1},{"damage":0,"enemies":"Lagavulin","floor":6,"turns":1},{"damage":13,"enemies":"Jaw Worm","floor":8,"turns":3},{"damage":6,"enemies":"2 Fungi Beasts","floor":10,"turns":3},{"damage":15,"enemies":"Blue Slaver","floor":13,"turns":4},{"damage":6,"enemies":"The Mushroom Lair","floor":14,"turns":4},{"damage":9,"enemies":"The Guardian","floor":16,"turns":13},{"damage":11,"enemies":"Chosen","floor":18,"turns":3},{"damage":3,"enemies":"3 Byrds","floor":21,"turns":3},{"damage":41,"enemies":"Gremlin Leader","floor":23,"turns":3},{"damage":14,"enemies":"3 Cultists","floor":27,"turns":3},{"damage":31,"enemies":"Slavers","floor":29,"turns":3},{"damage":6,"enemies":"Snake Plant","floor":30,"turns":3},{"damage":6,"enemies":"Gremlin Leader","floor":31,"turns":3},{"damage":46,"enemies":"Collector","floor":33,"turns":7}],"seed_played":"-2547587668810250451","potions_obtained":[{"floor":8,"key":"LiquidBronze"},{"floor":10,"key":"BloodPotion"},{"floor":11,"key":"Block Potion"},{"floor":16,"key":"SpeedPotion"},{"floor":23,"key":"Strength Potion"},{"floor":29,"key":"AttackPotion"}],"is_trial":false,"path_per_floor":["M","$","?","M","$","E","R","M","T","M","?","R","M","?","R","B",null,"M","?","?","M","?","E","$","R","T","M","$","E","M","E","R","B"],"character_chosen":"IRONCLAD","items_purchased":["Carnage","Ancient Tea Set"],"campfire_rested":0,"item_purchase_floors":[2,24],"current_hp_per_floor":[74,74,74,75,75,75,75,72,72,75,75,75,69,72,72,69,83,78,78,78,84,84,52,52,52,52,48,48,23,27,27,27,0],"gold":159,"neow_bonus":"THREE_ENEMY_KILL","is_prod":false,"is_daily":false,"chose_seed":false,"campfire_upgraded":5,"win_rate":0,"timestamp":1543661550,"path_taken":["M","$","?","?","$","E","R","M","T","M","?","R","?","?","R","BOSS","M","?","?","?","?","E","$","R","T","M","?","E","M","E","R","BOSS"],"build_version":"2018-11-15","purchased_purges":2,"victory":false,"max_hp_per_floor":[75,75,75,75,75,75,75,79,79,82,82,82,85,88,88,88,88,88,88,88,91,91,94,94,94,94,98,98,98,102,102,102,102],"card_choices":[{"not_picked":["True Grit","Clash"],"picked":"Flex","floor":1},{"not_picked":["Sentinel","Thunderclap"],"picked":"Whirlwind","floor":4},{"not_picked":["Twin Strike","Barricade"],"picked":"Feed","floor":6},{"not_picked":["Spot Weakness","True Grit"],"picked":"Shrug It Off","floor":8},{"not_picked":["Sword Boomerang","True Grit"],"picked":"Battle Trance","floor":10},{"not_picked":["Twin Strike","Headbutt"],"picked":"Spot Weakness","floor":13},{"not_picked":["Juggernaut","Feed"],"picked":"Offering","floor":16},{"not_picked":["Metallicize","Iron Wave"],"picked":"Pommel Strike+1","floor":18},{"not_picked":["Metallicize","Headbutt"],"picked":"Inflame","floor":21},{"not_picked":["Shrug It Off","Feed","Flex"],"picked":"SKIP","floor":23},{"not_picked":["Body Slam+1","Intimidate"],"picked":"True Grit","floor":27},{"not_picked":["Metallicize","Iron Wave+1"],"picked":"Impervious","floor":29},{"not_picked":["Headbutt","Anger","Infernal Blade"],"picked":"SKIP","floor":30},{"not_picked":["Wild Strike+1","Headbutt","Spot Weakness"],"picked":"SKIP","floor":31}],"player_experience":2237956,"relics_obtained":[{"floor":6,"key":"Bronze Scales"},{"floor":9,"key":"MawBank"},{"floor":14,"key":"Odd Mushroom"},{"floor":23,"key":"Whetstone"},{"floor":26,"key":"PreservedInsect"},{"floor":29,"key":"Dream Catcher"},{"floor":31,"key":"Molten Egg 2"}],"event_choices":[{"damage_healed":0,"gold_gain":0,"player_choice":"Rummage","damage_taken":0,"relics_obtained":["WarpedTongs"],"max_hp_gain":0,"max_hp_loss":0,"event_name":"Accursed Blacksmith","floor":3,"gold_loss":0,"cards_obtained":["Pain"]},{"damage_healed":0,"gold_gain":0,"player_choice":"Got Potions","damage_taken":0,"max_hp_gain":0,"max_hp_loss":0,"event_name":"Lab","floor":11,"gold_loss":0},{"damage_healed":0,"gold_gain":0,"player_choice":"Fought Mushrooms","damage_taken":0,"max_hp_gain":0,"max_hp_loss":0,"event_name":"Mushrooms","floor":14,"gold_loss":0},{"damage_healed":0,"gold_gain":0,"player_choice":"Smashed Altar","damage_taken":0,"max_hp_gain":0,"max_hp_loss":0,"event_name":"Forgotten Altar","floor":19,"gold_loss":0,"cards_obtained":["Decay"]},{"damage_healed":0,"gold_gain":0,"player_choice":"Traded Relic","damage_taken":0,"relics_obtained":["Nloth\u0027s Gift"],"max_hp_gain":0,"max_hp_loss":0,"event_name":"N\u0027loth","floor":20,"relics_lost":["MawBank"],"gold_loss":0},{"cards_removed":["Pain"],"damage_healed":0,"gold_gain":0,"player_choice":"Gave Gold","damage_taken":0,"max_hp_gain":0,"max_hp_loss":0,"event_name":"Beggar","floor":22,"gold_loss":75}],"is_beta":false,"boss_relics":[{"not_picked":["Runic Cube","Cursed Key"],"picked":"Coffee Dripper"}],"items_purged_floors":[24,28],"is_endless":false,"potions_floor_spawned":[8,10,13,16,23,29,30],"killed_by":"Collector","ascension_level":20}