{"gold_per_floor":[112,126,145,145,157,157,157,183,183,183,203,236,249,278,278,352,352,339,339,339,357,357,357,367,367,367,394,138,169,188,85,85,159,159,172,191,107,157,169,199,209,223,223,223,14,40,13,24,24,24],"floor_reached":51,"playtime":2615,"items_purged":["BootSequence","Parasite"],"score":1355,"play_id":"f2da90b9-d23d-41d0-babf-c7b74d34af9b","local_time":"20190125214904","is_ascension_mode":true,"campfire_choices":[{"data":"Multi-Cast","floor":6.0,"key":"SMITH"},{"data":"Fission","floor":10.0,"key":"SMITH"},{"floor":15.0,"key":"REST"},{"data":"Double Energy","floor":23.0,"key":"SMITH"},{"data":"Chaos","floor":32.0,"key":"SMITH"},{"floor":44.0,"key":"REST"},{"floor":49,"key":"REST"}],"neow_cost":"NONE","seed_source_timestamp":46676948422719,"circlet_count":0,"master_deck":["AscendersBane","Dualcast","Tempest","Go for the Eyes","Doom and Gloom","Multi-Cast+1","Core Surge+1","Fission+1","Ball Lightning","Chaos+1","Self Repair","Double Energy+1","Reinforced Body","Cold Snap","Auto Shields","Genetic Algorithm","BootSequence","Glacier+1","Cold Snap","Compile Driver+1","Doom and Gloom+1","Biased Cognition+1","Rainbow","Seek","Leap","Darkness","Defragment+1","Hologram+1","Defragment+1","Capacitor+1","Panacea","Chill","Glacier"],"special_seed":0,"relics":["Cracked Core","Smiling Mask","Pear","Singing Bowl","Prayer Wheel","Pandora\u0027s Box","Frozen Egg 2","Whetstone","Dream Catcher","Snecko Eye","Unceasing Top","Orichalcum","The Courier"],"potions_floor_usage":[50,50],"damage_taken":[{"damage":2.0,"enemies":"Jaw Worm","floor":1.0,"turns":3.0},{"damage":1.0,"enemies":"Cultist","floor":2.0,"turns":3.0},{"damage":10.0,"enemies":"Small Slimes","floor":3.0,"turns":4.0},{"damage":16.0,"enemies":"Exordium Thugs","floor":5.0,"turns":3.0},{"damage":13.0,"enemies":"Lagavulin","floor":8.0,"turns":7.0},{"damage":0.0,"enemies":"Large Slime","floor":11.0,"turns":2.0},{"damage":16.0,"enemies":"Gremlin Nob","floor":12.0,"turns":4.0},{"damage":10.0,"enemies":"Lots of Slimes","floor":13.0,"turns":2.0},{"damage":10.0,"enemies":"Lagavulin","floor":14.0,"turns":6.0},{"damage":11.0,"enemies":"The Guardian","floor":16.0,"turns":7.0},{"damage":3.0,"enemies":"2 Thieves","floor":18.0,"turns":4.0},{"damage":0.0,"enemies":"Spheric Guardian","floor":21.0,"turns":2.0},{"damage":1.0,"enemies":"Centurion and Healer","floor":24.0,"turns":7.0},{"damage":20.0,"enemies":"Slavers","floor":27.0,"turns":4.0},{"damage":3.0,"enemies":"Gremlin Leader","floor":29.0,"turns":7.0},{"damage":0.0,"enemies":"Snecko","floor":30.0,"turns":5.0},{"damage":40.0,"enemies":"Champ","floor":33.0,"turns":10.0},{"damage":27.0,"enemies":"Orb Walker","floor":35.0,"turns":5.0},{"damage":5.0,"enemies":"3 Darklings","floor":36.0,"turns":6.0},{"damage":8.0,"enemies":"Transient","floor":39.0,"turns":5.0},{"damage":69.0,"enemies":"Giant Head","floor":40.0,"turns":12.0},{"damage":15.0,"enemies":"Writhing Mass","floor":41.0,"turns":7.0},{"damage":0.0,"enemies":"Sphere and 2 Shapes","floor":42.0,"turns":6.0},{"damage":14.0,"enemies":"Reptomancer","floor":46.0,"turns":8.0},{"damage":26,"enemies":"Maw","floor":48,"turns":9},{"damage":24,"enemies":"Donu and Deca","floor":50,"turns":10}],"seed_played":"-1249815740682728307","potions_obtained":[{"floor":1.0,"key":"EssenceOfSteel"},{"floor":8.0,"key":"Fire Potion"},{"floor":11.0,"key":"SkillPotion"},{"floor":14.0,"key":"Fire Potion"},{"floor":16.0,"key":"AttackPotion"},{"floor":33.0,"key":"FocusPotion"},{"floor":39.0,"key":"Explosive Potion"},{"floor":41.0,"key":"Swift Potion"},{"floor":42.0,"key":"FocusPotion"},{"floor":46.0,"key":"Fire Potion"}],"is_trial":false,"path_per_floor":["M","M","M","?","M","R","?","E","T","R","M","E","M","E","R","B",null,"M","?","?","M","?","R","M","?","T","E","$","E","M","$","R","B",null,"M","M","$","?","M","E","M","M","T","R","$","E","$","M","R","B",null],"character_chosen":"DEFECT","items_purchased":["Biased Cognition+1","Block Potion","Rainbow","EntropicBrew","Defragment+1","Capacitor+1","Panacea","Chill"],"campfire_rested":3,"item_purchase_floors":[28,28,28,31,37,45,45,47],"current_hp_per_floor":[62,61,51,56,40,40,40,37,37,37,37,21,11,1,26,17,70,69,69,69,69,42,42,52,52,52,34,34,40,51,51,51,18,85,67,86,86,86,80,20,9,20,20,56,56,51,51,34,73,56],"gold":24,"neow_bonus":"RANDOM_COMMON_RELIC","is_prod":false,"is_daily":false,"chose_seed":false,"campfire_upgraded":4,"win_rate":0,"timestamp":1548481744,"path_taken":["M","M","M","?","M","R","?","E","T","R","M","E","M","E","R","BOSS","M","?","?","?","?","R","M","?","T","E","$","E","?","$","R","BOSS","M","M","$","?","?","E","M","M","T","R","$","E","?","M","R","BOSS"],"build_version":"2019-01-23","purchased_purges":2,"victory":true,"max_hp_per_floor":[71,71,71,76,76,76,76,86,86,86,86,86,86,86,86,88,88,90,90,90,90,95,95,99,99,99,101,101,103,107,107,107,107,107,109,111,111,111,113,115,119,123,123,123,120,122,122,124,126,126],"card_choices":[{"not_picked":["Heatsinks","Beam Cell"],"picked":"Tempest","floor":1.0},{"not_picked":["Stack","Darkness"],"picked":"Go for the Eyes","floor":2.0},{"not_picked":["Turbo","Hologram"],"picked":"Doom and Gloom","floor":3.0},{"not_picked":["Turbo","Capacitor"],"picked":"Multi-Cast","floor":5.0},{"not_picked":["Beam Cell","Force Field"],"picked":"Fission","floor":8.0},{"not_picked":["Loop","Static Discharge","Fusion"],"picked":"SKIP","floor":11.0},{"not_picked":["Rebound","Capacitor"],"picked":"Ball Lightning","floor":12.0},{"not_picked":["Steam Power","Stack"],"picked":"BootSequence","floor":13.0},{"not_picked":["Rebound","Barrage"],"picked":"Chaos","floor":14.0},{"not_picked":["Multi-Cast","Hyperbeam","Fission"],"picked":"Singing Bowl","floor":16.0},{"not_picked":["Go for the Eyes","Auto Shields"],"picked":"Glacier+1","floor":18.0},{"not_picked":["Barrage","Redo","Genetic Algorithm"],"picked":"Singing Bowl","floor":18.0},{"not_picked":["Gash","Coolheaded"],"picked":"Cold Snap","floor":21.0},{"not_picked":["Sweeping Beam","Turbo"],"picked":"Compile Driver+1","floor":21.0},{"not_picked":["Barrage","Double Energy","Stack+1"],"picked":"Singing Bowl","floor":24.0},{"not_picked":["Storm","Steam","Rip and Tear"],"picked":"Singing Bowl","floor":24.0},{"not_picked":["Leap","Barrage","Genetic Algorithm+1"],"picked":"Singing Bowl","floor":27.0},{"not_picked":["Multi-Cast","Static Discharge+1","Redo+1"],"picked":"Singing Bowl","floor":29.0},{"not_picked":["Go for the Eyes","Hologram","Rebound+1"],"picked":"Singing Bowl","floor":30.0},{"not_picked":["Double Energy","Heatsinks+1","Sweeping Beam"],"picked":"Singing Bowl","floor":30.0},{"not_picked":["Meteor Strike","Rainbow"],"picked":"Seek","floor":33.0},{"not_picked":["Self Repair+1","Cold Snap","Stack"],"picked":"Singing Bowl","floor":35.0},{"not_picked":["Cold Snap","Streamline"],"picked":"Leap","floor":35.0},{"not_picked":["Redo","Gash","Hello World+1"],"picked":"Singing Bowl","floor":36.0},{"not_picked":["Conserve Battery","Skim"],"picked":"Darkness","floor":36.0},{"not_picked":["Rebound","Compile Driver"],"picked":"Hologram+1","floor":39.0},{"not_picked":["Doom and Gloom","Scrape","Fusion"],"picked":"Singing Bowl","floor":39.0},{"not_picked":["Chaos","Fission","Beam Cell"],"picked":"Singing Bowl","floor":40.0},{"not_picked":["White Noise","Genetic Algorithm","Sweeping Beam"],"picked":"Singing Bowl","floor":41.0},{"not_picked":["Coolheaded","Compile Driver","BootSequence"],"picked":"Singing Bowl","floor":41.0},{"not_picked":["Barrage","Ball Lightning","Reprogram"],"picked":"Singing Bowl","floor":42.0},{"not_picked":["Lockon+1","Consume","Melter"],"picked":"Singing Bowl","floor":42.0},{"not_picked":["Auto Shields","Rebound"],"picked":"Defragment+1","floor":44.0},{"not_picked":["Rebound","Hologram","Doom and Gloom+1"],"picked":"Singing Bowl","floor":46.0},{"not_picked":["Self Repair+1","Compile Driver","Reprogram"],"picked":"Singing Bowl","floor":48},{"not_picked":["Gash","Fusion"],"picked":"Glacier","floor":48},{"not_picked":["Barrage","Conserve Battery","Steam"],"picked":"Singing Bowl","floor":49}],"player_experience":2063307,"relics_obtained":[{"floor":8.0,"key":"Pear"},{"floor":12.0,"key":"Singing Bowl"},{"floor":14.0,"key":"Prayer Wheel"},{"floor":26.0,"key":"Frozen Egg 2"},{"floor":27.0,"key":"Whetstone"},{"floor":29.0,"key":"Dream Catcher"},{"floor":40.0,"key":"Unceasing Top"},{"floor":43.0,"key":"Orichalcum"},{"floor":46.0,"key":"The Courier"}],"event_choices":[{"damage_healed":0.0,"max_hp_gain":5.0,"max_hp_loss":0.0,"gold_gain":0.0,"event_name":"Big Fish","player_choice":"Donut","floor":4.0,"gold_loss":0.0,"damage_taken":0.0},{"damage_healed":0.0,"max_hp_gain":0.0,"max_hp_loss":0.0,"gold_gain":0.0,"cards_transformed":["Strike_B"],"event_name":"Transmorgrifier","player_choice":"Transformed","floor":7.0,"gold_loss":0.0,"damage_taken":0.0,"cards_obtained":["Core Surge"]},{"damage_healed":0.0,"max_hp_gain":0.0,"max_hp_loss":0.0,"gold_gain":0.0,"event_name":"Ghosts","player_choice":"Ignored","floor":19.0,"gold_loss":0.0,"damage_taken":0.0},{"cards_removed":["Zap"],"damage_healed":0.0,"max_hp_gain":0.0,"max_hp_loss":0.0,"gold_gain":0.0,"event_name":"Purifier","player_choice":"Purged","floor":20.0,"gold_loss":0.0,"damage_taken":0.0},{"damage_healed":0.0,"max_hp_gain":5.0,"max_hp_loss":0.0,"gold_gain":0.0,"event_name":"Forgotten Altar","player_choice":"Shed Blood","floor":22.0,"gold_loss":0.0,"damage_taken":32.0},{"damage_healed":0.0,"max_hp_gain":0.0,"max_hp_loss":0.0,"gold_gain":0.0,"event_name":"Duplicator","player_choice":"Copied","floor":25.0,"gold_loss":0.0,"damage_taken":0.0,"cards_obtained":["Doom and Gloom"]},{"damage_healed":0.0,"max_hp_gain":0.0,"max_hp_loss":0.0,"gold_gain":50.0,"event_name":"Golden Shrine","player_choice":"Pray","floor":38.0,"gold_loss":0.0,"damage_taken":0.0}],"is_beta":false,"boss_relics":[{"not_picked":["Empty Cage","Philosopher\u0027s Stone"],"picked":"Pandora\u0027s Box"},{"not_picked":["Velvet Choker","Runic Dome"],"picked":"Snecko Eye"}],"items_purged_floors":[37,45],"is_endless":false,"potions_floor_spawned":[1,8,11,14,16,18,33,39,41,42,46],"ascension_level":15}