{"gold_per_floor":[109,122,133,133,151,178,201,229,241,253],"floor_reached":10,"playtime":438,"items_purged":[],"score":72,"play_id":"5e860d82-be77-455d-aa70-4de6bd28c8e1","local_time":"25610723015056","is_ascension_mode":false,"campfire_choices":[],"neow_cost":"NONE","seed_source_timestamp":57852238142445,"circlet_count":0,"master_deck":["Defend_G","Defend_G","Defend_G","Defend_G","Defend_G","Strike_G","Strike_G","Strike_G","Strike_G","Strike_G","Survivor","Neutralize","Cloak And Dagger","Outmaneuver","Dodge and Roll","Regret","Crippling Poison","All Out Attack","Leg Sweep"],"relics":["Sozu","Paper Crane","MawBank","Bottled Lightning"],"potions_floor_usage":[],"damage_taken":[{"damage":0,"enemies":"Small Slimes","floor":1,"turns":4},{"damage":3,"enemies":"Jaw Worm","floor":2,"turns":5},{"damage":0,"enemies":"2 Louse","floor":3,"turns":3},{"damage":12,"enemies":"Gremlin Gang","floor":5,"turns":10},{"damage":53,"enemies":"Lagavulin","floor":6,"turns":14},{"damage":1,"enemies":"2 Fungi Beasts","floor":7,"turns":3},{"damage":0,"enemies":"Lots of Slimes","floor":8,"turns":3},{"damage":0,"enemies":"3 Sentries","floor":10,"turns":1}],"seed_played":"-1779741374702766822","potions_obtained":[],"is_trial":false,"path_per_floor":["M","M","M","?","M","E","M","M","T"],"character_chosen":"THE_SILENT","items_purchased":[],"campfire_rested":0,"item_purchase_floors":[],"current_hp_per_floor":[70,67,67,67,55,2,1,1,1,1],"gold":253,"neow_bonus":"BOSS_RELIC","is_prod":false,"is_daily":false,"chose_seed":false,"campfire_upgraded":0,"win_rate":0,"timestamp":1532285456,"path_taken":["M","M","M","?","M","E","M","M","T","E"],"build_version":"2018-07-19v2","purchased_purges":0,"victory":false,"max_hp_per_floor":[70,70,70,70,70,70,70,70,70,70],"card_choices":[{"not_picked":["Sucker Punch","Poisoned Stab"],"picked":"Cloak And Dagger","floor":1},{"not_picked":["Flying Knee","Flechettes"],"picked":"Outmaneuver","floor":2},{"not_picked":["Caltrops","Underhanded Strike"],"picked":"Dodge and Roll","floor":3},{"not_picked":["Masterful Stab","Outmaneuver"],"picked":"Crippling Poison","floor":5},{"not_picked":["Terror","Cloak And Dagger"],"picked":"All Out Attack","floor":6},{"not_picked":["Flying Knee","Dagger Spray"],"picked":"Leg Sweep","floor":7},{"not_picked":["Dodge and Roll","Footwork","Caltrops"],"picked":"SKIP","floor":8}],"player_experience":121020,"relics_obtained":[{"floor":6,"key":"MawBank"},{"floor":9,"key":"Bottled Lightning"}],"event_choices":[{"event_name":"Big Fish","player_choice":"Box","floor":4,"damage_taken":0}],"is_beta":false,"boss_relics":[],"items_purged_floors":[],"is_endless":false,"potions_floor_spawned":[1],"killed_by":"3 Sentries","ascension_level":0}