{"gold_per_floor":[113,125,145,145,31,31,49,49,119,137,152,178,24,24],"floor_reached":14,"playtime":1100,"items_purged":["Strike_B"],"score":92,"play_id":"786bd409-b5aa-429e-b765-86d6ac5bd80b","local_time":"20190324135132","is_ascension_mode":false,"campfire_choices":[{"data":"Creative AI","floor":6,"key":"SMITH"},{"data":"Self Repair","floor":8,"key":"SMITH"}],"neow_cost":"CURSE","seed_source_timestamp":796525043337600,"circlet_count":0,"master_deck":["Defend_B","Defend_B","Defend_B","Defend_B","Zap","Dualcast","Writhe","Creative AI+1","Fusion","Leap","Reprogram","Glacier","Reinforced Body","Self Repair+1","Gash"],"relics":["Cracked Core","Darkstone Periapt","Dream Catcher","Orichalcum"],"potions_floor_usage":[12],"damage_taken":[{"damage":10,"enemies":"Jaw Worm","floor":1,"turns":6},{"damage":13,"enemies":"Cultist","floor":2,"turns":5},{"damage":6,"enemies":"2 Louse","floor":3,"turns":4},{"damage":7,"enemies":"Large Slime","floor":7,"turns":12},{"damage":13,"enemies":"2 Fungi Beasts","floor":10,"turns":11},{"damage":2,"enemies":"Red Slaver","floor":11,"turns":7},{"damage":35,"enemies":"Lagavulin","floor":12,"turns":10},{"damage":30,"enemies":"Gremlin Gang","floor":14,"turns":3}],"seed_played":"945138211050973064","potions_obtained":[{"floor":1,"key":"SmokeBomb"},{"floor":7,"key":"Weak Potion"},{"floor":12,"key":"Explosive Potion"}],"is_trial":false,"path_per_floor":["M","M","M","?","$","R","M","R","T","M","M","E","$","M"],"character_chosen":"DEFECT","items_purchased":["Self Repair","Orichalcum"],"campfire_rested":0,"item_purchase_floors":[5,13],"current_hp_per_floor":[65,52,46,46,46,46,46,46,46,43,51,26,26,0],"gold":24,"neow_bonus":"TRANSFORM_TWO_CARDS","is_prod":false,"is_daily":false,"chose_seed":false,"campfire_upgraded":2,"win_rate":0.0,"timestamp":1553428292,"path_taken":["M","M","M","?","$","R","M","R","T","M","?","E","$","M"],"build_version":"2019-01-23","purchased_purges":1,"victory":false,"max_hp_per_floor":[75,75,75,75,75,75,75,75,75,75,75,75,75,75],"card_choices":[{"not_picked":["Beam Cell","Steam"],"picked":"Leap","floor":1},{"not_picked":["Turbo","Static Discharge"],"picked":"Reprogram","floor":2},{"not_picked":["Gash","Coolheaded"],"picked":"Glacier","floor":3},{"not_picked":["Leap","Chaos","Rip and Tear"],"picked":"SKIP","floor":7},{"not_picked":["Rebound","Machine Learning","Conserve Battery"],"picked":"SKIP","floor":10},{"not_picked":["Blizzard","Recycle"],"picked":"Gash","floor":11},{"not_picked":["Echo Form","Barrage","Streamline"],"picked":"SKIP","floor":12}],"player_experience":86918,"relics_obtained":[{"floor":9,"key":"Darkstone Periapt"},{"floor":12,"key":"Dream Catcher"}],"event_choices":[{"damage_healed":0,"gold_gain":0,"cards_transformed":["Strike_B"],"player_choice":"Transformed","damage_taken":0,"max_hp_gain":0,"max_hp_loss":0,"event_name":"Transmorgrifier","floor":4,"gold_loss":0,"cards_obtained":["Reinforced Body"]}],"is_beta":false,"boss_relics":[],"items_purged_floors":[5],"is_endless":false,"potions_floor_spawned":[1,7,12],"killed_by":"Gremlin Gang","ascension_level":0}