{"gold_per_floor":[118,137,150,34,52,52,52,92,117,135,171,171,7,27,27,123,123,142,142],"floor_reached":19,"playtime":755,"items_purged":["Strike_B"],"score":358,"play_id":"a7f3dd35-8415-42a1-8a99-b985d4a32eaa","local_time":"20181212161310","is_ascension_mode":true,"campfire_choices":[{"data":"Sunder","floor":6.0,"key":"SMITH"},{"data":"Darkness","floor":12.0,"key":"SMITH"},{"floor":15.0,"key":"REST"}],"neow_cost":"NONE","seed_source_timestamp":12910858303174,"circlet_count":0,"master_deck":["AscendersBane","Strike_B","Strike_B","Defend_B","Defend_B","Defend_B","Zap","Dualcast","Rip and Tear","Sunder+1","Darkness+1","Glacier","Meteor Strike","Hologram"],"special_seed":0,"relics":["Empty Cage","Golden Idol","Potion Belt","Centennial Puzzle","Boot","PreservedInsect","Black Star"],"potions_floor_usage":[16,16],"damage_taken":[{"damage":0.0,"enemies":"2 Louse","floor":1.0,"turns":2.0},{"damage":5.0,"enemies":"Small Slimes","floor":2.0,"turns":3.0},{"damage":1.0,"enemies":"Cultist","floor":3.0,"turns":3.0},{"damage":8.0,"enemies":"Exordium Wildlife","floor":5.0,"turns":4.0},{"damage":8.0,"enemies":"Gremlin Nob","floor":8.0,"turns":3.0},{"damage":2.0,"enemies":"3 Louse","floor":10.0,"turns":2.0},{"damage":25.0,"enemies":"3 Sentries","floor":11.0,"turns":6.0},{"damage":11.0,"enemies":"Looter","floor":14.0,"turns":2.0},{"damage":7,"enemies":"Hexaghost","floor":16,"turns":9},{"damage":14,"enemies":"Shell Parasite","floor":18,"turns":9},{"damage":40,"enemies":"3 Byrds","floor":19,"turns":4}],"seed_played":"-183480580924688139","potions_obtained":[{"floor":1.0,"key":"Fire Potion"},{"floor":5.0,"key":"Ancient Potion"},{"floor":10.0,"key":"Poison Potion"},{"floor":14.0,"key":"Swift Potion"}],"is_trial":false,"path_per_floor":["M","M","M","$","M","R","?","E","T","M","E","R","$","M","R","B",null,"M","M"],"character_chosen":"DEFECT","items_purchased":["Sunder","PreservedInsect"],"campfire_rested":1,"item_purchase_floors":[4,13],"current_hp_per_floor":[64,59,58,58,50,50,50,42,42,40,15,15,15,4,23,16,52,38,0],"gold":142,"neow_bonus":"BOSS_RELIC","is_prod":false,"is_daily":false,"chose_seed":false,"campfire_upgraded":2,"win_rate":0,"timestamp":1544602390,"path_taken":["M","M","M","$","M","R","?","E","T","M","E","R","$","M","R","BOSS","M","M"],"build_version":"2018-12-06","purchased_purges":1,"victory":false,"max_hp_per_floor":[71,71,71,71,71,71,64,64,64,64,64,64,64,64,64,64,64,64,64],"card_choices":[{"not_picked":["Gash","Leap"],"picked":"Rip and Tear","floor":1.0},{"not_picked":["Sweeping Beam","Rebound","Redo"],"picked":"SKIP","floor":2.0},{"not_picked":["Ball Lightning","Scrape","Compile Driver"],"picked":"SKIP","floor":3.0},{"not_picked":["Creative AI","Redo","Compile Driver"],"picked":"SKIP","floor":5.0},{"not_picked":["Multi-Cast","Lockon","Go for the Eyes"],"picked":"SKIP","floor":8.0},{"not_picked":["Multi-Cast","Lockon","Go for the Eyes"],"picked":"SKIP","floor":8.0},{"not_picked":["Barrage","Sweeping Beam","Redo"],"picked":"SKIP","floor":10.0},{"not_picked":["Scrape","Streamline"],"picked":"Darkness","floor":11.0},{"not_picked":["Hologram","Auto Shields"],"picked":"Glacier","floor":14.0},{"not_picked":["Reboot","Electrodynamics"],"picked":"Meteor Strike","floor":16},{"not_picked":["Melter","Barrage"],"picked":"Hologram","floor":18}],"player_experience":2370071,"relics_obtained":[{"floor":8.0,"key":"Potion Belt"},{"floor":9.0,"key":"Centennial Puzzle"},{"floor":11.0,"key":"Boot"}],"event_choices":[{"damage_healed":0.0,"max_hp_gain":0.0,"max_hp_loss":7.0,"gold_gain":0.0,"event_name":"Golden Idol","player_choice":"Lose Max HP","floor":7.0,"gold_loss":0.0,"damage_taken":0.0,"relics_obtained":["Golden Idol"]}],"is_beta":false,"boss_relics":[{"not_picked":["Tiny House","Runic Pyramid"],"picked":"Black Star"}],"items_purged_floors":[4],"is_endless":false,"potions_floor_spawned":[1,5,10,14],"killed_by":"3 Byrds","ascension_level":20}