{"gold_per_floor":[116,116,127,137,137,137,170,18,18,46,46,46,57,0,0,79,79,89,89,4,4,24,24,24],"floor_reached":24,"playtime":711,"items_purged":[],"score":354,"play_id":"5116b1f2-d6f5-4dd9-817c-6c220da41882","local_time":"20190317173500","is_ascension_mode":true,"campfire_choices":[{"data":"Bash","floor":6,"key":"SMITH"},{"data":"True Grit","floor":11,"key":"SMITH"},{"data":"Metallicize","floor":15,"key":"SMITH"},{"data":"Barricade","floor":23,"key":"SMITH"}],"neow_cost":"NONE","seed_source_timestamp":8241172088400,"circlet_count":0,"master_deck":["AscendersBane","Strike_R","Strike_R","Strike_R+1","Defend_R","Defend_R","Defend_R","Defend_R","Bash+1","Rampage+1","Berserk+1","Evolve","True Grit+1","Battle Trance","Metallicize+1","Barricade+1","Disarm"],"relics":["Black Blood","Art of War","The Courier","Bag of Preparation","Centennial Puzzle","Whetstone","Juzu Bracelet"],"potions_floor_usage":[16,24,24],"damage_taken":[{"damage":9,"enemies":"Cultist","floor":1,"turns":5},{"damage":2,"enemies":"Jaw Worm","floor":3,"turns":4},{"damage":8,"enemies":"Small Slimes","floor":4,"turns":4},{"damage":24,"enemies":"Gremlin Nob","floor":7,"turns":4},{"damage":7,"enemies":"Lagavulin","floor":10,"turns":5},{"damage":2,"enemies":"Red Slaver","floor":13,"turns":4},{"damage":8,"enemies":"The Guardian","floor":16,"turns":8},{"damage":12,"enemies":"Spheric Guardian","floor":18,"turns":4},{"damage":34,"enemies":"Shell Parasite","floor":22,"turns":7},{"damage":42,"enemies":"Slavers","floor":24,"turns":3}],"seed_played":"482128028708370111","potions_obtained":[{"floor":4,"key":"AttackPotion"},{"floor":10,"key":"Dexterity Potion"},{"floor":18,"key":"FearPotion"},{"floor":22,"key":"Weak Potion"}],"is_trial":false,"path_per_floor":["M","?","M","M","?","R","E","$","T","E","R","?","M","$","R","B",null,"M","?","?","?","M","R","E"],"character_chosen":"IRONCLAD","items_purchased":["Bag of Preparation","True Grit","Metallicize"],"campfire_rested":0,"item_purchase_floors":[8,8,14],"current_hp_per_floor":[65,65,69,67,60,60,42,42,42,41,41,41,45,45,45,43,67,65,65,65,65,41,41,0],"gold":24,"neow_bonus":"RANDOM_COMMON_RELIC","is_prod":false,"is_daily":false,"chose_seed":false,"campfire_upgraded":4,"win_rate":0,"timestamp":1552815300,"path_taken":["M","?","?","?","?","R","E","$","T","E","R","?","?","?","R","BOSS","M","?","?","?","M","R","E"],"build_version":"2019-01-23","purchased_purges":0,"victory":false,"max_hp_per_floor":[75,75,75,75,75,75,75,75,75,75,75,75,75,75,75,75,75,75,75,75,75,75,75,75],"card_choices":[{"not_picked":["True Grit","Corruption"],"picked":"Rampage","floor":1},{"not_picked":["Sentinel","Anger","Perfected Strike"],"picked":"SKIP","floor":3},{"not_picked":["Iron Wave","Clash","Warcry"],"picked":"SKIP","floor":4},{"not_picked":["Infernal Blade","Fiend Fire"],"picked":"Evolve","floor":7},{"not_picked":["Carnage","Clothesline","Sword Boomerang"],"picked":"SKIP","floor":10},{"not_picked":["True Grit","Pommel Strike"],"picked":"Battle Trance","floor":13},{"not_picked":["Bludgeon","Fiend Fire"],"picked":"Barricade","floor":16},{"not_picked":["Sever Soul","Rampage","Sword Boomerang"],"picked":"SKIP","floor":18},{"not_picked":["Blood for Blood+1","Searing Blow"],"picked":"Disarm","floor":22}],"player_experience":2849275,"relics_obtained":[{"floor":7,"key":"The Courier"},{"floor":9,"key":"Centennial Puzzle"},{"floor":10,"key":"Whetstone"}],"event_choices":[{"damage_healed":0,"gold_gain":0,"cards_transformed":["Strike_R"],"player_choice":"Transformed","damage_taken":0,"max_hp_gain":0,"max_hp_loss":0,"event_name":"Transmorgrifier","floor":2,"gold_loss":0,"cards_obtained":["Berserk"]},{"cards_removed":["Strike_R"],"damage_healed":0,"gold_gain":0,"player_choice":"Card Removal","damage_taken":7,"max_hp_gain":0,"max_hp_loss":0,"event_name":"Golden Wing","floor":5,"gold_loss":0},{"damage_healed":0,"gold_gain":0,"player_choice":"Upgraded","damage_taken":0,"max_hp_gain":0,"max_hp_loss":0,"event_name":"Upgrade Shrine","floor":12,"gold_loss":0,"cards_upgraded":["Berserk"]},{"damage_healed":0,"gold_gain":0,"player_choice":"Ignored","damage_taken":0,"max_hp_gain":0,"max_hp_loss":0,"event_name":"Ghosts","floor":19,"gold_loss":0},{"damage_healed":0,"gold_gain":0,"player_choice":"Obtained Relic","damage_taken":0,"relics_obtained":["Juzu Bracelet"],"max_hp_gain":0,"max_hp_loss":0,"event_name":"Addict","floor":20,"gold_loss":85},{"damage_healed":0,"gold_gain":0,"player_choice":"Ignored","damage_taken":0,"max_hp_gain":0,"max_hp_loss":0,"event_name":"Duplicator","floor":21,"gold_loss":0}],"is_beta":false,"boss_relics":[{"not_picked":["Busted Crown","Lizard Tail"],"picked":"Black Blood"}],"items_purged_floors":[],"is_endless":false,"potions_floor_spawned":[4,10,18,22],"killed_by":"Slavers","ascension_level":15}