{"gold_per_floor":[109,18,29,85,105,105,132,132,132,152,175,100,100,140,140,235,235,250,183,183,206,224,224,268,268,268,303,323,238,273,29,29,125,125,150,168,76,101,124,124,124,124,124,168,3,3,16,16,16,16],"floor_reached":51,"playtime":3126,"items_purged":[],"score":1482,"play_id":"b7d77076-32a5-4e7a-9c39-5718e30f3fdf","local_time":"20190302164656","is_ascension_mode":true,"campfire_choices":[{"data":"Neutralize","floor":6.0,"key":"SMITH"},{"data":"Cloak And Dagger","floor":13,"key":"SMITH"},{"data":"Prepared","floor":15,"key":"SMITH"},{"floor":23,"key":"REST"},{"floor":25,"key":"REST"},{"floor":32,"key":"REST"},{"floor":40,"key":"REST"},{"floor":46,"key":"REST"},{"floor":49,"key":"REST"}],"neow_cost":"NONE","seed_source_timestamp":31424003494997,"circlet_count":0,"master_deck":["AscendersBane","Survivor","Neutralize+1","Reflex","All Out Attack","Blade Dance","Dagger Spray","Grand Finale","Finisher","Bullet Time","Slice","Deadly Poison","Deflect","Backflip","Caltrops","Dagger Throw","Cloak And Dagger+1","Deflect","PiercingWail","Tactician","Prepared+1","Cloak And Dagger","Acrobatics","PiercingWail","Concentrate+1","Noxious Fumes","Backstab+1","Acrobatics","Wraith Form v2","Panacea","Apotheosis","Sucker Punch+1","Burst","Leg Sweep","Escape Plan","Dodge and Roll+1","Leg Sweep","After Image","Noxious Fumes","Caltrops","Backflip","PiercingWail"],"special_seed":0,"relics":["Pandora\u0027s Box","Gremlin Horn","Golden Idol","Snake Skull","Molten Egg 2","Fusion Hammer","The Courier","Mummified Hand","Pear","Orichalcum","Singing Bowl","Runic Pyramid","Dead Branch","Ninja Scroll"],"potions_floor_usage":[16,24,33,35,50,50],"damage_taken":[{"damage":0.0,"enemies":"2 Louse","floor":1.0,"turns":2.0},{"damage":0.0,"enemies":"Small Slimes","floor":3.0,"turns":2.0},{"damage":9.0,"enemies":"Jaw Worm","floor":5.0,"turns":3.0},{"damage":0.0,"enemies":"Gremlin Nob","floor":7.0,"turns":3.0},{"damage":0,"enemies":"Blue Slaver","floor":10,"turns":2},{"damage":0,"enemies":"2 Fungi Beasts","floor":11,"turns":3},{"damage":15,"enemies":"3 Sentries","floor":14,"turns":6},{"damage":28,"enemies":"Slime Boss","floor":16,"turns":7},{"damage":11,"enemies":"2 Thieves","floor":18,"turns":3},{"damage":6,"enemies":"Chosen","floor":21,"turns":5},{"damage":7,"enemies":"Centurion and Healer","floor":22,"turns":9},{"damage":0,"enemies":"Gremlin Leader","floor":24,"turns":6},{"damage":53,"enemies":"Slavers","floor":27,"turns":5},{"damage":0,"enemies":"Snake Plant","floor":28,"turns":4},{"damage":0,"enemies":"Gremlin Leader","floor":30,"turns":5},{"damage":11,"enemies":"Automaton","floor":33,"turns":8},{"damage":6,"enemies":"3 Darklings","floor":35,"turns":6},{"damage":6,"enemies":"Orb Walker","floor":36,"turns":4},{"damage":0,"enemies":"Writhing Mass","floor":38,"turns":6},{"damage":8,"enemies":"Jaw Worm Horde","floor":39,"turns":4},{"damage":0,"enemies":"Giant Head","floor":44,"turns":9},{"damage":0,"enemies":"Spire Growth","floor":47,"turns":4},{"damage":23,"enemies":"Time Eater","floor":50,"turns":12}],"seed_played":"6929367751205260190","potions_obtained":[{"floor":3.0,"key":"Block Potion"},{"floor":7,"key":"PowerPotion"},{"floor":11,"key":"Ancient Potion"},{"floor":14,"key":"Energy Potion"},{"floor":22,"key":"GhostInAJar"},{"floor":28,"key":"Strength Potion"},{"floor":30,"key":"SpeedPotion"},{"floor":33,"key":"EssenceOfSteel"},{"floor":36,"key":"SmokeBomb"},{"floor":44,"key":"PowerPotion"}],"is_trial":false,"path_per_floor":["M","$","M","?","M","R","E","?","T","M","M","?","R","E","R","B",null,"M","$","?","M","M","R","E","R","T","E","M","?","E","$","R","B",null,"M","M","$","M","M","R","?","?","T","E","$","R","M","?","R","B",null],"character_chosen":"THE_SILENT","items_purchased":["Backflip","Caltrops","Acrobatics","PiercingWail","Panacea","Apotheosis","Sucker Punch+1","SpeedPotion","Escape Plan","Noxious Fumes","Caltrops","Backflip"],"campfire_rested":6,"item_purchase_floors":[2,2,19,19,31,31,31,37,37,45,45,45],"current_hp_per_floor":[59,59,59,59,50,50,50,50,50,50,50,50,50,35,35,7,47,36,36,36,30,23,41,41,59,59,16,16,16,16,16,37,26,59,53,49,49,51,43,65,65,65,65,65,65,74,74,74,74,51],"gold":16,"neow_bonus":"BOSS_RELIC","is_prod":false,"is_daily":false,"chose_seed":false,"campfire_upgraded":3,"win_rate":0,"timestamp":1551574016,"path_taken":["M","$","M","?","M","R","E","?","T","M","M","?","R","E","R","BOSS","M","$","?","M","M","R","E","R","T","E","M","?","E","?","R","BOSS","M","M","$","M","M","R","?","?","T","E","$","R","?","?","R","BOSS"],"build_version":"2019-01-23","purchased_purges":0,"victory":true,"max_hp_per_floor":[66,66,66,66,66,66,66,60,60,60,60,60,60,60,60,60,60,60,60,60,60,60,60,60,60,60,70,70,70,70,70,70,70,70,70,72,72,74,74,74,74,74,74,74,74,74,74,74,74,74],"card_choices":[{"not_picked":["Quick Slash","Setup"],"picked":"Deflect","floor":1.0},{"not_picked":["Catalyst","Underhanded Strike"],"picked":"Dagger Throw","floor":3.0},{"not_picked":["Dagger Spray","All Out Attack"],"picked":"Cloak And Dagger","floor":5.0},{"not_picked":["Bane","Deadly Poison"],"picked":"Deflect","floor":7},{"not_picked":["Underhanded Strike","Tools of the Trade"],"picked":"PiercingWail","floor":10},{"not_picked":["Quick Slash","Slice"],"picked":"Tactician","floor":11},{"not_picked":["Concentrate","Dagger Spray"],"picked":"Prepared","floor":14},{"not_picked":["Storm of Steel","Bullet Time"],"picked":"Die Die Die+1","floor":16},{"not_picked":["Expertise","Flying Knee+1"],"picked":"Cloak And Dagger","floor":18},{"not_picked":["Acrobatics","Eviscerate+1"],"picked":"Concentrate+1","floor":21},{"not_picked":["Deflect","Dodge and Roll"],"picked":"Noxious Fumes","floor":22},{"not_picked":["Flying Knee+1","Dodge and Roll","Poisoned Stab+1"],"picked":"SKIP","floor":24},{"not_picked":["Infinite Blades+1","Quick Slash+1"],"picked":"Backstab+1","floor":27},{"not_picked":["Deadly Poison+1","Tactician"],"picked":"Acrobatics","floor":28},{"not_picked":["Crippling Poison+1","Choke+1"],"picked":"Wraith Form v2","floor":30},{"not_picked":["Grand Finale+1","Die Die Die+1"],"picked":"Burst","floor":33},{"not_picked":["Poisoned Stab+1","Setup"],"picked":"Leg Sweep","floor":35},{"not_picked":["Heel Hook+1","Prepared","Cloak And Dagger"],"picked":"Singing Bowl","floor":36},{"not_picked":["Setup","Outmaneuver","Deadly Poison"],"picked":"Singing Bowl","floor":38},{"not_picked":["Flying Knee+1","Setup"],"picked":"Dodge and Roll+1","floor":39},{"not_picked":["Escape Plan+1","Leg Sweep"],"picked":"After Image","floor":44},{"not_picked":["Prepared","Deflect"],"picked":"PiercingWail","floor":47}],"player_experience":2308811,"relics_obtained":[{"floor":7,"key":"Gremlin Horn"},{"floor":9,"key":"Snake Skull"},{"floor":14,"key":"Molten Egg 2"},{"floor":24,"key":"The Courier"},{"floor":26,"key":"Mummified Hand"},{"floor":27,"key":"Pear"},{"floor":30,"key":"Singing Bowl"},{"floor":43,"key":"Dead Branch"},{"floor":44,"key":"Ninja Scroll"}],"event_choices":[{"damage_healed":0.0,"max_hp_gain":0.0,"max_hp_loss":0.0,"gold_gain":56.0,"event_name":"Golden Wing","player_choice":"Gained Gold","floor":4.0,"gold_loss":0.0,"damage_taken":0.0},{"damage_healed":0,"gold_gain":0,"player_choice":"Lose Max HP","damage_taken":0,"relics_obtained":["Golden Idol"],"max_hp_gain":0,"max_hp_loss":6,"event_name":"Golden Idol","floor":8,"gold_loss":0},{"cards_removed":["Phantasmal Killer"],"damage_healed":0,"gold_gain":0,"player_choice":"Card Removal","damage_taken":0,"max_hp_gain":0,"max_hp_loss":0,"event_name":"The Cleric","floor":12,"gold_loss":75},{"damage_healed":0,"gold_gain":0,"player_choice":"Ignored","damage_taken":0,"max_hp_gain":0,"max_hp_loss":0,"event_name":"Beggar","floor":20,"gold_loss":0},{"damage_healed":0,"gold_gain":0,"player_choice":"Obtained Relic","damage_taken":0,"relics_obtained":["Orichalcum"],"max_hp_gain":0,"max_hp_loss":0,"event_name":"Addict","floor":29,"gold_loss":85},{"damage_healed":0,"gold_gain":0,"player_choice":"Ignored","damage_taken":0,"max_hp_gain":0,"max_hp_loss":0,"event_name":"Tomb of Lord Red Mask","floor":41,"gold_loss":0},{"damage_healed":0,"gold_gain":0,"player_choice":"Copied","damage_taken":0,"max_hp_gain":0,"max_hp_loss":0,"event_name":"Duplicator","floor":42,"gold_loss":0,"cards_obtained":["Leg Sweep"]},{"cards_removed":["Die Die Die"],"damage_healed":0,"gold_gain":0,"player_choice":"Removed Attack","damage_taken":0,"max_hp_gain":0,"max_hp_loss":0,"event_name":"Falling","floor":48,"gold_loss":0}],"is_beta":false,"boss_relics":[{"not_picked":["Ectoplasm","White Beast Statue"],"picked":"Fusion Hammer"},{"not_picked":["Snecko Eye","Philosopher\u0027s Stone"],"picked":"Runic Pyramid"}],"items_purged_floors":[],"is_endless":false,"potions_floor_spawned":[3,7,11,14,22,28,30,33,36,44],"ascension_level":15}