{"gold_per_floor":[116,191,191,203,203,223,223,251,251,251,264,327,327,354,354,432,432,450,27,27,39,59,59,88,88,113,113,130,147,62,75,75,152,152,170,180,180,180],"floor_reached":38,"playtime":2056,"items_purged":["Strike_R"],"score":828,"play_id":"23bb89dc-1a89-4a2e-a121-34f56aa6defc","local_time":"20190228045550","is_ascension_mode":true,"campfire_choices":[{"floor":7,"key":"REST"},{"floor":10,"key":"REST"},{"data":"Uppercut","floor":13,"key":"SMITH"},{"data":"Inflame","floor":15,"key":"SMITH"},{"floor":23,"key":"REST"},{"floor":25,"key":"REST"},{"data":"Sword Boomerang","floor":27,"key":"SMITH"},{"floor":32,"key":"REST"}],"neow_cost":"NONE","seed_source_timestamp":2661416462993900,"circlet_count":0,"master_deck":["AscendersBane","Strike_R+1","Defend_R","Defend_R","Defend_R","Defend_R","Bash+1","Pommel Strike","Iron Wave+1","Inflame+1","Corruption","Uppercut+1","Sword Boomerang+1","Offering","Twin Strike","Shrug It Off","True Grit+1","Intimidate","Sentinel","Inflame","Offering","Sword Boomerang+1","Heavy Blade+1"],"relics":["Burning Blood","Paper Frog","Kunai","Dodecahedron","Tiny Chest","Whetstone","Sozu","Pantograph","Singing Bowl","Oddly Smooth Stone","Meat on the Bone","Empty Cage"],"potions_floor_usage":[8,12,12,16],"damage_taken":[{"damage":15,"enemies":"Small Slimes","floor":1,"turns":4},{"damage":6,"enemies":"Jaw Worm","floor":4,"turns":4},{"damage":1,"enemies":"2 Louse","floor":6,"turns":3},{"damage":33,"enemies":"3 Sentries","floor":8,"turns":10},{"damage":9,"enemies":"Red Slaver","floor":11,"turns":3},{"damage":1,"enemies":"Gremlin Nob","floor":12,"turns":3},{"damage":38,"enemies":"3 Sentries","floor":14,"turns":9},{"damage":39,"enemies":"Hexaghost","floor":16,"turns":8},{"damage":35,"enemies":"Shell Parasite","floor":18,"turns":4},{"damage":17,"enemies":"2 Thieves","floor":21,"turns":4},{"damage":18,"enemies":"Cultist and Chosen","floor":22,"turns":5},{"damage":24,"enemies":"Gremlin Leader","floor":24,"turns":5},{"damage":5,"enemies":"Snake Plant","floor":28,"turns":4},{"damage":7,"enemies":"Snecko","floor":29,"turns":4},{"damage":33,"enemies":"Sentry and Sphere","floor":31,"turns":7},{"damage":33,"enemies":"Automaton","floor":33,"turns":8},{"damage":12,"enemies":"Orb Walker","floor":35,"turns":4},{"damage":40,"enemies":"3 Shapes","floor":36,"turns":7},{"damage":56,"enemies":"Writhing Mass","floor":38,"turns":5}],"seed_played":"747566247345743660","potions_obtained":[{"floor":4,"key":"Regen Potion"},{"floor":6,"key":"Strength Potion"},{"floor":11,"key":"FearPotion"},{"floor":14,"key":"BloodPotion"}],"is_trial":false,"path_per_floor":["M","?","?","M","?","M","R","E","T","R","M","E","R","E","R","B",null,"M","$","?","M","M","R","E","R","T","R","M","M","?","M","R","B",null,"M","M","?","M"],"character_chosen":"IRONCLAD","items_purchased":["Shrug It Off","Pantograph","True Grit"],"campfire_rested":5,"item_purchase_floors":[19,19,19],"current_hp_per_floor":[66,55,50,50,25,30,54,42,42,66,63,68,68,36,36,11,64,35,35,35,24,12,36,20,45,45,45,46,47,47,32,57,55,78,72,50,50,0],"gold":180,"neow_bonus":"TEN_PERCENT_HP_BONUS","is_prod":false,"is_daily":false,"chose_seed":false,"campfire_upgraded":3,"win_rate":0,"timestamp":1551329750,"path_taken":["M","?","?","?","?","M","R","E","T","R","M","E","R","E","R","BOSS","M","$","?","M","M","R","E","R","T","R","?","M","?","M","R","BOSS","M","M","?","M"],"build_version":"2019-01-23","purchased_purges":1,"victory":false,"max_hp_per_floor":[82,82,82,82,82,82,82,82,82,82,82,82,82,82,82,82,82,82,82,82,82,82,82,84,84,84,84,84,86,86,86,86,86,86,86,86,86,86],"card_choices":[{"not_picked":["Heavy Blade","Fire Breathing"],"picked":"Pommel Strike","floor":1},{"not_picked":["Heavy Blade","Bloodletting"],"picked":"Iron Wave","floor":4},{"not_picked":["Armaments","Pommel Strike"],"picked":"Inflame","floor":6},{"not_picked":["Warcry","Seeing Red"],"picked":"Corruption","floor":8},{"not_picked":["Second Wind","Fire Breathing","Perfected Strike"],"picked":"SKIP","floor":11},{"not_picked":["Clothesline","Inflame"],"picked":"Uppercut","floor":12},{"not_picked":["Carnage","Flex"],"picked":"Sword Boomerang","floor":14},{"not_picked":["Bludgeon","Juggernaut"],"picked":"Offering","floor":16},{"not_picked":["Warcry","Clothesline"],"picked":"Twin Strike","floor":18},{"not_picked":["Rupture","Iron Wave","Body Slam"],"picked":"SKIP","floor":21},{"not_picked":["True Grit","Heavy Blade"],"picked":"Intimidate","floor":22},{"not_picked":["Hemokinesis","Havoc","Rage"],"picked":"Singing Bowl","floor":24},{"not_picked":["Disarm","Ghostly Armor"],"picked":"Sentinel","floor":28},{"not_picked":["Seeing Red","Cleave","Clothesline"],"picked":"Singing Bowl","floor":29},{"not_picked":["Juggernaut","Heavy Blade+1"],"picked":"Inflame","floor":31},{"not_picked":["Bludgeon","Dark Embrace"],"picked":"Offering","floor":33},{"not_picked":["Anger","Shrug It Off"],"picked":"Sword Boomerang+1","floor":35},{"not_picked":["Hemokinesis+1","Clothesline"],"picked":"Heavy Blade+1","floor":36}],"player_experience":2200212,"relics_obtained":[{"floor":8,"key":"Kunai"},{"floor":9,"key":"Dodecahedron"},{"floor":12,"key":"Tiny Chest"},{"floor":14,"key":"Whetstone"},{"floor":24,"key":"Singing Bowl"},{"floor":26,"key":"Oddly Smooth Stone"}],"event_choices":[{"damage_healed":0,"gold_gain":75,"player_choice":"Gather Gold","damage_taken":11,"max_hp_gain":0,"max_hp_loss":0,"event_name":"World of Goop","floor":2,"gold_loss":0},{"damage_healed":0,"gold_gain":0,"player_choice":"Success","damage_taken":5,"relics_obtained":["Paper Frog"],"max_hp_gain":0,"max_hp_loss":0,"event_name":"Scrap Ooze","floor":3,"gold_loss":0},{"damage_healed":0,"gold_gain":0,"player_choice":"Entered Light","damage_taken":25,"max_hp_gain":0,"max_hp_loss":0,"event_name":"Shining Light","floor":5,"gold_loss":0,"cards_upgraded":["Iron Wave","Strike_R"]},{"damage_healed":0,"gold_gain":0,"player_choice":"Upgraded","damage_taken":0,"max_hp_gain":0,"max_hp_loss":0,"event_name":"Upgrade Shrine","floor":20,"gold_loss":0,"cards_upgraded":["True Grit"]},{"damage_healed":0,"gold_gain":0,"player_choice":"Obtained Relic","damage_taken":0,"relics_obtained":["Meat on the Bone"],"max_hp_gain":0,"max_hp_loss":0,"event_name":"Addict","floor":30,"gold_loss":85},{"cards_removed":["Strike_R"],"damage_healed":0,"gold_gain":0,"player_choice":"Purged","damage_taken":0,"max_hp_gain":0,"max_hp_loss":0,"event_name":"Purifier","floor":37,"gold_loss":0}],"is_beta":false,"boss_relics":[{"not_picked":["Ectoplasm","Fusion Hammer"],"picked":"Sozu"},{"not_picked":["Philosopher\u0027s Stone","White Beast Statue"],"picked":"Empty Cage"}],"items_purged_floors":[19],"is_endless":false,"potions_floor_spawned":[4,6,11,14,24,28,35,36],"killed_by":"Writhing Mass","ascension_level":20}