{"gold_per_floor":[119,137,155,166,166,194,209,235,287,303,303,335,335,335,335,439,439,449,102,102,113,113,138,148,148,148,182,201,201,236,206,206,306,306,322,51,69,69,69,97,97,124,124,124,124,154,104,123,123,123,123,123,48,74,74],"floor_reached":56,"playtime":2393,"items_purged":["Clash+1","Flame Barrier","Armaments+1"],"score":1467,"play_id":"29d4a1f3-8fe7-4be2-b9a7-b49075a594c1","local_time":"20190125101337","is_ascension_mode":true,"campfire_choices":[{"data":"Whirlwind","floor":11.0,"key":"SMITH"},{"data":"Shockwave","floor":13.0,"key":"SMITH"},{"data":"Pommel Strike","floor":15.0,"key":"SMITH"},{"data":"Limit Break","floor":25.0,"key":"SMITH"},{"data":"Dark Embrace","floor":29.0,"key":"SMITH"},{"data":"Burning Pact","floor":32.0,"key":"SMITH"},{"floor":41.0,"key":"RECALL"},{"floor":45.0,"key":"REST"},{"floor":49,"key":"REST"},{"floor":52,"key":"REST"}],"neow_cost":"NONE","seed_source_timestamp":0,"circlet_count":0,"master_deck":["Bash+1","Pommel Strike+1","Power Through+1","Carnage+1","Shockwave+1","Whirlwind+1","Double Tap+1","Dark Embrace+1","Fire Breathing+1","Flame Barrier+1","Burning Pact+1","Power Through+1","Double Tap+1","Intimidate+1","Limit Break+1","Headbutt+1","Inflame+1","Limit Break+1","Barricade+1","Berserk+1","Impervious+1","Entrench+1"],"special_seed":0,"relics":["Burning Blood","NeowsBlessing","Bag of Marbles","Centennial Puzzle","Shuriken","Pandora\u0027s Box","ClockworkSouvenir","Nloth\u0027s Gift","Red Skull","Bottled Flame","Smiling Mask","Mercury Hourglass","Velvet Choker","Pen Nib","Mark of the Bloom","Anchor","Unceasing Top","Gremlin Horn","Letter Opener"],"potions_floor_usage":[46,55,55,55],"damage_taken":[{"damage":0.0,"enemies":"Cultist","floor":1.0,"turns":1.0},{"damage":0.0,"enemies":"Small Slimes","floor":2.0,"turns":1.0},{"damage":0.0,"enemies":"Jaw Worm","floor":3.0,"turns":1.0},{"damage":6.0,"enemies":"Exordium Thugs","floor":4.0,"turns":3.0},{"damage":38.0,"enemies":"Lagavulin","floor":6.0,"turns":8.0},{"damage":13.0,"enemies":"Red Slaver","floor":7.0,"turns":2.0},{"damage":14.0,"enemies":"Gremlin Nob","floor":8.0,"turns":3.0},{"damage":2.0,"enemies":"Blue Slaver","floor":10.0,"turns":4.0},{"damage":13.0,"enemies":"Lagavulin","floor":12.0,"turns":6.0},{"damage":10.0,"enemies":"Hexaghost","floor":16.0,"turns":9.0},{"damage":6.0,"enemies":"3 Byrds","floor":18.0,"turns":6.0},{"damage":0.0,"enemies":"Chosen","floor":21.0,"turns":5.0},{"damage":21.0,"enemies":"Book of Stabbing","floor":23.0,"turns":6.0},{"damage":19.0,"enemies":"Centurion and Healer","floor":24.0,"turns":7.0},{"damage":3.0,"enemies":"Gremlin Leader","floor":27.0,"turns":6.0},{"damage":19.0,"enemies":"Chosen and Byrds","floor":28.0,"turns":4.0},{"damage":14.0,"enemies":"Slavers","floor":30.0,"turns":2.0},{"damage":21.0,"enemies":"Collector","floor":33.0,"turns":10.0},{"damage":23.0,"enemies":"Orb Walker","floor":35.0,"turns":4.0},{"damage":0.0,"enemies":"3 Darklings","floor":37.0,"turns":1.0},{"damage":0.0,"enemies":"Reptomancer","floor":40.0,"turns":5.0},{"damage":0.0,"enemies":"Giant Head","floor":42.0,"turns":6.0},{"damage":28,"enemies":"Nemesis","floor":46,"turns":13},{"damage":0,"enemies":"Jaw Worm Horde","floor":48,"turns":1},{"damage":0,"enemies":"Awakened One","floor":50,"turns":7},{"damage":6,"enemies":"Shield and Spear","floor":54,"turns":5},{"damage":3,"enemies":"The Heart","floor":55,"turns":9}],"seed_played":"-7998459790292678985","potions_obtained":[{"floor":2.0,"key":"Block Potion"},{"floor":3.0,"key":"AttackPotion"},{"floor":8.0,"key":"Regen Potion"},{"floor":21.0,"key":"Weak Potion"},{"floor":27.0,"key":"BloodPotion"},{"floor":31.0,"key":"AttackPotion"},{"floor":31.0,"key":"Ancient Potion"},{"floor":33.0,"key":"BloodPotion"},{"floor":54,"key":"Ancient Potion"}],"is_trial":false,"path_per_floor":["M","M","M","M","?","E","M","E","T","M","R","E","R","?","R","B",null,"M","$","?","M","?","E","M","R","T","E","M","R","E","?","R","B",null,"M","$","M","?","?","E","R","E","T","?","R","E","$","M","R","B",null,"R","$","E","B",null],"character_chosen":"IRONCLAD","items_purchased":["Inflame","ClockworkSouvenir","Pen Nib","Dropkick","GamblersBrew"],"campfire_rested":3,"item_purchase_floors":[19,19,36,36,53],"current_hp_per_floor":[80,80,80,80,80,48,41,33,33,37,37,30,30,14,14,10,80,80,80,80,80,80,65,67,67,67,70,65,65,57,57,57,42,80,63,63,69,69,69,69,69,69,69,69,69,41,41,41,41,41,41,41,41,35,32],"gold":74,"neow_bonus":"THREE_ENEMY_KILL","is_prod":false,"is_daily":false,"chose_seed":false,"campfire_upgraded":6,"win_rate":0,"timestamp":1548382417,"path_taken":["M","?","M","M","?","E","M","E","T","M","R","E","R","?","R","BOSS","M","$","?","?","?","E","M","R","T","E","M","R","E","?","R","BOSS","M","$","M","?","?","E","R","E","T","?","R","E","$","M","R","BOSS","R","$","E","BOSS"],"build_version":"2019-01-23","purchased_purges":3,"victory":true,"max_hp_per_floor":[80,80,80,80,80,80,80,80,80,80,80,80,80,80,80,80,80,80,80,80,80,80,80,80,80,80,80,80,80,80,80,80,80,80,80,80,80,80,80,80,80,80,80,80,80,80,80,80,80,80,80,80,80,80,80],"card_choices":[{"not_picked":["Wild Strike","Thunderclap"],"picked":"Clash","floor":1.0},{"not_picked":["Pummel","Body Slam"],"picked":"Pommel Strike","floor":2.0},{"not_picked":["Headbutt","Twin Strike"],"picked":"Power Through","floor":3.0},{"not_picked":["Bloodletting","Heavy Blade","Carnage"],"picked":"SKIP","floor":4.0},{"not_picked":["Bloodletting","Heavy Blade"],"picked":"Carnage","floor":4.0},{"not_picked":["Havoc","Infernal Blade","Bloodletting"],"picked":"SKIP","floor":6.0},{"not_picked":["Armaments","Iron Wave"],"picked":"Shockwave","floor":7.0},{"not_picked":["Seeing Red","Clash","Flex"],"picked":"SKIP","floor":8.0},{"not_picked":["Clash","Rupture"],"picked":"Whirlwind","floor":10.0},{"not_picked":["Power Through","Twin Strike","Reaper"],"picked":"SKIP","floor":12.0},{"not_picked":["Reaper","Berserk"],"picked":"Double Tap","floor":16.0},{"not_picked":["Cleave","Warcry"],"picked":"Headbutt+1","floor":18.0},{"not_picked":["Clothesline","Combust","Shockwave"],"picked":"SKIP","floor":21.0},{"not_picked":["Blood for Blood+1","Heavy Blade"],"picked":"Limit Break","floor":23.0},{"not_picked":["Hemokinesis","Clothesline","Warcry"],"picked":"SKIP","floor":24.0},{"not_picked":["Feed","Fiend Fire"],"picked":"Barricade","floor":27.0},{"not_picked":["Clash","Ghostly Armor"],"picked":"Armaments+1","floor":28.0},{"not_picked":["Clothesline","Seeing Red"],"picked":"Berserk","floor":30.0},{"not_picked":["Double Tap","Feed"],"picked":"Impervious","floor":33.0},{"not_picked":["Iron Wave","Rupture","Clash+1"],"picked":"SKIP","floor":35.0},{"not_picked":["Fiend Fire","Fire Breathing+1"],"picked":"Entrench","floor":37.0},{"not_picked":["Warcry","Brutality","Rupture+1"],"picked":"SKIP","floor":40.0},{"not_picked":["Cleave+1","Body Slam","Barricade"],"picked":"SKIP","floor":42.0},{"not_picked":["Reaper","Immolate","Shrug It Off"],"picked":"SKIP","floor":46},{"not_picked":["Cleave","Infernal Blade+1","Bloodletting+1"],"picked":"SKIP","floor":48},{"not_picked":["Warcry","Pommel Strike","Shockwave+1"],"picked":"SKIP","floor":54}],"player_experience":2591309,"relics_obtained":[{"floor":6.0,"key":"Bag of Marbles"},{"floor":8.0,"key":"Regal Pillow"},{"floor":9.0,"key":"Centennial Puzzle"},{"floor":12.0,"key":"Shuriken"},{"floor":23.0,"key":"Red Skull"},{"floor":26.0,"key":"Bottled Flame"},{"floor":27.0,"key":"Smiling Mask"},{"floor":30.0,"key":"Mercury Hourglass"},{"floor":40.0,"key":"Anchor"},{"floor":42.0,"key":"Unceasing Top"},{"floor":46,"key":"Gremlin Horn"},{"floor":54,"key":"Letter Opener"}],"event_choices":[{"damage_healed":0.0,"max_hp_gain":0.0,"max_hp_loss":0.0,"gold_gain":0.0,"event_name":"Living Wall","player_choice":"Grow","floor":5.0,"gold_loss":0.0,"damage_taken":0.0,"cards_upgraded":["Carnage"]},{"damage_healed":0.0,"max_hp_gain":0.0,"max_hp_loss":0.0,"gold_gain":0.0,"event_name":"Shining Light","player_choice":"Entered Light","floor":14.0,"gold_loss":0.0,"damage_taken":16.0,"cards_upgraded":["Defend_R","Clash"]},{"damage_healed":0.0,"max_hp_gain":0.0,"max_hp_loss":0.0,"gold_gain":0.0,"event_name":"N\u0027loth","player_choice":"Traded Relic","floor":20.0,"relics_lost":["Regal Pillow"],"gold_loss":0.0,"damage_taken":0.0,"relics_obtained":["Nloth\u0027s Gift"]},{"damage_healed":0.0,"max_hp_gain":0.0,"max_hp_loss":0.0,"gold_gain":0.0,"event_name":"Vampires","player_choice":"Ignored","floor":22.0,"gold_loss":0.0,"damage_taken":0.0},{"damage_healed":0.0,"max_hp_gain":0.0,"max_hp_loss":0.0,"gold_gain":0.0,"event_name":"The Woman in Blue","player_choice":"Bought 2 Potions","floor":31.0,"gold_loss":0.0,"damage_taken":0.0},{"cards_removed":["Dropkick"],"damage_healed":0.0,"max_hp_gain":0.0,"max_hp_loss":0.0,"gold_gain":0.0,"event_name":"Falling","player_choice":"Removed Attack","floor":38.0,"gold_loss":0.0,"damage_taken":0.0},{"damage_healed":0.0,"max_hp_gain":0.0,"max_hp_loss":0.0,"gold_gain":0.0,"event_name":"MindBloom","player_choice":"Upgrade","floor":39.0,"gold_loss":0.0,"damage_taken":0.0,"cards_upgraded":["Bash","Power Through","Double Tap","Fire Breathing","Flame Barrier","Power Through","Double Tap","Intimidate","Inflame","Limit Break","Barricade","Berserk","Impervious","Entrench"],"relics_obtained":["Mark of the Bloom"]},{"damage_healed":0.0,"max_hp_gain":0.0,"max_hp_loss":0.0,"gold_gain":0.0,"event_name":"Tomb of Lord Red Mask","player_choice":"Ignored","floor":44.0,"gold_loss":0.0,"damage_taken":0.0}],"is_beta":false,"boss_relics":[{"not_picked":["Coffee Dripper","Empty Cage"],"picked":"Pandora\u0027s Box"},{"not_picked":["Black Blood","Orrery"],"picked":"Velvet Choker"}],"items_purged_floors":[19,36,47],"is_endless":false,"potions_floor_spawned":[2,3,8,12,21,27,33,35,42,54],"ascension_level":1}