{"gold_per_floor":[111,36,36,36,36,36,69,79,102,102,119,137,137,162,162,236,236,254,277,277,287,39,39,72,89,89,105,119,150,200,225,225,296,296,312,332,24,77,77,77,91,108,189,223,154,181,27,40,40,40,40,40,4,36,36],"floor_reached":56,"playtime":2727,"items_purged":["Strike_G","Strike_G","Strike_G","Unload+1","Skewer+1"],"score":2515,"play_id":"1361c2b2-01f6-45cb-948c-f34713e372f8","local_time":"20190406215525","is_ascension_mode":true,"campfire_choices":[{"data":"Skewer","floor":6.0,"key":"SMITH"},{"floor":10.0,"key":"REST"},{"data":"Neutralize","floor":13.0,"key":"SMITH"},{"data":"Unload","floor":15.0,"key":"SMITH"},{"data":"Survivor","floor":23.0,"key":"SMITH"},{"floor":32.0,"key":"RECALL"},{"data":"1","floor":40.0,"key":"LIFT"},{"data":"2","floor":49.0,"key":"LIFT"},{"data":"3","floor":52.0,"key":"LIFT"}],"neow_cost":"NONE","seed_source_timestamp":0,"circlet_count":0,"master_deck":["AscendersBane","Defend_G","Defend_G","Defend_G","Defend_G","Defend_G","Survivor+1","Neutralize+1","Tactician+1","Prepared+1","Acrobatics+1","Adrenaline+1","Terror+1","Reflex+1","Escape Plan+1","Night Terror+1","Flechettes+1","Buffer","Master of Strategy+1","Impatience+1","Footwork"],"special_seed":0,"relics":["Ring of the Snake","Pen Nib","Toxic Egg 2","Gambling Chip","Snake Skull","Lantern","Runic Dome","Bronze Scales","Membership Card","Bag of Preparation","Mummified Hand","Smiling Mask","PreservedInsect","Fusion Hammer","Tingsha","PrismaticShard","Girya","Whetstone","Nunchaku","TheAbacus","Blue Candle"],"potions_floor_usage":[55,55],"damage_taken":[{"damage":7.0,"enemies":"2 Louse","floor":1.0,"turns":4.0},{"damage":7.0,"enemies":"3 Sentries","floor":7.0,"turns":8.0},{"damage":0.0,"enemies":"Jaw Worm","floor":8.0,"turns":1.0},{"damage":0.0,"enemies":"Small Slimes","floor":11.0,"turns":1.0},{"damage":0.0,"enemies":"Red Slaver","floor":12.0,"turns":2.0},{"damage":0.0,"enemies":"Gremlin Nob","floor":14.0,"turns":2.0},{"damage":27.0,"enemies":"Hexaghost","floor":16.0,"turns":14.0},{"damage":0.0,"enemies":"Shell Parasite","floor":18.0,"turns":1.0},{"damage":0.0,"enemies":"Chosen","floor":21.0,"turns":2.0},{"damage":0.0,"enemies":"Gremlin Leader","floor":24.0,"turns":1.0},{"damage":0.0,"enemies":"Sentry and Sphere","floor":25.0,"turns":3.0},{"damage":0.0,"enemies":"Snecko","floor":27.0,"turns":1.0},{"damage":0.0,"enemies":"Cultist and Chosen","floor":28.0,"turns":1.0},{"damage":13.0,"enemies":"Slavers","floor":29.0,"turns":3.0},{"damage":0.0,"enemies":"Book of Stabbing","floor":31.0,"turns":2.0},{"damage":1.0,"enemies":"Champ","floor":33.0,"turns":6.0},{"damage":0.0,"enemies":"3 Darklings","floor":35.0,"turns":3.0},{"damage":0.0,"enemies":"3 Shapes","floor":36.0,"turns":5.0},{"damage":0.0,"enemies":"2 Orb Walkers","floor":38.0,"turns":1.0},{"damage":0.0,"enemies":"Jaw Worm Horde","floor":41.0,"turns":2.0},{"damage":0.0,"enemies":"Maw","floor":42.0,"turns":2.0},{"damage":0.0,"enemies":"Reptomancer","floor":44.0,"turns":1.0},{"damage":0.0,"enemies":"Nemesis","floor":46.0,"turns":1.0},{"damage":0.0,"enemies":"4 Shapes","floor":48.0,"turns":1.0},{"damage":0.0,"enemies":"Time Eater","floor":50.0,"turns":4.0},{"damage":0.0,"enemies":"Shield and Spear","floor":54.0,"turns":1.0},{"damage":1,"enemies":"The Heart","floor":55,"turns":6}],"seed_played":"8862032108907936499","potions_obtained":[{"floor":7.0,"key":"Dexterity Potion"},{"floor":8.0,"key":"Explosive Potion"},{"floor":16.0,"key":"FairyPotion"},{"floor":18.0,"key":"Strength Potion"},{"floor":33.0,"key":"Regen Potion"},{"floor":35.0,"key":"Poison Potion"},{"floor":41.0,"key":"Swift Potion"},{"floor":46.0,"key":"Fruit Juice"},{"floor":48.0,"key":"EssenceOfSteel"},{"floor":54.0,"key":"GhostInAJar"}],"is_trial":false,"path_per_floor":["M","$","?","?","?","R","E","M","T","R","M","M","R","E","R","B",null,"M","T","?","M","$","R","E","M","T","M","M","E","?","E","R","B",null,"M","M","$","?","?","R","M","M","T","E","$","E","$","M","R","B",null,"R","$","E","B",null],"character_chosen":"THE_SILENT","items_purchased":["Membership Card","Tingsha","PrismaticShard","Footwork","TheAbacus","GhostInAJar"],"campfire_rested":1,"item_purchase_floors":[22,37,37,45,47,53],"current_hp_per_floor":[52,52,45,34,34,34,27,27,27,46,46,46,46,46,46,19,54,54,54,54,54,54,54,54,54,54,54,54,41,41,41,41,40,60,60,60,60,60,50,50,50,50,50,50,50,55,55,55,55,55,67,67,67,67,66],"gold":36,"neow_bonus":"RANDOM_COMMON_RELIC","is_prod":false,"is_daily":false,"chose_seed":true,"campfire_upgraded":4,"win_rate":0,"timestamp":1554558925,"path_taken":["M","$","?","?","?","R","E","M","T","R","M","M","R","E","R","BOSS","M","?","?","M","$","R","E","M","T","M","?","E","?","E","R","BOSS","M","M","$","?","?","R","?","M","T","E","$","E","$","M","R","BOSS","R","$","E","BOSS"],"build_version":"2019-01-23","purchased_purges":5,"victory":true,"max_hp_per_floor":[66,66,66,66,66,66,66,66,66,66,66,66,66,66,66,66,66,66,66,66,66,66,66,66,66,66,66,66,66,66,66,66,66,66,66,66,66,66,66,66,66,66,66,66,66,71,71,71,71,71,71,71,71,71,71],"card_choices":[{"not_picked":["Flying Knee","Reflex"],"picked":"Skewer","floor":1.0},{"not_picked":["Prepared+1","All Out Attack"],"picked":"Tactician+1","floor":7.0},{"not_picked":["Eviscerate","Escape Plan+1"],"picked":"Prepared+1","floor":8.0},{"not_picked":["Accuracy","Choke","Quick Slash"],"picked":"SKIP","floor":11.0},{"not_picked":["Quick Slash","Dagger Throw"],"picked":"Acrobatics+1","floor":12.0},{"not_picked":["Underhanded Strike","Slice","Quick Slash"],"picked":"SKIP","floor":14.0},{"not_picked":["Underhanded Strike","Slice","Quick Slash"],"picked":"SKIP","floor":14.0},{"not_picked":["Venomology+1","Malaise+1"],"picked":"Adrenaline+1","floor":16.0},{"not_picked":["Underhanded Strike","Poisoned Stab","Dagger Throw"],"picked":"SKIP","floor":18.0},{"not_picked":["Underhanded Strike","Poisoned Stab","Dagger Throw"],"picked":"SKIP","floor":18.0},{"not_picked":["Caltrops","Outmaneuver+1","Bane"],"picked":"SKIP","floor":21.0},{"not_picked":["Caltrops","Outmaneuver+1","Bane"],"picked":"SKIP","floor":21.0},{"not_picked":["Envenom","Outmaneuver+1"],"picked":"Terror+1","floor":24.0},{"not_picked":["Expertise+1","Dagger Spray"],"picked":"Reflex+1","floor":25.0},{"not_picked":["Cloak And Dagger+1","Outmaneuver+1","Backstab"],"picked":"SKIP","floor":27.0},{"not_picked":["Riddle With Holes+1","Deflect+1","Terror+1"],"picked":"SKIP","floor":28.0},{"not_picked":["Finisher+1","Adrenaline+1","Flying Knee"],"picked":"SKIP","floor":29.0},{"not_picked":["Dagger Spray","Cloak And Dagger+1"],"picked":"Escape Plan+1","floor":31.0},{"not_picked":["Burst+1","Wraith Form v2"],"picked":"Night Terror+1","floor":33.0},{"not_picked":["Underhanded Strike","Bane+1","Cloak And Dagger+1"],"picked":"SKIP","floor":35.0},{"not_picked":["Dagger Throw","Blade Dance+1","Flechettes"],"picked":"SKIP","floor":36.0},{"not_picked":["Dagger Throw","Blade Dance+1"],"picked":"Flechettes","floor":36.0},{"not_picked":["Thunderclap+1","Flying Knee"],"picked":"Buffer","floor":38.0},{"not_picked":["Swift Strike","Transmutation+1"],"picked":"Master of Strategy+1","floor":39.0},{"not_picked":["Violence+1","Finesse+1"],"picked":"Impatience+1","floor":39.0},{"not_picked":["Twin Strike","Go for the Eyes","Conserve Battery+1"],"picked":"SKIP","floor":41.0},{"not_picked":["Intimidate+1","Conserve Battery+1","Quick Slash+1"],"picked":"SKIP","floor":42.0},{"not_picked":["Sweeping Beam+1","Dagger Spray+1","Quick Slash"],"picked":"SKIP","floor":44.0},{"not_picked":["Anger+1","HandOfGreed","Eviscerate"],"picked":"SKIP","floor":46.0},{"not_picked":["Anger+1","HandOfGreed","Eviscerate"],"picked":"SKIP","floor":46.0},{"not_picked":["Anger+1","HandOfGreed","Eviscerate"],"picked":"SKIP","floor":46.0},{"not_picked":["Setup+1","Hello World","Coolheaded+1"],"picked":"SKIP","floor":48.0},{"not_picked":["Reflex+1","Chill+1","Beam Cell+1"],"picked":"SKIP","floor":54.0}],"player_experience":2947303,"relics_obtained":[{"floor":7.0,"key":"Gambling Chip"},{"floor":9.0,"key":"Snake Skull"},{"floor":14.0,"key":"Lantern"},{"floor":19.0,"key":"Bronze Scales"},{"floor":24.0,"key":"Bag of Preparation"},{"floor":26.0,"key":"Mummified Hand"},{"floor":29.0,"key":"Smiling Mask"},{"floor":31.0,"key":"PreservedInsect"},{"floor":38.0,"key":"Girya"},{"floor":44.0,"key":"Whetstone"},{"floor":46.0,"key":"Nunchaku"},{"floor":54.0,"key":"Blue Candle"}],"event_choices":[{"cards_removed":["Strike_G"],"damage_healed":0.0,"max_hp_gain":0.0,"max_hp_loss":0.0,"gold_gain":0.0,"event_name":"Golden Wing","player_choice":"Card Removal","floor":3.0,"gold_loss":0.0,"damage_taken":7.0},{"damage_healed":0.0,"max_hp_gain":0.0,"max_hp_loss":0.0,"gold_gain":0.0,"event_name":"Scrap Ooze","player_choice":"Success","floor":4.0,"gold_loss":0.0,"damage_taken":11.0,"relics_obtained":["Toxic Egg 2"]},{"damage_healed":0.0,"max_hp_gain":0.0,"max_hp_loss":0.0,"gold_gain":0.0,"event_name":"Match and Keep!","player_choice":"1 cards matched","floor":5.0,"gold_loss":0.0,"damage_taken":0.0,"cards_obtained":["Unload"]},{"cards_removed":["Strike_G"],"damage_healed":0.0,"max_hp_gain":0.0,"max_hp_loss":0.0,"gold_gain":0.0,"event_name":"Purifier","player_choice":"Purged","floor":20.0,"gold_loss":0.0,"damage_taken":0.0},{"damage_healed":0.0,"max_hp_gain":0.0,"max_hp_loss":0.0,"gold_gain":50.0,"event_name":"Nest","player_choice":"Stole From Cult","floor":30.0,"gold_loss":0.0,"damage_taken":0.0},{"damage_healed":0.0,"max_hp_gain":0.0,"max_hp_loss":0.0,"gold_gain":0.0,"event_name":"Mysterious Sphere","player_choice":"Fight","floor":38.0,"gold_loss":0.0,"damage_taken":0.0},{"damage_healed":0.0,"max_hp_gain":0.0,"max_hp_loss":0.0,"gold_gain":0.0,"event_name":"SensoryStone","player_choice":"Memory 3","floor":39.0,"gold_loss":0.0,"damage_taken":10.0}],"is_beta":false,"boss_relics":[{"not_picked":["Calling Bell","Philosopher\u0027s Stone"],"picked":"Runic Dome"},{"not_picked":["Tiny House","Velvet Choker"],"picked":"Fusion Hammer"}],"items_purged_floors":[2,22,37,45,47],"is_endless":false,"potions_floor_spawned":[7,8,11,16,18,24,25,33,35,41,46,48,54],"ascension_level":15}