{"gold_per_floor":[18,18,18,37,61,61,76,76,76,76,95,95,128,141,141,230,230,246,260,1,22,22,22,22,37,37,112,128,128,128,167,167,263,263,278,203,203,219,243,243,274,297,297,20,53,76,99,130,130,130,130,130,130,50,84,84],"floor_reached":57,"playtime":3449,"items_purged":["Strike_B","Strike_B"],"score":3328,"play_id":"aaccfa98-d8c9-44ca-9ccf-592af59b612f","local_time":"20190408012539","is_ascension_mode":true,"campfire_choices":[{"data":"Zap","floor":6.0,"key":"SMITH"},{"data":"Barrage","floor":8.0,"key":"SMITH"},{"data":"Conserve Battery","floor":10.0,"key":"SMITH"},{"data":"Dualcast","floor":12.0,"key":"SMITH"},{"data":"Skim","floor":15.0,"key":"SMITH"},{"data":"Recycle","floor":23.0,"key":"SMITH"},{"data":"Fission","floor":29.0,"key":"SMITH"},{"data":"Defragment","floor":32.0,"key":"SMITH"},{"data":"Meteor Strike","floor":40.0,"key":"SMITH"},{"floor":49.0,"key":"RECALL"},{"data":"Glacier","floor":53,"key":"SMITH"}],"neow_cost":"NO_GOLD","seed_source_timestamp":46412798669300,"circlet_count":0,"master_deck":["AscendersBane","Defend_B","Defend_B","Zap+1","Dualcast+1","Conserve Battery+1","Glacier+1","FTL","Barrage+1","Skim+1","Fission+1","Coolheaded+1","Meteor Strike+1","Self Repair","Recycle+1","Defragment+1","Skim+1","Reboot+1","Turbo+1","Consume+1","Hologram+1"],"special_seed":0,"relics":["Cracked Core","Golden Idol","Singing Bowl","Bird Faced Urn","Sozu","Toxic Egg 2","Bottled Tornado","Lantern","Runic Pyramid","Pocketwatch","Sundial","The Courier","Potion Belt","Vajra"],"potions_floor_usage":[56],"damage_taken":[{"damage":10.0,"enemies":"Small Slimes","floor":1.0,"turns":4.0},{"damage":7.0,"enemies":"Jaw Worm","floor":4.0,"turns":3.0},{"damage":3.0,"enemies":"2 Louse","floor":5.0,"turns":4.0},{"damage":0.0,"enemies":"Blue Slaver","floor":7.0,"turns":4.0},{"damage":3.0,"enemies":"Large Slime","floor":11.0,"turns":5.0},{"damage":7.0,"enemies":"3 Sentries","floor":13.0,"turns":7.0},{"damage":0.0,"enemies":"Exordium Thugs","floor":14.0,"turns":3.0},{"damage":0.0,"enemies":"The Guardian","floor":16.0,"turns":12.0},{"damage":6.0,"enemies":"Shell Parasite","floor":18.0,"turns":5.0},{"damage":13.0,"enemies":"Chosen","floor":19.0,"turns":7.0},{"damage":5.0,"enemies":"Snecko","floor":21.0,"turns":5.0},{"damage":21.0,"enemies":"Snake Plant","floor":25.0,"turns":4.0},{"damage":8.0,"enemies":"3 Cultists","floor":28.0,"turns":7.0},{"damage":27.0,"enemies":"Gremlin Leader","floor":31.0,"turns":6.0},{"damage":0.0,"enemies":"Automaton","floor":33.0,"turns":5.0},{"damage":2.0,"enemies":"3 Shapes","floor":35.0,"turns":3.0},{"damage":0.0,"enemies":"Orb Walker","floor":38.0,"turns":2.0},{"damage":0.0,"enemies":"Spire Growth","floor":39.0,"turns":2.0},{"damage":0.0,"enemies":"Reptomancer","floor":41.0,"turns":3.0},{"damage":0.0,"enemies":"3 Darklings","floor":42.0,"turns":3.0},{"damage":0.0,"enemies":"Nemesis","floor":45.0,"turns":7.0},{"damage":0.0,"enemies":"Transient","floor":46.0,"turns":6.0},{"damage":7.0,"enemies":"Writhing Mass","floor":47.0,"turns":3.0},{"damage":0.0,"enemies":"Giant Head","floor":48.0,"turns":4.0},{"damage":17.0,"enemies":"Awakened One","floor":50.0,"turns":4.0},{"damage":0,"enemies":"Time Eater","floor":51,"turns":7},{"damage":0,"enemies":"Shield and Spear","floor":55,"turns":2},{"damage":0,"enemies":"The Heart","floor":56,"turns":6}],"seed_played":"-8731144213958078761","potions_obtained":[{"floor":4.0,"key":"FearPotion"},{"floor":7.0,"key":"Fruit Juice"},{"floor":13.0,"key":"Regen Potion"},{"floor":16.0,"key":"Swift Potion"}],"is_trial":false,"path_per_floor":["M","?","?","M","M","R","M","R","T","R","M","R","E","M","R","B",null,"M","M","$","M","?","R","?","M","T","T","M","R","?","E","R","B",null,"M","$","?","M","M","R","E","M","T","$","E","M","M","E","R","B","B",null,"R","$","E","B",null],"character_chosen":"DEFECT","items_purchased":["Meteor Strike","Self Repair","Sundial"],"campfire_rested":0,"item_purchase_floors":[20,20,44],"current_hp_per_floor":[54,47,47,40,37,37,42,42,42,42,41,41,36,36,36,36,64,74,61,61,67,67,67,67,55,55,55,60,60,79,59,59,70,77,81,81,81,83,83,83,85,85,85,85,87,89,91,91,91,83,91,91,91,91,93,93],"gold":84,"neow_bonus":"REMOVE_TWO","is_prod":false,"is_daily":false,"chose_seed":false,"campfire_upgraded":10,"win_rate":0,"timestamp":1554657939,"path_taken":["M","?","?","M","M","R","M","R","T","R","M","R","E","M","R","BOSS","M","M","$","M","?","R","?","M","T","?","M","R","?","E","R","BOSS","M","$","?","M","M","R","E","M","T","$","E","M","?","E","R","BOSS","BOSS","R","$","E","BOSS"],"build_version":"2019-04-04","purchased_purges":2,"victory":true,"max_hp_per_floor":[71,71,64,64,64,64,69,69,69,69,71,71,73,73,73,73,73,75,75,75,77,77,77,77,77,77,77,79,79,79,79,79,79,79,81,81,81,83,83,83,85,85,85,85,87,89,91,91,91,91,91,91,91,91,93,93],"card_choices":[{"not_picked":["Compile Driver","Steam"],"picked":"Conserve Battery","floor":1.0},{"not_picked":["Go for the Eyes","BootSequence"],"picked":"Glacier","floor":4.0},{"not_picked":["Leap","Go for the Eyes"],"picked":"FTL","floor":5.0},{"not_picked":["Rebound","Hello World"],"picked":"Barrage","floor":7.0},{"not_picked":["Sunder","Steam Power","Force Field"],"picked":"Singing Bowl","floor":11.0},{"not_picked":["All For One","Auto Shields","Rainbow"],"picked":"Singing Bowl","floor":13.0},{"not_picked":["Redo","Sweeping Beam"],"picked":"Skim","floor":14.0},{"not_picked":["Hyperbeam","Seek"],"picked":"Fission","floor":16.0},{"not_picked":["Redo","Auto Shields","Sweeping Beam"],"picked":"Singing Bowl","floor":18.0},{"not_picked":["Darkness","Streamline"],"picked":"Coolheaded+1","floor":19.0},{"not_picked":["Gash","Lockon+1","Coolheaded"],"picked":"Singing Bowl","floor":21.0},{"not_picked":["Steam+1","Redo"],"picked":"Defragment","floor":25.0},{"not_picked":["Barrage","Redo+1","Steam+1"],"picked":"Singing Bowl","floor":28.0},{"not_picked":["Double Energy+1","Melter"],"picked":"Skim+1","floor":31.0},{"not_picked":["Thunder Strike","Fission+1"],"picked":"Reboot+1","floor":33.0},{"not_picked":["Rip and Tear","Barrage","Gash"],"picked":"Singing Bowl","floor":35.0},{"not_picked":["Conserve Battery+1","Ball Lightning","Rebound+1"],"picked":"Singing Bowl","floor":38.0},{"not_picked":["FTL","Leap+1"],"picked":"Turbo+1","floor":39.0},{"not_picked":["Conserve Battery+1","Steam+1","Redo+1"],"picked":"Singing Bowl","floor":41.0},{"not_picked":["Double Energy+1","Buffer"],"picked":"Consume+1","floor":42.0},{"not_picked":["Static Discharge+1","Tempest+1","Compile Driver"],"picked":"Singing Bowl","floor":45.0},{"not_picked":["Conserve Battery+1","BootSequence+1","Self Repair"],"picked":"Singing Bowl","floor":46.0},{"not_picked":["Sweeping Beam+1","Turbo+1","Conserve Battery+1"],"picked":"Singing Bowl","floor":47.0},{"not_picked":["Conserve Battery+1","Go for the Eyes+1"],"picked":"Hologram+1","floor":48.0},{"not_picked":["Steam+1","Rip and Tear+1","Gash+1"],"picked":"Singing Bowl","floor":55}],"player_experience":1356125,"relics_obtained":[{"floor":9.0,"key":"Singing Bowl"},{"floor":13.0,"key":"Bird Faced Urn"},{"floor":26.0,"key":"Toxic Egg 2"},{"floor":27.0,"key":"Bottled Tornado"},{"floor":31.0,"key":"Lantern"},{"floor":41.0,"key":"Pocketwatch"},{"floor":45.0,"key":"The Courier"},{"floor":48.0,"key":"Potion Belt"},{"floor":55,"key":"Vajra"}],"event_choices":[{"cards_removed":["Defend_B"],"damage_healed":0.0,"max_hp_gain":0.0,"max_hp_loss":0.0,"gold_gain":0.0,"event_name":"Golden Wing","player_choice":"Card Removal","floor":2.0,"gold_loss":0.0,"damage_taken":7.0},{"damage_healed":0.0,"max_hp_gain":0.0,"max_hp_loss":7.0,"gold_gain":0.0,"event_name":"Golden Idol","player_choice":"Lose Max HP","floor":3.0,"gold_loss":0.0,"damage_taken":0.0,"relics_obtained":["Golden Idol"]},{"damage_healed":0.0,"max_hp_gain":0.0,"max_hp_loss":0.0,"gold_gain":0.0,"event_name":"The Library","player_choice":"Read","floor":22.0,"gold_loss":0.0,"damage_taken":0.0,"cards_obtained":["Recycle"]},{"damage_healed":0.0,"max_hp_gain":0.0,"max_hp_loss":0.0,"gold_gain":0.0,"event_name":"Vampires","player_choice":"Ignored","floor":24.0,"gold_loss":0.0,"damage_taken":0.0},{"damage_healed":19.0,"max_hp_gain":0.0,"max_hp_loss":0.0,"gold_gain":0.0,"event_name":"Wheel of Change","player_choice":"Full Heal","floor":30.0,"gold_loss":0.0,"damage_taken":0.0},{"cards_removed":["Defend_B"],"damage_healed":0.0,"max_hp_gain":0.0,"max_hp_loss":0.0,"gold_gain":0.0,"event_name":"Bonfire Elementals","player_choice":"Offered Basic","floor":37.0,"gold_loss":0.0,"damage_taken":0.0}],"is_beta":true,"boss_relics":[{"not_picked":["Tiny House","Pandora\u0027s Box"],"picked":"Sozu"},{"not_picked":["Coffee Dripper","Calling Bell"],"picked":"Runic Pyramid"}],"items_purged_floors":[36,54],"is_endless":false,"potions_floor_spawned":[4,7,13,16,19,25,45,46,47,48,55],"ascension_level":20}