{"gold_per_floor":[113,128,128,128,128,157,3,28,28,47,47,76,90,15,15,92,92,110,126,140,140,140,166,166,201,201,201,215,233,213,223,223,302,302,314,333,233,250,267,267,267],"floor_reached":41,"playtime":1230,"items_purged":["Strike_R","Strike_R"],"score":889,"play_id":"2585914e-5475-4348-8c3a-e0bef1294404","local_time":"25611217171357","is_ascension_mode":true,"campfire_choices":[{"data":"Immolate","floor":11,"key":"SMITH"},{"floor":15,"key":"REST"},{"floor":24,"key":"REST"},{"data":"Iron Wave","floor":27,"key":"SMITH"},{"floor":32,"key":"REST"},{"floor":40,"key":"REST"}],"neow_cost":"NONE","seed_source_timestamp":16985590891276,"circlet_count":0,"master_deck":["AscendersBane","Strike_R","Strike_R+1","Strike_R","Defend_R+1","Defend_R","Defend_R","Defend_R","Bash","Flex+1","Ghostly Armor","Cleave","Immolate+1","Shrug It Off+1","Armaments+1","Shockwave+1","Iron Wave+1","Offering+1","Warcry+1","Shrug It Off+1","Sentinel+1","Necronomicurse","Flame Barrier+1","True Grit+1","Seeing Red+1","Battle Trance+1","Double Tap+1","Power Through+1","Burning Pact+1","Uppercut"],"relics":["Burning Blood","NeowsBlessing","Bronze Scales","Art of War","Odd Mushroom","Toxic Egg 2","Lantern","Philosopher\u0027s Stone","Necronomicon","War Paint","Bag of Preparation","Sundial","Mark of Pain"],"potions_floor_usage":[16,18,23,38,41],"damage_taken":[{"damage":0,"enemies":"Cultist","floor":1,"turns":1},{"damage":0,"enemies":"Small Slimes","floor":2,"turns":1},{"damage":0,"enemies":"3 Sentries","floor":6,"turns":1},{"damage":9,"enemies":"The Mushroom Lair","floor":8,"turns":3},{"damage":0,"enemies":"Jaw Worm","floor":10,"turns":3},{"damage":6,"enemies":"Gremlin Nob","floor":12,"turns":3},{"damage":17,"enemies":"Exordium Thugs","floor":13,"turns":4},{"damage":15,"enemies":"The Guardian","floor":16,"turns":9},{"damage":13,"enemies":"2 Thieves","floor":18,"turns":2},{"damage":6,"enemies":"Chosen","floor":19,"turns":3},{"damage":8,"enemies":"Shelled Parasite and Fungi","floor":20,"turns":3},{"damage":29,"enemies":"Book of Stabbing","floor":23,"turns":5},{"damage":1,"enemies":"Slavers","floor":25,"turns":2},{"damage":6,"enemies":"Centurion and Healer","floor":28,"turns":3},{"damage":6,"enemies":"3 Cultists","floor":29,"turns":2},{"damage":6,"enemies":"Snake Plant","floor":31,"turns":1},{"damage":55,"enemies":"Collector","floor":33,"turns":7},{"damage":11,"enemies":"3 Shapes","floor":35,"turns":3},{"damage":6,"enemies":"Orb Walker","floor":36,"turns":3},{"damage":15,"enemies":"Maw","floor":38,"turns":6},{"damage":14,"enemies":"4 Shapes","floor":39,"turns":4},{"damage":61,"enemies":"Giant Head","floor":41,"turns":8}],"seed_played":"8463174033274089097","potions_obtained":[{"floor":2,"key":"SpeedPotion"},{"floor":10,"key":"FairyPotion"},{"floor":13,"key":"Energy Potion"},{"floor":16,"key":"Explosive Potion"},{"floor":19,"key":"Dexterity Potion"},{"floor":30,"key":"Fire Potion"},{"floor":39,"key":"EssenceOfSteel"}],"is_trial":false,"path_per_floor":["M","M","?","?","?","E","$","?","T","M","R","E","M","$","R","B",null,"M","M","M","?","?","E","R","E","T","R","M","M","?","M","R","B",null,"M","M","$","M","M","R","E"],"character_chosen":"IRONCLAD","items_purchased":["Immolate"],"campfire_rested":4,"item_purchase_floors":[7],"current_hp_per_floor":[74,75,57,34,34,40,40,37,37,43,43,43,32,32,54,45,68,61,61,59,38,38,15,37,42,42,42,42,42,42,42,64,15,60,55,55,55,46,38,60,7],"gold":267,"neow_bonus":"THREE_ENEMY_KILL","is_prod":false,"is_daily":false,"chose_seed":false,"campfire_upgraded":2,"win_rate":0,"timestamp":1545041637,"path_taken":["M","M","?","?","?","E","$","?","T","?","R","E","M","?","R","BOSS","M","M","M","?","?","E","R","E","T","R","M","M","?","M","R","BOSS","M","?","$","M","M","R","E"],"build_version":"2018-12-13","purchased_purges":2,"victory":false,"max_hp_per_floor":[75,75,75,75,75,75,75,75,75,75,75,75,75,75,75,75,75,75,75,75,75,75,75,75,75,75,75,75,75,75,75,75,75,75,75,75,75,75,75,75,75],"card_choices":[{"not_picked":["Wild Strike","Sword Boomerang"],"picked":"Flex","floor":1},{"not_picked":["Infernal Blade","Warcry"],"picked":"Ghostly Armor","floor":2},{"not_picked":["Entrench","Intimidate"],"picked":"Cleave","floor":6},{"not_picked":["Power Through","Blood for Blood"],"picked":"Shrug It Off","floor":8},{"not_picked":["Pommel Strike","Headbutt"],"picked":"Armaments+1","floor":10},{"not_picked":["Fire Breathing","Pommel Strike"],"picked":"Shockwave+1","floor":12},{"not_picked":["Pommel Strike","Flex+1"],"picked":"Iron Wave","floor":13},{"not_picked":["Reaper","Feed"],"picked":"Offering+1","floor":16},{"not_picked":["Feel No Pain+1","Headbutt"],"picked":"Warcry+1","floor":18},{"not_picked":["Thunderclap","Cleave"],"picked":"Shrug It Off+1","floor":19},{"not_picked":["Sever Soul","Sword Boomerang"],"picked":"Sentinel+1","floor":20},{"not_picked":["Havoc+1","Corruption"],"picked":"Flame Barrier+1","floor":23},{"not_picked":["Perfected Strike","Blood for Blood"],"picked":"True Grit+1","floor":25},{"not_picked":["Whirlwind","Wild Strike"],"picked":"Seeing Red+1","floor":28},{"not_picked":["Cleave+1","Seeing Red+1"],"picked":"Battle Trance+1","floor":29},{"not_picked":["Flex+1","Shockwave+1","Thunderclap"],"picked":"SKIP","floor":31},{"not_picked":["Feed","Immolate"],"picked":"Double Tap+1","floor":33},{"not_picked":["Heavy Blade","Feel No Pain"],"picked":"Power Through+1","floor":35},{"not_picked":["Body Slam","Clash+1"],"picked":"Burning Pact+1","floor":36},{"not_picked":["Ghostly Armor+1","Burning Pact+1"],"picked":"Uppercut","floor":38},{"not_picked":["Seeing Red+1","Clash","Fire Breathing"],"picked":"SKIP","floor":39}],"player_experience":215539,"relics_obtained":[{"floor":6,"key":"Art of War"},{"floor":8,"key":"Odd Mushroom"},{"floor":9,"key":"Toxic Egg 2"},{"floor":12,"key":"Lantern"},{"floor":21,"key":"Necronomicon"},{"floor":23,"key":"War Paint"},{"floor":25,"key":"Bag of Preparation"},{"floor":26,"key":"Sundial"}],"event_choices":[{"damage_healed":0,"gold_gain":0,"player_choice":"Success","damage_taken":18,"relics_obtained":["Bronze Scales"],"max_hp_gain":0,"max_hp_loss":0,"event_name":"Scrap Ooze","floor":3,"gold_loss":0},{"damage_healed":0,"gold_gain":0,"player_choice":"Entered Light","damage_taken":23,"max_hp_gain":0,"max_hp_loss":0,"event_name":"Shining Light","floor":4,"gold_loss":0,"cards_upgraded":["Flex","Strike_R"]},{"damage_healed":0,"gold_gain":0,"player_choice":"Ignored","damage_taken":0,"max_hp_gain":0,"max_hp_loss":0,"event_name":"Golden Wing","floor":5,"gold_loss":0},{"damage_healed":0,"gold_gain":0,"player_choice":"Fought Mushrooms","damage_taken":0,"max_hp_gain":0,"max_hp_loss":0,"event_name":"Mushrooms","floor":8,"gold_loss":0},{"damage_healed":0,"gold_gain":0,"player_choice":"Obtained Book","damage_taken":21,"max_hp_gain":0,"max_hp_loss":0,"event_name":"Cursed Tome","floor":21,"gold_loss":0},{"damage_healed":0,"gold_gain":0,"player_choice":"Ignored","damage_taken":0,"max_hp_gain":0,"max_hp_loss":0,"event_name":"Ghosts","floor":22,"gold_loss":0},{"damage_healed":0,"gold_gain":0,"player_choice":"Bought 1 Potion","damage_taken":0,"max_hp_gain":0,"max_hp_loss":0,"event_name":"The Woman in Blue","floor":30,"gold_loss":0}],"is_beta":false,"boss_relics":[{"not_picked":["Coffee Dripper","Runic Pyramid"],"picked":"Philosopher\u0027s Stone"},{"not_picked":["Pandora\u0027s Box","Calling Bell"],"picked":"Mark of Pain"}],"items_purged_floors":[14,37],"is_endless":false,"potions_floor_spawned":[2,10,12,13,16,19,20,33,35,39],"killed_by":"Giant Head","ascension_level":18}