{"gold_per_floor":[115,115,115,15,33,69,43,43,43,43,78,78,92,115,115,115],"floor_reached":16,"playtime":771,"items_purged":["Strike_G"],"score":119,"play_id":"38e2074b-96a7-4b2b-82be-69730c9c57bc","local_time":"20181010210529","is_ascension_mode":true,"campfire_choices":[{"data":"Neutralize","floor":8,"key":"SMITH"},{"floor":10,"key":"REST"},{"floor":15,"key":"REST"}],"neow_cost":"","seed_source_timestamp":2073170660965109,"circlet_count":0,"master_deck":["Defend_G","Defend_G","Defend_G","Defend_G","Defend_G","Strike_G","Strike_G","Strike_G","Strike_G","Survivor","Neutralize+1","Poisoned Stab","Deflect","Catalyst","Backflip","Flying Knee","PiercingWail"],"relics":["Ring of the Snake","Golden Idol","Art of War","Bag of Marbles","Smiling Mask"],"potions_floor_usage":[16,16],"damage_taken":[{"damage":2,"enemies":"2 Louse","floor":1,"turns":4},{"damage":1,"enemies":"Small Slimes","floor":5,"turns":3},{"damage":44,"enemies":"3 Sentries","floor":6,"turns":13},{"damage":32,"enemies":"Gremlin Nob","floor":11,"turns":6},{"damage":9,"enemies":"Jaw Worm","floor":13,"turns":2},{"damage":4,"enemies":"2 Fungi Beasts","floor":14,"turns":3},{"damage":41,"enemies":"Slime Boss","floor":16,"turns":12}],"seed_played":"4616921873230171405","potions_obtained":[{"floor":1,"key":"Explosive Potion"},{"floor":5,"key":"SkillPotion"}],"is_trial":false,"path_per_floor":["M","?","?","$","M","E","$","R","T","R","E","?","M","M","R"],"character_chosen":"THE_SILENT","items_purchased":["Poisoned Stab","Backflip"],"campfire_rested":2,"item_purchase_floors":[4,7],"current_hp_per_floor":[68,68,65,65,64,20,20,20,20,39,7,28,19,15,34,0],"gold":115,"neow_bonus":"","is_prod":false,"is_daily":false,"chose_seed":false,"campfire_upgraded":1,"win_rate":0,"timestamp":1539198329,"path_taken":["M","?","?","$","M","E","?","R","T","R","E","?","?","M","R","BOSS"],"build_version":"2018-10-04v2","purchased_purges":1,"victory":false,"max_hp_per_floor":[70,70,65,65,65,65,65,65,65,65,65,65,65,65,65,65],"card_choices":[{"not_picked":["Well Laid Plans","Endless Agony","Acrobatics"],"picked":"SKIP","floor":1},{"not_picked":["Quick Slash","Poisoned Stab"],"picked":"Deflect","floor":5},{"not_picked":["Sucker Punch","Acrobatics"],"picked":"Catalyst","floor":6},{"not_picked":["Terror","Dagger Throw","Deflect"],"picked":"SKIP","floor":11},{"not_picked":["Outmaneuver","Dagger Throw"],"picked":"Flying Knee","floor":13},{"not_picked":["Underhanded Strike","Night Terror"],"picked":"PiercingWail","floor":14}],"player_experience":126153,"relics_obtained":[{"floor":6,"key":"Art of War"},{"floor":9,"key":"Bag of Marbles"},{"floor":11,"key":"Smiling Mask"}],"event_choices":[{"event_name":"Liars Game","player_choice":"disagreed","floor":2,"damage_taken":0},{"event_name":"Golden Idol","player_choice":"Lose Max HP","floor":3,"damage_taken":0},{"event_name":"Big Fish","player_choice":"Banana","floor":12,"damage_taken":0}],"is_beta":false,"boss_relics":[],"items_purged_floors":[4],"is_endless":false,"potions_floor_spawned":[1,5],"killed_by":"Slime Boss","ascension_level":2}