{"gold_per_floor":[112,37,49,49,74,74,115,115,170,170,208,223,21,21,21,111,111,111,11,11,11,11,11,11,11,11,11,11,11],"floor_reached":29,"playtime":1154,"items_purged":["Strike_B","Strike_B"],"score":638,"play_id":"cbbf1dac-ae45-4b79-941e-cab18da4c0f7","local_time":"20181227012502","is_ascension_mode":true,"campfire_choices":[{"data":"Chaos","floor":6.0,"key":"SMITH"},{"floor":8.0,"key":"REST"},{"data":"Streamline","floor":10.0,"key":"SMITH"},{"data":"Sunder","floor":15.0,"key":"SMITH"},{"floor":24.0,"key":"REST"}],"neow_cost":"TEN_PERCENT_HP_LOSS","seed_source_timestamp":6482406988609,"circlet_count":0,"master_deck":["AscendersBane","Defend_B","Defend_B","Zap","Dualcast","Chaos+1","Consume","Streamline+1","White Noise","Meteor Strike","Skim","Leap","Sunder","Self Repair","Sunder+1","Fission","Loop","Chill","Fusion+1","Double Energy","BootSequence","Tempest+1"],"special_seed":0,"relics":["Cracked Core","Golden Idol","Boot","Tiny Chest","Question Card","Ectoplasm","Red Mask","Matryoshka","Emotion Chip","DataDisk","Vajra"],"potions_floor_usage":[],"damage_taken":[{"damage":7.0,"enemies":"2 Louse","floor":1.0,"turns":3.0},{"damage":0.0,"enemies":"Small Slimes","floor":3.0,"turns":3.0},{"damage":1.0,"enemies":"Cultist","floor":5.0,"turns":3.0},{"damage":49.0,"enemies":"3 Sentries","floor":7.0,"turns":9.0},{"damage":14.0,"enemies":"Gremlin Nob","floor":11.0,"turns":3.0},{"damage":0.0,"enemies":"Large Slime","floor":12.0,"turns":4.0},{"damage":0.0,"enemies":"Slime Boss","floor":16.0,"turns":7.0},{"damage":0.0,"enemies":"Chosen","floor":18.0,"turns":3.0},{"damage":2.0,"enemies":"Spheric Guardian","floor":20.0,"turns":3.0},{"damage":17.0,"enemies":"Masked Bandits","floor":22.0,"turns":6.0},{"damage":27.0,"enemies":"Slavers","floor":23.0,"turns":4.0},{"damage":30,"enemies":"Gremlin Leader","floor":25,"turns":7},{"damage":0,"enemies":"Snecko","floor":27,"turns":3},{"damage":22,"enemies":"Cultist and Chosen","floor":29,"turns":4}],"seed_played":"3048927071559304176","potions_obtained":[{"floor":5.0,"key":"Dexterity Potion"},{"floor":7.0,"key":"Poison Potion"},{"floor":16.0,"key":"EssenceOfSteel"},{"floor":20.0,"key":"Poison Potion"},{"floor":22.0,"key":"Swift Potion"}],"is_trial":false,"path_per_floor":["M","?","M","?","M","R","E","R","T","R","E","M","$","?","R","B",null,"M","$","M","T","?","E","R","E","T","M","?","M"],"character_chosen":"DEFECT","items_purchased":["Sunder","Self Repair"],"campfire_rested":2,"item_purchase_floors":[13,13],"current_hp_per_floor":[57,57,57,57,56,56,7,24,24,24,10,10,10,10,10,17,48,55,55,53,53,43,16,33,10,10,10,10,0],"gold":11,"neow_bonus":"TRANSFORM_TWO_CARDS","is_prod":false,"is_daily":false,"chose_seed":false,"campfire_upgraded":3,"win_rate":0,"timestamp":1545845102,"path_taken":["M","?","M","?","M","R","E","R","T","R","E","M","$","?","R","BOSS","M","$","M","?","?","E","R","E","T","M","?","M"],"build_version":"2018-12-20","purchased_purges":2,"victory":false,"max_hp_per_floor":[64,64,64,58,58,58,58,58,58,58,58,58,58,58,58,58,58,58,58,58,58,58,58,58,58,58,58,58,58],"card_choices":[{"not_picked":["Turbo","Compile Driver"],"picked":"Streamline","floor":1.0},{"not_picked":["Steam","Steam Power"],"picked":"White Noise","floor":3.0},{"not_picked":["Meteor Strike","Cold Snap","Compile Driver"],"picked":"SKIP","floor":5.0},{"not_picked":["Cold Snap","Compile Driver"],"picked":"Meteor Strike","floor":5.0},{"not_picked":["Streamline","Storm"],"picked":"Skim","floor":7.0},{"not_picked":["Fusion","Hologram"],"picked":"Leap","floor":11.0},{"not_picked":["Stack","Static Discharge","Cold Snap","Streamline"],"picked":"SKIP","floor":12.0},{"not_picked":["Amplify","Machine Learning","Hyperbeam"],"picked":"Fission","floor":16.0},{"not_picked":["Beam Cell","Force Field","Reprogram"],"picked":"Loop","floor":18.0},{"not_picked":["Auto Shields","Stack","Steam"],"picked":"Chill","floor":20.0},{"not_picked":["Beam Cell","Tempest","Cold Snap"],"picked":"Fusion+1","floor":22.0},{"not_picked":["Coolheaded","Rip and Tear","Doom and Gloom"],"picked":"Double Energy","floor":23.0},{"not_picked":["Heatsinks","Compile Driver+1","Steam"],"picked":"BootSequence","floor":25},{"not_picked":["Ball Lightning","Rebound+1","Meteor Strike"],"picked":"Tempest+1","floor":27}],"player_experience":2461292,"relics_obtained":[{"floor":7.0,"key":"Boot"},{"floor":9.0,"key":"Tiny Chest"},{"floor":11.0,"key":"Question Card"},{"floor":22.0,"key":"Red Mask"},{"floor":23.0,"key":"Matryoshka"},{"floor":25,"key":"Emotion Chip"},{"floor":26,"key":"DataDisk"},{"floor":26,"key":"Vajra"}],"event_choices":[{"cards_removed":["Strike_B"],"damage_healed":0.0,"max_hp_gain":0.0,"max_hp_loss":0.0,"gold_gain":0.0,"event_name":"The Cleric","player_choice":"Card Removal","floor":2.0,"gold_loss":75.0,"damage_taken":0.0},{"damage_healed":0.0,"max_hp_gain":0.0,"max_hp_loss":6.0,"gold_gain":0.0,"event_name":"Golden Idol","player_choice":"Lose Max HP","floor":4.0,"gold_loss":0.0,"damage_taken":0.0,"relics_obtained":["Golden Idol"]},{"damage_healed":0.0,"max_hp_gain":0.0,"max_hp_loss":0.0,"gold_gain":0.0,"cards_transformed":["Defend_B"],"event_name":"Transmorgrifier","player_choice":"Transformed","floor":14.0,"gold_loss":0.0,"damage_taken":0.0,"cards_obtained":["Sunder"]},{"damage_healed":0.0,"max_hp_gain":0.0,"max_hp_loss":0.0,"gold_gain":0.0,"event_name":"Masked Bandits","player_choice":"Fought Bandits","floor":22.0,"gold_loss":0.0,"damage_taken":0.0},{"damage_healed":0,"gold_gain":0,"player_choice":"Ignored","damage_taken":0,"max_hp_gain":0,"max_hp_loss":0,"event_name":"Vampires","floor":28,"gold_loss":0}],"is_beta":false,"boss_relics":[{"not_picked":["Black Star","Pandora\u0027s Box"],"picked":"Ectoplasm"}],"items_purged_floors":[13,19],"is_endless":false,"potions_floor_spawned":[5,7,16,20,22],"killed_by":"Cultist and Chosen","ascension_level":20}