{"gold_per_floor":[116,116,41,53,3,3,31,9,35,35,47,47,74,149,149,253,253,273,273,198,298,308,308,308,308,334,376,398,106,131,131,131,229,229,242,258,11,25,25,25,0,12,12,12,12,29,129,144,144,144],"floor_reached":51,"playtime":2274,"items_purged":["Strike_R","Normality","Writhe"],"score":1245,"play_id":"3d0f7c12-7125-4cae-a8db-2d86ceb9050c","local_time":"25611112165103","is_ascension_mode":true,"campfire_choices":[{"data":"Bash","floor":6,"key":"SMITH"},{"data":"Cleave","floor":10,"key":"SMITH"},{"data":"Clash","floor":12,"key":"SMITH"},{"floor":15,"key":"REST"},{"floor":23,"key":"REST"},{"floor":25,"key":"REST"},{"floor":32,"key":"REST"},{"floor":40,"key":"REST"},{"data":"Shockwave","floor":45,"key":"SMITH"},{"floor":49,"key":"REST"}],"neow_cost":"NONE","seed_source_timestamp":7933532730257,"circlet_count":0,"master_deck":["AscendersBane","Strike_R","Strike_R","Strike_R","Defend_R","Defend_R","Defend_R+1","Bash+1","Clash+1","Cleave+1","Shrug It Off+1","Juggernaut","Sever Soul+1","Shockwave+1","True Grit+1","Sentinel+1","Battle Trance","Parasite","Writhe","Rage","Entrench+1","Spot Weakness+1"],"relics":["Burning Blood","NeowsBlessing","PreservedInsect","Anchor","War Paint","Smiling Mask","Cursed Key","Nilry\u0027s Codex","Dead Branch","Sundial","MawBank","Pen Nib","Vajra","Oddly Smooth Stone","Sozu","Medical Kit","Red Mask","Ornamental Fan","Turnip"],"potions_floor_usage":[13,21,21,27,28,50],"damage_taken":[{"damage":0,"enemies":"Cultist","floor":1,"turns":1},{"damage":0,"enemies":"2 Louse","floor":4,"turns":1},{"damage":0,"enemies":"Lagavulin","floor":7,"turns":1},{"damage":0,"enemies":"Jaw Worm","floor":11,"turns":3},{"damage":22,"enemies":"Gremlin Nob","floor":13,"turns":3},{"damage":52,"enemies":"The Guardian","floor":16,"turns":12},{"damage":2,"enemies":"Chosen","floor":18,"turns":3},{"damage":9,"enemies":"Colosseum Slavers","floor":21,"turns":4},{"damage":35,"enemies":"Colosseum Nobs","floor":21,"turns":4},{"damage":5,"enemies":"3 Byrds","floor":22,"turns":5},{"damage":27,"enemies":"Slavers","floor":27,"turns":6},{"damage":8,"enemies":"Sentry and Sphere","floor":28,"turns":5},{"damage":41,"enemies":"Automaton","floor":33,"turns":7},{"damage":14,"enemies":"Orb Walker","floor":35,"turns":4},{"damage":36,"enemies":"3 Darklings","floor":36,"turns":4},{"damage":6,"enemies":"4 Shapes","floor":38,"turns":5},{"damage":16,"enemies":"Maw","floor":42,"turns":5},{"damage":4,"enemies":"Sphere and 2 Shapes","floor":46,"turns":3},{"damage":12,"enemies":"Mind Bloom Boss Battle","floor":47,"turns":3},{"damage":20,"enemies":"4 Shapes","floor":48,"turns":4},{"damage":90,"enemies":"Awakened One","floor":50,"turns":11}],"seed_played":"6060428744108606178","potions_obtained":[{"floor":11,"key":"SkillPotion"},{"floor":13,"key":"Fire Potion"},{"floor":16,"key":"Swift Potion"},{"floor":21,"key":"PowerPotion"},{"floor":27,"key":"Swift Potion"},{"floor":33,"key":"FearPotion"}],"is_trial":false,"path_per_floor":["M","T","$","M","?","R","E","$","T","R","M","R","E","?","R","B",null,"M","?","?","?","M","R","?","R","T","E","M","$","T","?","R","B",null,"M","M","$","M","?","R","?","M","T","?","R","M","?","M","R","B",null],"character_chosen":"IRONCLAD","items_purchased":["Shrug It Off","FairyPotion","Vajra","Medical Kit"],"campfire_rested":6,"item_purchase_floors":[8,29,29,37],"current_hp_per_floor":[78,78,78,80,80,80,80,80,80,80,80,80,64,53,77,31,68,72,56,56,24,25,49,41,65,65,44,42,42,42,42,66,31,68,60,30,30,30,30,54,54,44,44,64,64,66,60,46,70,14],"gold":144,"neow_bonus":"THREE_ENEMY_KILL","is_prod":false,"is_daily":false,"chose_seed":false,"campfire_upgraded":4,"win_rate":0,"timestamp":1542016263,"path_taken":["M","?","$","?","?","R","E","?","T","R","M","R","E","?","R","BOSS","M","?","?","?","M","R","?","R","T","E","?","$","?","?","R","BOSS","M","M","$","M","?","R","?","M","T","?","R","?","?","M","R","BOSS"],"build_version":"2018-11-08","purchased_purges":3,"victory":true,"max_hp_per_floor":[80,80,80,80,80,80,80,80,80,80,80,80,80,80,80,80,80,80,80,80,80,80,80,80,80,80,80,80,80,80,80,80,80,80,80,80,80,80,80,80,80,80,80,80,80,80,80,80,80,80],"card_choices":[{"not_picked":["Flex","Whirlwind"],"picked":"Clash","floor":1},{"not_picked":["Clash","Heavy Blade","Twin Strike"],"picked":"SKIP","floor":4},{"not_picked":["Power Through","Wild Strike"],"picked":"Cleave","floor":7},{"not_picked":["Cleave","Corruption","Perfected Strike"],"picked":"SKIP","floor":11},{"not_picked":["Evolve","Sever Soul","Thunderclap"],"picked":"SKIP","floor":13},{"not_picked":["Dark Embrace","Brutality"],"picked":"Juggernaut","floor":16},{"not_picked":["Sword Boomerang","Warcry","Whirlwind"],"picked":"SKIP","floor":18},{"not_picked":["Cleave+1","Clothesline"],"picked":"Sever Soul+1","floor":21},{"not_picked":["Body Slam","Dual Wield","Twin Strike+1"],"picked":"SKIP","floor":22},{"not_picked":["Pummel","Pommel Strike","Blood for Blood+1"],"picked":"SKIP","floor":27},{"not_picked":["Disarm","Iron Wave+1"],"picked":"Shockwave","floor":28},{"not_picked":["Searing Blow","Sentinel"],"picked":"True Grit+1","floor":35},{"not_picked":["Perfected Strike","True Grit","Sword Boomerang"],"picked":"SKIP","floor":36},{"not_picked":["Iron Wave","Evolve"],"picked":"Sentinel+1","floor":38},{"not_picked":["Clothesline","Clash"],"picked":"Battle Trance","floor":42},{"not_picked":["Iron Wave","Combust"],"picked":"Rage","floor":46},{"not_picked":["Searing Blow","Warcry"],"picked":"Entrench+1","floor":47},{"not_picked":["Hemokinesis","Heavy Blade"],"picked":"Spot Weakness+1","floor":48}],"player_experience":117902,"relics_obtained":[{"floor":2,"key":"PreservedInsect"},{"floor":7,"key":"Anchor"},{"floor":9,"key":"War Paint"},{"floor":13,"key":"Smiling Mask"},{"floor":19,"key":"Nilry\u0027s Codex"},{"floor":21,"key":"Dead Branch"},{"floor":21,"key":"Sundial"},{"floor":26,"key":"MawBank"},{"floor":27,"key":"Pen Nib"},{"floor":30,"key":"Oddly Smooth Stone"},{"floor":43,"key":"Ornamental Fan"},{"floor":47,"key":"Turnip"}],"event_choices":[{"cards_removed":["Defend_R"],"damage_healed":0,"gold_gain":0,"player_choice":"Card Removal","damage_taken":0,"max_hp_gain":0,"max_hp_loss":0,"event_name":"The Cleric","floor":5,"gold_loss":50},{"damage_healed":0,"gold_gain":75,"player_choice":"Gather Gold","damage_taken":11,"max_hp_gain":0,"max_hp_loss":0,"event_name":"World of Goop","floor":14,"gold_loss":0},{"damage_healed":0,"gold_gain":0,"player_choice":"Obtained Book","damage_taken":16,"max_hp_gain":0,"max_hp_loss":0,"event_name":"Cursed Tome","floor":19,"gold_loss":0},{"cards_removed":["Strike_R"],"damage_healed":0,"gold_gain":0,"player_choice":"Gave Gold","damage_taken":0,"max_hp_gain":0,"max_hp_loss":0,"event_name":"Beggar","floor":20,"gold_loss":75},{"damage_healed":0,"gold_gain":0,"player_choice":"Fight","damage_taken":0,"max_hp_gain":0,"max_hp_loss":0,"event_name":"Colosseum","floor":21,"gold_loss":0},{"damage_healed":0,"gold_gain":0,"player_choice":"Fought Nobs","damage_taken":0,"max_hp_gain":0,"max_hp_loss":0,"event_name":"Colosseum","floor":21,"gold_loss":0},{"damage_healed":0,"gold_gain":0,"player_choice":"","damage_taken":8,"max_hp_gain":0,"max_hp_loss":0,"event_name":"Knowing Skull","floor":24,"potions_obtained":[],"gold_loss":0,"cards_obtained":[]},{"damage_healed":0,"gold_gain":0,"player_choice":"Ignored","damage_taken":0,"max_hp_gain":0,"max_hp_loss":0,"event_name":"Vampires","floor":31,"gold_loss":0},{"damage_healed":0,"gold_gain":0,"player_choice":"Ignored","damage_taken":0,"max_hp_gain":0,"max_hp_loss":0,"event_name":"Mysterious Sphere","floor":39,"gold_loss":0},{"damage_healed":0,"gold_gain":0,"player_choice":"Paid","damage_taken":0,"relics_obtained":["Red Mask"],"max_hp_gain":0,"max_hp_loss":0,"event_name":"Tomb of Lord Red Mask","floor":41,"gold_loss":25},{"damage_healed":20,"gold_gain":0,"player_choice":"Writhe","damage_taken":0,"max_hp_gain":0,"max_hp_loss":0,"event_name":"Winding Halls","floor":44,"gold_loss":0,"cards_obtained":["Writhe"]},{"damage_healed":0,"gold_gain":0,"player_choice":"Fight","damage_taken":0,"max_hp_gain":0,"max_hp_loss":0,"event_name":"MindBloom","floor":47,"gold_loss":0}],"is_beta":false,"boss_relics":[{"not_picked":["Philosopher\u0027s Stone","Tiny House"],"picked":"Cursed Key"},{"not_picked":["Calling Bell","Fusion Hammer"],"picked":"Sozu"}],"items_purged_floors":[3,29,37],"is_endless":false,"potions_floor_spawned":[11,13,16,21,27,33,35,36,46,48],"ascension_level":12}