{"gold_per_floor":[114,134,148,103,28,63,63,80,80,80,93,105,5,5,5,106,106,124,141,141,16,16],"floor_reached":22,"playtime":1565,"items_purged":["Strike_B","Strike_B","Shame"],"score":186,"play_id":"2125d1c5-fb44-4eec-8ef9-13932cb51461","local_time":"20190507171606","is_ascension_mode":false,"campfire_choices":[{"data":"Genetic Algorithm","floor":7,"key":"SMITH"},{"floor":10,"key":"RECALL"},{"floor":15,"key":"REST"}],"neow_cost":"NONE","seed_source_timestamp":1549113416379555,"circlet_count":0,"master_deck":["Strike_B","Strike_B","Defend_B","Defend_B","Defend_B","Defend_B","Zap","Dualcast","Genetic Algorithm+1","Double Energy","Reinforced Body","Rip and Tear","Chill","Loop","Ball Lightning","Genetic Algorithm","Chaos","Machine Learning","Doubt","Doubt","Gash+1","Cold Snap"],"relics":["Inserter","Art of War","Calling Bell","Regal Pillow","Matryoshka","Bird Faced Urn","GremlinMask"],"potions_floor_usage":[16],"damage_taken":[{"damage":7,"enemies":"Jaw Worm","floor":1,"turns":5},{"damage":1,"enemies":"Cultist","floor":2,"turns":4},{"damage":7,"enemies":"Small Slimes","floor":3,"turns":4},{"damage":2,"enemies":"Looter","floor":4,"turns":5},{"damage":38,"enemies":"Gremlin Nob","floor":6,"turns":5},{"damage":0,"enemies":"Exordium Wildlife","floor":8,"turns":8},{"damage":2,"enemies":"2 Fungi Beasts","floor":11,"turns":4},{"damage":5,"enemies":"Looter","floor":12,"turns":3},{"damage":26,"enemies":"The Guardian","floor":16,"turns":12},{"damage":42,"enemies":"3 Byrds","floor":18,"turns":8},{"damage":17,"enemies":"Spheric Guardian","floor":19,"turns":8},{"damage":25,"enemies":"Chosen and Byrds","floor":22,"turns":5}],"seed_played":"3938620749571168733","potions_obtained":[{"floor":2,"key":"SpeedPotion"},{"floor":6,"key":"Dexterity Potion"},{"floor":8,"key":"Block Potion"},{"floor":16,"key":"PowerPotion"},{"floor":19,"key":"Dexterity Potion"}],"is_trial":false,"path_per_floor":["M","M","M","M","$","E","R","M","T","R","M","M","$","?","R","B",null,"M","M","?","$","M"],"character_chosen":"DEFECT","items_purchased":[],"campfire_rested":1,"item_purchase_floors":[],"current_hp_per_floor":[68,67,60,58,58,20,20,20,20,20,18,13,13,13,35,9,75,33,20,20,20,0],"gold":16,"neow_bonus":"BOSS_RELIC","is_prod":false,"is_daily":false,"chose_seed":false,"campfire_upgraded":1,"win_rate":0,"timestamp":1557242166,"path_taken":["M","M","M","M","$","E","R","M","T","R","M","M","$","?","R","BOSS","M","M","?","?","M"],"build_version":"2019-01-23","purchased_purges":3,"victory":false,"max_hp_per_floor":[75,75,75,75,75,75,75,75,75,75,75,75,75,75,75,75,75,75,75,75,75,75],"card_choices":[{"not_picked":["Compile Driver","Stack"],"picked":"Genetic Algorithm","floor":1},{"not_picked":["Hologram","Stack"],"picked":"Double Energy","floor":2},{"not_picked":["Conserve Battery","Undo"],"picked":"Reinforced Body","floor":3},{"not_picked":["Reprogram","Skim"],"picked":"Rip and Tear","floor":4},{"not_picked":["Double Energy","Genetic Algorithm"],"picked":"Chill","floor":6},{"not_picked":["Barrage","Sweeping Beam"],"picked":"Loop","floor":8},{"not_picked":["Go for the Eyes","Compile Driver"],"picked":"Ball Lightning","floor":11},{"not_picked":["Rebound","Go for the Eyes"],"picked":"Genetic Algorithm","floor":12},{"not_picked":["Buffer","Biased Cognition"],"picked":"Machine Learning","floor":16},{"not_picked":["Steam+1","Redo"],"picked":"Gash+1","floor":18},{"not_picked":["Go for the Eyes","Conserve Battery"],"picked":"Cold Snap","floor":19}],"player_experience":74702,"relics_obtained":[{"floor":6,"key":"Art of War"},{"floor":17,"key":"Regal Pillow"},{"floor":17,"key":"Matryoshka"},{"floor":17,"key":"Bird Faced Urn"}],"event_choices":[{"damage_healed":0,"gold_gain":0,"player_choice":"1 cards matched","damage_taken":0,"max_hp_gain":0,"max_hp_loss":0,"event_name":"Match and Keep!","floor":14,"gold_loss":0,"cards_obtained":["Chaos"]},{"damage_healed":0,"gold_gain":0,"player_choice":"Trade","damage_taken":0,"relics_obtained":["GremlinMask"],"max_hp_gain":0,"max_hp_loss":0,"event_name":"FaceTrader","floor":20,"gold_loss":0}],"is_beta":false,"boss_relics":[{"not_picked":["Eternal Feather","Coffee Dripper"],"picked":"Calling Bell"}],"items_purged_floors":[5,13,21],"is_endless":false,"potions_floor_spawned":[2,6,8,16,19],"killed_by":"Chosen and Byrds","ascension_level":0}