{"gold_per_floor":[359,359,409,22,97,141,141,180,180,180,180,218,232,245,245,338,338,356,203,219,219,235,235,235],"floor_reached":24,"playtime":857,"items_purged":["Strike_G"],"score":371,"play_id":"da020595-d377-4634-bd06-258a2b01222d","local_time":"20181026121522","is_ascension_mode":true,"campfire_choices":[{"floor":7.0,"key":"REST"},{"floor":10,"key":"REST"},{"data":"1","floor":15,"key":"LIFT"},{"data":"2","floor":23,"key":"LIFT"}],"neow_cost":"CURSE","seed_source_timestamp":122551110595144,"circlet_count":0,"master_deck":["Defend_G","Defend_G","Defend_G","Defend_G","Defend_G","Strike_G","Strike_G","Strike_G","Strike_G","Survivor","Neutralize+1","AscendersBane","Clumsy","Dagger Throw","Dash","Poisoned Stab","All Out Attack","Well Laid Plans","Backstab","After Image","Endless Agony","Riddle With Holes","Cloak And Dagger"],"special_seed":0,"relics":["Ring of the Snake","Golden Idol","Girya","Matryoshka","Orichalcum","Blood Vial","Strawberry","Ninja Scroll","WristBlade"],"potions_floor_usage":[8,12,16,24],"damage_taken":[{"damage":4.0,"enemies":"Small Slimes","floor":1.0,"turns":5.0},{"damage":49.0,"enemies":"Gremlin Nob","floor":6.0,"turns":6.0},{"damage":35,"enemies":"Lagavulin","floor":8,"turns":10},{"damage":4,"enemies":"Gremlin Nob","floor":12,"turns":4},{"damage":0,"enemies":"2 Louse","floor":13,"turns":2},{"damage":0,"enemies":"Cultist","floor":14,"turns":2},{"damage":26,"enemies":"The Guardian","floor":16,"turns":14},{"damage":5,"enemies":"Chosen","floor":18,"turns":4},{"damage":7,"enemies":"3 Byrds","floor":20,"turns":5},{"damage":35,"enemies":"Snake Plant","floor":22,"turns":5},{"damage":17,"enemies":"Book of Stabbing","floor":24,"turns":3}],"seed_played":"348072696702213131","potions_obtained":[{"floor":6.0,"key":"Regen Potion"},{"floor":8,"key":"Strength Potion"},{"floor":13,"key":"Regen Potion"},{"floor":18,"key":"LiquidBronze"}],"is_trial":false,"path_per_floor":["M","?","?","$","?","E","R","E","T","R","?","E","M","M","R","B",null,"M","$","M","?","M","R"],"character_chosen":"THE_SILENT","items_purchased":["Dash","Girya","Riddle With Holes"],"campfire_rested":2,"item_purchase_floors":[4,4,19],"current_hp_per_floor":[55,55,55,55,55,6,24,4,11,31,31,29,31,33,33,24,56,53,53,48,48,15,15,0],"gold":235,"neow_bonus":"TWO_FIFTY_GOLD","is_prod":false,"is_daily":false,"chose_seed":false,"campfire_upgraded":0,"win_rate":0,"timestamp":1540581322,"path_taken":["M","?","?","$","?","E","R","E","T","R","?","E","M","M","R","BOSS","M","$","M","?","M","R","E"],"build_version":"2018-10-25v2","purchased_purges":1,"victory":false,"max_hp_per_floor":[66,60,60,60,60,60,60,60,67,67,67,67,67,67,67,67,67,67,67,67,67,67,67,67],"card_choices":[{"not_picked":["Slice","Underhanded Strike"],"picked":"Dagger Throw","floor":1.0},{"not_picked":["Underhanded Strike","Quick Slash"],"picked":"Poisoned Stab","floor":6.0},{"not_picked":["Caltrops","Catalyst"],"picked":"All Out Attack","floor":8},{"not_picked":["Riddle With Holes","PiercingWail"],"picked":"Well Laid Plans","floor":12},{"not_picked":["Outmaneuver","Acrobatics"],"picked":"Backstab","floor":13},{"not_picked":["Flying Knee","Sucker Punch","Noxious Fumes"],"picked":"SKIP","floor":14},{"not_picked":["Venomology","Tools of the Trade"],"picked":"After Image","floor":16},{"not_picked":["Poisoned Stab+1","Distraction"],"picked":"Endless Agony","floor":18},{"not_picked":["Prepared","Underhanded Strike+1","Escape Plan"],"picked":"SKIP","floor":20},{"not_picked":["Blade Dance","Deadly Poison"],"picked":"Cloak And Dagger","floor":22}],"player_experience":1479796,"relics_obtained":[{"floor":6.0,"key":"Matryoshka"},{"floor":8,"key":"Orichalcum"},{"floor":9,"key":"Blood Vial"},{"floor":9,"key":"Strawberry"},{"floor":12,"key":"Ninja Scroll"}],"event_choices":[{"damage_healed":0.0,"max_hp_gain":0.0,"max_hp_loss":6.0,"gold_gain":0.0,"event_name":"Golden Idol","player_choice":"Lose Max HP","floor":2.0,"gold_loss":0.0,"damage_taken":0.0,"relics_obtained":["Golden Idol"]},{"damage_healed":0.0,"max_hp_gain":0.0,"max_hp_loss":0.0,"gold_gain":100.0,"event_name":"Golden Shrine","player_choice":"Pray","floor":3.0,"gold_loss":0.0,"damage_taken":0.0},{"damage_healed":0.0,"max_hp_gain":0.0,"max_hp_loss":0.0,"gold_gain":75.0,"event_name":"Golden Wing","player_choice":"Gained Gold","floor":5.0,"gold_loss":0.0,"damage_taken":0.0},{"damage_healed":0,"gold_gain":0,"player_choice":"Grow","damage_taken":0,"max_hp_gain":0,"max_hp_loss":0,"event_name":"Living Wall","floor":11,"gold_loss":0,"cards_upgraded":["Neutralize"]},{"damage_healed":0,"gold_gain":0,"player_choice":"Ignored","damage_taken":0,"max_hp_gain":0,"max_hp_loss":0,"event_name":"Ghosts","floor":21,"gold_loss":0}],"is_beta":false,"boss_relics":[{"not_picked":["Tiny House","HoveringKite"],"picked":"WristBlade"}],"items_purged_floors":[19],"is_endless":false,"potions_floor_spawned":[6,8,13,18],"killed_by":"Book of Stabbing","ascension_level":15}