{"gold_per_floor":[111,131,131,56,56,92,92,131,131,131,145,161,161,175,175,175],"floor_reached":16,"playtime":283,"items_purged":["Strike_R"],"score":270,"play_id":"8d6af592-e66e-4c1e-b7e5-9fd04fd9ea66","local_time":"25620308231441","is_ascension_mode":true,"campfire_choices":[{"data":"Shockwave","floor":7.0,"key":"SMITH"},{"data":"True Grit","floor":10.0,"key":"SMITH"},{"floor":15,"key":"REST"}],"neow_cost":"NONE","seed_source_timestamp":8849979394533,"circlet_count":0,"master_deck":["AscendersBane","Strike_R","Strike_R","Strike_R+1","Strike_R","Defend_R","Defend_R","Defend_R+1","Defend_R","Bash","Clothesline","True Grit+1","Shockwave+1","Seeing Red","Intimidate","Flex","Limit Break","Iron Wave+1","Bloodletting","Double Tap"],"special_seed":0,"relics":["Burning Blood","NeowsBlessing","Golden Idol","Turnip","Molten Egg 2","Shuriken"],"potions_floor_usage":[],"damage_taken":[{"damage":0.0,"enemies":"Cultist","floor":1.0,"turns":1.0},{"damage":0.0,"enemies":"2 Louse","floor":2.0,"turns":1.0},{"damage":0.0,"enemies":"Lagavulin","floor":6.0,"turns":1.0},{"damage":50.0,"enemies":"Gremlin Nob","floor":8.0,"turns":5.0},{"damage":0.0,"enemies":"Small Slimes","floor":11.0,"turns":3.0},{"damage":9.0,"enemies":"Exordium Thugs","floor":12.0,"turns":6.0},{"damage":8,"enemies":"2 Fungi Beasts","floor":14,"turns":4},{"damage":33,"enemies":"Slime Boss","floor":16,"turns":4}],"seed_played":"-7143090750865214569","potions_obtained":[{"floor":8.0,"key":"Block Potion"},{"floor":11.0,"key":"Explosive Potion"},{"floor":12.0,"key":"LiquidBronze"}],"is_trial":false,"path_per_floor":["M","M","?","$","?","E","R","E","T","R","M","M","?","M","R","B"],"character_chosen":"IRONCLAD","items_purchased":[],"campfire_rested":1,"item_purchase_floors":[],"current_hp_per_floor":[74,75,52,52,52,58,58,14,14,14,20,17,17,15,35,2],"gold":175,"neow_bonus":"THREE_ENEMY_KILL","is_prod":false,"is_daily":false,"chose_seed":false,"campfire_upgraded":2,"win_rate":0,"timestamp":1552061681,"path_taken":["M","?","?","$","?","E","R","E","T","R","?","M","?","M","R","BOSS"],"build_version":"2019-01-23","purchased_purges":1,"victory":false,"max_hp_per_floor":[75,75,75,75,68,68,68,68,68,68,68,68,68,68,68,68],"card_choices":[{"not_picked":["Blood for Blood","Power Through"],"picked":"Clothesline","floor":1.0},{"not_picked":["Clothesline","Blood for Blood"],"picked":"True Grit","floor":2.0},{"not_picked":["Headbutt","Hemokinesis"],"picked":"Shockwave","floor":6.0},{"not_picked":["Headbutt","Second Wind"],"picked":"Seeing Red","floor":8.0},{"not_picked":["Clothesline+1","Blood for Blood+1"],"picked":"Intimidate","floor":11.0},{"not_picked":["Bloodletting","Heavy Blade+1"],"picked":"Flex","floor":12.0},{"not_picked":["Clash+1","Sentinel"],"picked":"Double Tap","floor":14}],"player_experience":295995,"relics_obtained":[{"floor":6.0,"key":"Turnip"},{"floor":8.0,"key":"Molten Egg 2"},{"floor":9.0,"key":"Shuriken"}],"event_choices":[{"damage_healed":0.0,"max_hp_gain":0.0,"max_hp_loss":0.0,"gold_gain":0.0,"event_name":"Shining Light","player_choice":"Entered Light","floor":3.0,"gold_loss":0.0,"damage_taken":23.0,"cards_upgraded":["Strike_R","Defend_R"]},{"damage_healed":0.0,"max_hp_gain":0.0,"max_hp_loss":7.0,"gold_gain":0.0,"event_name":"Golden Idol","player_choice":"Lose Max HP","floor":5.0,"gold_loss":0.0,"damage_taken":0.0,"relics_obtained":["Golden Idol"]},{"damage_healed":0,"gold_gain":0,"player_choice":"3 cards matched","damage_taken":0,"max_hp_gain":0,"max_hp_loss":0,"event_name":"Match and Keep!","floor":13,"gold_loss":0,"cards_obtained":["Limit Break","Iron Wave","Bloodletting"]}],"is_beta":false,"boss_relics":[],"items_purged_floors":[4],"is_endless":false,"potions_floor_spawned":[8,11,12],"killed_by":"Slime Boss","ascension_level":20}