{"gold_per_floor":[117,34,46,65,65,65,95,95,95,95,112,140,154,185,185,263,263,274,288,288,70,70,97,112,112,112,142,142,74,105,116,116,188,188,199,209,30,85,104,104,504,504,504,519,549,549,582,171,171,171],"floor_reached":51,"playtime":2358,"items_purged":["Decay","Strike_B+1"],"score":1661,"play_id":"04ed567e-d0b8-49e3-9468-7cb6a1f32099","local_time":"20190218221640","is_ascension_mode":true,"campfire_choices":[{"data":"Zap","floor":6.0,"key":"SMITH"},{"data":"Electrodynamics","floor":8.0,"key":"SMITH"},{"data":"Go for the Eyes","floor":10.0,"key":"SMITH"},{"data":"Reinforced Body","floor":15.0,"key":"SMITH"},{"data":"Capacitor","floor":25.0,"key":"SMITH"},{"data":"Fission","floor":32.0,"key":"SMITH"},{"data":"Biased Cognition","floor":40,"key":"SMITH"},{"data":"Loop","floor":42,"key":"SMITH"},{"data":"Chrysalis","floor":49,"key":"SMITH"}],"neow_cost":"NONE","seed_source_timestamp":55443903933760,"circlet_count":0,"master_deck":["AscendersBane","Strike_B+1","Strike_B+1","Defend_B+1","Defend_B+1","Defend_B+1","Defend_B+1","Zap+1","Dualcast","Genetic Algorithm","FTL","Go for the Eyes+1","Ball Lightning","Electrodynamics+1","Reinforced Body+1","Conserve Battery","Skim","Electrodynamics","Cold Snap+1","Leap","Echo Form","Capacitor+1","Glacier","Fission+1","Chill","Chaos+1","Biased Cognition+1","Core Surge","Loop+1","Creative AI","Leap+1","PanicButton","Chrysalis+1"],"special_seed":0,"relics":["Cracked Core","Turnip","Pocketwatch","Letter Opener","FossilizedHelix","Cursed Key","Whetstone","Question Card","Mummified Hand","Runic Pyramid","Gambling Chip","Old Coin","Regal Pillow","Emotion Chip","Bag of Preparation"],"potions_floor_usage":[38,50],"damage_taken":[{"damage":3.0,"enemies":"2 Louse","floor":1.0,"turns":2.0},{"damage":0.0,"enemies":"Cultist","floor":3.0,"turns":3.0},{"damage":0.0,"enemies":"Small Slimes","floor":4.0,"turns":2.0},{"damage":15.0,"enemies":"Lagavulin","floor":7.0,"turns":7.0},{"damage":0.0,"enemies":"2 Fungi Beasts","floor":11.0,"turns":2.0},{"damage":11.0,"enemies":"Gremlin Nob","floor":12.0,"turns":3.0},{"damage":6.0,"enemies":"Looter","floor":13.0,"turns":2.0},{"damage":0.0,"enemies":"3 Sentries","floor":14.0,"turns":2.0},{"damage":0.0,"enemies":"The Guardian","floor":16.0,"turns":11.0},{"damage":0.0,"enemies":"Shell Parasite","floor":18.0,"turns":4.0},{"damage":0.0,"enemies":"2 Thieves","floor":19.0,"turns":3.0},{"damage":0.0,"enemies":"Gremlin Leader","floor":23.0,"turns":6.0},{"damage":0.0,"enemies":"Sentry and Sphere","floor":24.0,"turns":4.0},{"damage":9.0,"enemies":"Slavers","floor":27.0,"turns":4.0},{"damage":0.0,"enemies":"Book of Stabbing","floor":30.0,"turns":6.0},{"damage":0.0,"enemies":"Chosen and Byrds","floor":31.0,"turns":5.0},{"damage":1.0,"enemies":"Champ","floor":33.0,"turns":12.0},{"damage":0,"enemies":"3 Darklings","floor":35,"turns":3},{"damage":0,"enemies":"Orb Walker","floor":36,"turns":3},{"damage":9,"enemies":"2 Orb Walkers","floor":38,"turns":4},{"damage":0,"enemies":"Spire Growth","floor":39,"turns":5},{"damage":0,"enemies":"Mind Bloom Boss Battle","floor":41,"turns":5},{"damage":0,"enemies":"Transient","floor":44,"turns":5},{"damage":0,"enemies":"Nemesis","floor":45,"turns":7},{"damage":0,"enemies":"Giant Head","floor":47,"turns":8},{"damage":12,"enemies":"Time Eater","floor":50,"turns":13}],"seed_played":"-4091728965648925191","potions_obtained":[{"floor":1.0,"key":"Poison Potion"},{"floor":11.0,"key":"SpeedPotion"},{"floor":13.0,"key":"Swift Potion"},{"floor":24.0,"key":"FearPotion"},{"floor":35,"key":"PowerPotion"},{"floor":39,"key":"Dexterity Potion"}],"is_trial":false,"path_per_floor":["M","$","M","M","?","R","E","R","T","R","M","E","M","E","R","B",null,"M","M","?","$","?","E","M","R","T","E","?","$","E","M","R","B",null,"M","M","$","?","M","R","?","R","T","M","E","T","E","$","R","B",null],"character_chosen":"DEFECT","items_purchased":["Strength Potion","FTL","Echo Form","Fission","Loop","Bag of Preparation","PanicButton","Chrysalis"],"campfire_rested":0,"item_purchase_floors":[2,2,21,29,37,48,48,48],"current_hp_per_floor":[68,68,68,68,68,68,53,53,53,53,53,42,36,36,36,36,68,68,68,68,68,68,68,68,68,68,59,59,59,59,59,59,58,73,73,73,73,64,64,64,64,64,64,64,64,64,64,64,64,52],"gold":171,"neow_bonus":"TEN_PERCENT_HP_BONUS","is_prod":false,"is_daily":false,"chose_seed":false,"campfire_upgraded":9,"win_rate":0,"timestamp":1550557000,"path_taken":["M","$","M","M","?","R","E","R","T","R","M","E","M","E","R","BOSS","M","M","?","$","?","E","M","R","T","E","?","$","E","M","R","BOSS","M","M","$","?","M","R","?","R","T","M","E","?","E","$","R","BOSS"],"build_version":"2019-01-23","purchased_purges":2,"victory":true,"max_hp_per_floor":[78,78,78,78,78,78,78,78,78,78,78,78,78,78,78,78,78,78,78,78,78,78,78,78,78,78,78,78,78,78,78,78,78,78,78,78,78,78,78,78,78,78,78,78,78,78,78,78,78,78],"card_choices":[{"not_picked":["Recycle","Rebound"],"picked":"Genetic Algorithm","floor":1.0},{"not_picked":["Steam Power","Steam"],"picked":"Go for the Eyes","floor":3.0},{"not_picked":["Recycle","Rebound"],"picked":"Ball Lightning","floor":4.0},{"not_picked":["Leap","White Noise"],"picked":"Electrodynamics","floor":7.0},{"not_picked":["Turbo","Reprogram"],"picked":"Reinforced Body","floor":11.0},{"not_picked":["Sweeping Beam","Streamline","Go for the Eyes"],"picked":"SKIP","floor":12.0},{"not_picked":["Storm","Darkness"],"picked":"Conserve Battery","floor":13.0},{"not_picked":["FTL","Reprogram"],"picked":"Skim","floor":14.0},{"not_picked":["Meteor Strike","Machine Learning"],"picked":"Electrodynamics","floor":16.0},{"not_picked":["Hologram","Beam Cell"],"picked":"Cold Snap+1","floor":18.0},{"not_picked":["Skim","Hello World"],"picked":"Leap","floor":19.0},{"not_picked":["Barrage+1","Steam","Streamline"],"picked":"SKIP","floor":23.0},{"not_picked":["Barrage+1","Steam","Streamline"],"picked":"SKIP","floor":23.0},{"not_picked":["Ball Lightning","Coolheaded+1"],"picked":"Capacitor","floor":24.0},{"not_picked":["FTL","Reinforced Body"],"picked":"Glacier","floor":27.0},{"not_picked":["Beam Cell","Skim","Tempest+1"],"picked":"Chill","floor":30.0},{"not_picked":["Redo","Gash","Undo"],"picked":"Chaos+1","floor":31.0},{"not_picked":["Fission","All For One","Meteor Strike"],"picked":"Biased Cognition","floor":33.0},{"not_picked":["Ball Lightning","Turbo+1","Reprogram","Beam Cell"],"picked":"SKIP","floor":35},{"not_picked":["Redo+1","Conserve Battery+1","Beam Cell+1"],"picked":"Core Surge","floor":36},{"not_picked":["Compile Driver","Sweeping Beam","Redo+1","Streamline"],"picked":"SKIP","floor":39},{"not_picked":["Gash+1","Coolheaded","Streamline+1","Auto Shields"],"picked":"SKIP","floor":44},{"not_picked":["Recycle","Reinforced Body","Loop"],"picked":"Creative AI","floor":45},{"not_picked":["Auto Shields+1","Reinforced Body","Turbo"],"picked":"Leap+1","floor":47}],"player_experience":2222978,"relics_obtained":[{"floor":7.0,"key":"Turnip"},{"floor":9.0,"key":"Pocketwatch"},{"floor":12.0,"key":"Letter Opener"},{"floor":14.0,"key":"FossilizedHelix"},{"floor":23.0,"key":"Whetstone"},{"floor":27.0,"key":"Question Card"},{"floor":30.0,"key":"Mummified Hand"},{"floor":38,"key":"Gambling Chip"},{"floor":41,"key":"Old Coin"},{"floor":45,"key":"Regal Pillow"},{"floor":47,"key":"Emotion Chip"}],"event_choices":[{"cards_removed":["Strike_B"],"damage_healed":0.0,"max_hp_gain":0.0,"max_hp_loss":0.0,"gold_gain":0.0,"event_name":"Purifier","player_choice":"Purged","floor":5.0,"gold_loss":0.0,"damage_taken":0.0},{"damage_healed":0.0,"max_hp_gain":0.0,"max_hp_loss":0.0,"gold_gain":0.0,"event_name":"Forgotten Altar","player_choice":"Smashed Altar","floor":20.0,"gold_loss":0.0,"damage_taken":0.0,"cards_obtained":["Decay"]},{"damage_healed":0.0,"max_hp_gain":0.0,"max_hp_loss":0.0,"gold_gain":0.0,"event_name":"The Mausoleum","player_choice":"Ignored","floor":22.0,"gold_loss":0.0,"damage_taken":0.0},{"damage_healed":0.0,"max_hp_gain":0.0,"max_hp_loss":0.0,"gold_gain":0.0,"event_name":"Back to Basics","player_choice":"Simplicity","floor":28.0,"gold_loss":0.0,"damage_taken":0.0,"cards_upgraded":["Strike_B","Defend_B","Defend_B","Defend_B","Defend_B"]},{"damage_healed":0,"gold_gain":0,"player_choice":"Fight","damage_taken":0,"max_hp_gain":0,"max_hp_loss":0,"event_name":"Mysterious Sphere","floor":38,"gold_loss":0},{"damage_healed":0,"gold_gain":0,"player_choice":"Fight","damage_taken":0,"max_hp_gain":0,"max_hp_loss":0,"event_name":"MindBloom","floor":41,"gold_loss":0}],"is_beta":false,"boss_relics":[{"not_picked":["White Beast Statue","FrozenCore"],"picked":"Cursed Key"},{"not_picked":["Orrery","Coffee Dripper"],"picked":"Runic Pyramid"}],"items_purged_floors":[21,37],"is_endless":false,"potions_floor_spawned":[1,11,13,14,16,18,24,30,31,35,39,41,47],"ascension_level":15}