{"gold_per_floor":[16,191,141,141,160,160,160,185,232,251,269,269,280,297,297,401,401,419,235,235,235,253,253,0,0,27,43,0,18,18,18,18,122,122,137,137,137,137,52,52,66,83,109,109,109,122,122,122,122,122],"floor_reached":50,"playtime":7055,"items_purged":["Strike_G","Defend_G"],"score":509,"play_id":"48391a3f-6171-4628-866b-d7f2bb2a6df1","local_time":"20190407004233","is_ascension_mode":true,"campfire_choices":[{"floor":6.0,"key":"REST"},{"floor":12.0,"key":"REST"},{"data":"Forethought","floor":15.0,"key":"SMITH"},{"floor":23.0,"key":"REST"},{"floor":25.0,"key":"REST"},{"data":"Tools of the Trade","floor":32.0,"key":"SMITH"},{"floor":40.0,"key":"REST"},{"floor":44,"key":"REST"},{"floor":49,"key":"REST"}],"neow_cost":"NO_GOLD","seed_source_timestamp":0,"circlet_count":0,"master_deck":["Defend_G","Defend_G","Defend_G","Survivor","Neutralize","Bandage Up+1","Forethought+1","Dagger Spray","Backflip","Poisoned Stab","Bane","Tools of the Trade+1","Phantasmal Killer+1","Riddle With Holes+1","Deflect+1","Footwork","Dagger Spray","Flash of Steel","Poisoned Stab+1","Bite","Bite","Bite","Bite","Bite","Corpse Explosion","Crippling Poison","Madness","Madness","Bandage Up","Deep Breath","Bandage Up"],"special_seed":0,"relics":["Ring of the Snake","Mango","Omamori","Bag of Preparation","Astrolabe","Juzu Bracelet","Oddly Smooth Stone","Busted Crown","Potion Belt"],"potions_floor_usage":[42,42],"damage_taken":[{"damage":15.0,"enemies":"Jaw Worm","floor":1.0,"turns":7.0},{"damage":0.0,"enemies":"2 Louse","floor":5.0,"turns":2.0},{"damage":44.0,"enemies":"Lagavulin","floor":8.0,"turns":11.0},{"damage":0.0,"enemies":"Cultist","floor":10.0,"turns":3.0},{"damage":9.0,"enemies":"Red Slaver","floor":11.0,"turns":5.0},{"damage":2.0,"enemies":"2 Fungi Beasts","floor":13.0,"turns":5.0},{"damage":0.0,"enemies":"Exordium Thugs","floor":14.0,"turns":4.0},{"damage":54.0,"enemies":"The Guardian","floor":16.0,"turns":18.0},{"damage":13.0,"enemies":"Chosen","floor":18.0,"turns":5.0},{"damage":0.0,"enemies":"2 Thieves","floor":20.0,"turns":1.0},{"damage":38.0,"enemies":"Centurion and Healer","floor":22.0,"turns":7.0},{"damage":28.0,"enemies":"Shelled Parasite and Fungi","floor":27.0,"turns":5.0},{"damage":8.0,"enemies":"Cultist and Chosen","floor":29.0,"turns":6.0},{"damage":89.0,"enemies":"Collector","floor":33.0,"turns":17.0},{"damage":7.0,"enemies":"3 Shapes","floor":35.0,"turns":8.0},{"damage":0.0,"enemies":"3 Darklings","floor":41.0,"turns":2.0},{"damage":73,"enemies":"Transient","floor":42,"turns":5},{"damage":51,"enemies":"Maw","floor":46,"turns":10},{"damage":81,"enemies":"Donu and Deca","floor":50,"turns":4}],"seed_played":"-2095678527113449347","potions_obtained":[{"floor":8.0,"key":"SteroidPotion"},{"floor":11.0,"key":"Block Potion"},{"floor":13.0,"key":"SmokeBomb"},{"floor":14.0,"key":"PowerPotion"},{"floor":18.0,"key":"FearPotion"},{"floor":33.0,"key":"Dexterity Potion"},{"floor":41.0,"key":"Fire Potion"},{"floor":46,"key":"Poison Potion"}],"is_trial":false,"path_per_floor":["M","?","?","?","M","R","?","E","T","M","M","R","M","M","R","B",null,"M","$","M","?","M","R","$","R","T","M","?","M","?","$","R","B",null,"M","?","?","?","$","R","M","M","T","R","?","M","$","?","R","B"],"character_chosen":"THE_SILENT","items_purchased":["Dagger Spray","Flash of Steel","Juzu Bracelet","Bandage Up"],"campfire_rested":7,"item_purchase_floors":[19,19,24,39],"current_hp_per_floor":[59,59,59,45,51,70,84,46,46,52,49,74,78,84,84,36,84,77,77,77,77,45,70,70,84,84,62,62,60,58,58,58,7,58,58,51,46,46,46,58,58,3,3,20,58,28,28,28,45,0],"gold":122,"neow_bonus":"RANDOM_COLORLESS_2","is_prod":false,"is_daily":false,"chose_seed":false,"campfire_upgraded":2,"win_rate":0,"timestamp":1554594153,"path_taken":["M","?","?","?","M","R","?","E","T","M","M","R","M","M","R","BOSS","M","$","M","?","M","R","$","R","T","M","?","M","?","?","R","BOSS","M","?","?","?","$","R","M","M","T","R","?","M","$","?","R","BOSS"],"build_version":"2019-01-23","purchased_purges":2,"victory":false,"max_hp_per_floor":[70,70,70,70,70,70,84,84,84,84,84,84,84,84,84,84,84,84,84,84,84,84,84,84,84,84,84,84,84,58,58,58,58,58,58,58,58,58,58,58,58,58,58,58,58,58,58,58,58,58],"card_choices":[{"not_picked":["Infinite Blades","Slice"],"picked":"Poisoned Stab","floor":1.0},{"not_picked":["Masterful Stab","Flying Knee"],"picked":"Dagger Spray","floor":5.0},{"not_picked":["Terror","PiercingWail"],"picked":"Backflip","floor":8.0},{"not_picked":["Bane","Outmaneuver","Backflip"],"picked":"SKIP","floor":10.0},{"not_picked":["Malaise","Blade Dance"],"picked":"Poisoned Stab","floor":11.0},{"not_picked":["Dagger Throw","Acrobatics"],"picked":"Bane","floor":13.0},{"not_picked":["Finisher","Acrobatics","Distraction"],"picked":"SKIP","floor":14.0},{"not_picked":["Unload","Wraith Form v2"],"picked":"Tools of the Trade","floor":16.0},{"not_picked":["Underhanded Strike+1","Deflect"],"picked":"Footwork","floor":18.0},{"not_picked":["Accuracy","Finisher+1","Dodge and Roll"],"picked":"SKIP","floor":22.0},{"not_picked":["Dagger Spray","Reflex"],"picked":"Poisoned Stab+1","floor":27.0},{"not_picked":["Bane","PiercingWail","Grand Finale"],"picked":"SKIP","floor":29.0},{"not_picked":["A Thousand Cuts","Glass Knife"],"picked":"Corpse Explosion","floor":33.0},{"not_picked":[],"picked":"Crippling Poison","floor":35.0},{"not_picked":[],"picked":"Bandage Up","floor":37.0},{"not_picked":[],"picked":"Deep Breath","floor":37.0},{"not_picked":["Eviscerate"],"picked":"SKIP","floor":41.0},{"not_picked":["Bane"],"picked":"SKIP","floor":42},{"not_picked":["Expertise+1"],"picked":"SKIP","floor":46}],"player_experience":511948,"relics_obtained":[{"floor":8.0,"key":"Omamori"},{"floor":9.0,"key":"Bag of Preparation"},{"floor":26.0,"key":"Oddly Smooth Stone"},{"floor":43,"key":"Potion Belt"}],"event_choices":[{"damage_healed":0.0,"max_hp_gain":0.0,"max_hp_loss":0.0,"gold_gain":175.0,"event_name":"Liars Game","player_choice":"AGREE","floor":2.0,"gold_loss":0.0,"damage_taken":0.0,"cards_obtained":["Doubt"]},{"cards_removed":["Doubt"],"damage_healed":0.0,"max_hp_gain":0.0,"max_hp_loss":0.0,"gold_gain":0.0,"event_name":"The Cleric","player_choice":"Card Removal","floor":3.0,"gold_loss":50.0,"damage_taken":0.0},{"damage_healed":0.0,"max_hp_gain":0.0,"max_hp_loss":0.0,"gold_gain":0.0,"event_name":"Shining Light","player_choice":"Entered Light","floor":4.0,"gold_loss":0.0,"damage_taken":14.0,"cards_upgraded":["Bandage Up","Strike_G"]},{"cards_removed":["Poisoned Stab"],"damage_healed":0.0,"max_hp_gain":0.0,"max_hp_loss":0.0,"gold_gain":0.0,"event_name":"WeMeetAgain","player_choice":"Gave Card","floor":7.0,"gold_loss":0.0,"damage_taken":0.0,"relics_obtained":["Mango"]},{"cards_removed":["Strike_G"],"damage_healed":0.0,"max_hp_gain":0.0,"max_hp_loss":0.0,"gold_gain":0.0,"event_name":"Purifier","player_choice":"Purged","floor":21.0,"gold_loss":0.0,"damage_taken":0.0},{"damage_healed":0.0,"max_hp_gain":0.0,"max_hp_loss":0.0,"gold_gain":0.0,"event_name":"Masked Bandits","player_choice":"Paid Fearfully","floor":28.0,"gold_loss":43.0,"damage_taken":0.0},{"damage_healed":0.0,"max_hp_gain":0.0,"max_hp_loss":26.0,"gold_gain":0.0,"event_name":"Vampires","player_choice":"Became a vampire","floor":30.0,"gold_loss":0.0,"damage_taken":0.0,"cards_obtained":["Bite","Bite","Bite","Bite","Bite"]},{"damage_healed":0.0,"max_hp_gain":0.0,"max_hp_loss":0.0,"gold_gain":0.0,"event_name":"Winding Halls","player_choice":"Embrace Madness","floor":36.0,"gold_loss":0.0,"damage_taken":7.0,"cards_obtained":["Madness","Madness"]},{"damage_healed":0.0,"max_hp_gain":0.0,"max_hp_loss":0.0,"gold_gain":0.0,"event_name":"SensoryStone","player_choice":"Memory 2","floor":37.0,"gold_loss":0.0,"damage_taken":5.0},{"damage_healed":0.0,"max_hp_gain":0.0,"max_hp_loss":0.0,"gold_gain":0.0,"event_name":"Purifier","player_choice":"Ignored","floor":38.0,"gold_loss":0.0,"damage_taken":0.0},{"damage_healed":38,"gold_gain":0,"player_choice":"Heal","damage_taken":0,"max_hp_gain":0,"max_hp_loss":0,"event_name":"MindBloom","floor":45,"gold_loss":0,"cards_obtained":["Doubt"]},{"damage_healed":0,"gold_gain":0,"player_choice":"Ignored","damage_taken":0,"max_hp_gain":0,"max_hp_loss":0,"event_name":"Mysterious Sphere","floor":48,"gold_loss":0}],"is_beta":false,"boss_relics":[{"not_picked":["Velvet Choker","Runic Pyramid"],"picked":"Astrolabe"},{"not_picked":["Runic Dome","Tiny House"],"picked":"Busted Crown"}],"items_purged_floors":[19,24],"is_endless":false,"potions_floor_spawned":[8,11,13,14,18,33,41,46],"killed_by":"Donu and Deca","ascension_level":2}