{"gold_per_floor":[117,17,17,17,77,109,127,127,151,201,201,228,228,340,340,414,414,429,404,369,47,72,105,105,135,135,185,185,235,264,314,314,314],"floor_reached":33,"playtime":1235,"items_purged":["Strike_G","Strike_G"],"score":660,"play_id":"e4be9a03-995d-434f-9a7b-ebcf25a57183","local_time":"20190407165745","is_ascension_mode":true,"campfire_choices":[{"data":"Skewer","floor":8.0,"key":"SMITH"},{"data":"Neutralize","floor":11.0,"key":"SMITH"},{"data":"Outmaneuver","floor":13.0,"key":"SMITH"},{"data":"Well Laid Plans","floor":15.0,"key":"SMITH"},{"data":"Calculated Gamble","floor":24.0,"key":"SMITH"},{"data":"Tactician","floor":28.0,"key":"SMITH"},{"data":"Acrobatics","floor":32,"key":"SMITH"}],"neow_cost":"NONE","seed_source_timestamp":18393087067400,"circlet_count":0,"master_deck":["AscendersBane","Defend_G","Defend_G","Defend_G","Defend_G","Defend_G","Survivor","Neutralize+1","Acrobatics+1","Calculated Gamble+1","Well Laid Plans+1","Terror","Outmaneuver+1","Glass Knife+1","Eviscerate+1","Concentrate","Tactician+1"],"special_seed":0,"relics":["Ring of the Snake","NeowsBlessing","SsserpentHead","Regal Pillow","Anchor","Dodecahedron","Molten Egg 2","Empty Cage","Bag of Preparation","Happy Flower","Dream Catcher","Matryoshka","Strawberry","Ornamental Fan","Smiling Mask","Oddly Smooth Stone"],"potions_floor_usage":[],"damage_taken":[{"damage":0.0,"enemies":"Small Slimes","floor":1.0,"turns":1.0},{"damage":0.0,"enemies":"2 Louse","floor":5.0,"turns":1.0},{"damage":0.0,"enemies":"Lagavulin","floor":6.0,"turns":1.0},{"damage":1.0,"enemies":"Cultist","floor":7.0,"turns":4.0},{"damage":8.0,"enemies":"Gremlin Nob","floor":12.0,"turns":3.0},{"damage":29.0,"enemies":"Lagavulin Event","floor":14.0,"turns":4.0},{"damage":20.0,"enemies":"Hexaghost","floor":16.0,"turns":9.0},{"damage":4.0,"enemies":"Shell Parasite","floor":18.0,"turns":5.0},{"damage":4.0,"enemies":"2 Thieves","floor":22.0,"turns":4.0},{"damage":12.0,"enemies":"Slavers","floor":23.0,"turns":6.0},{"damage":1.0,"enemies":"Gremlin Leader","floor":25.0,"turns":5.0},{"damage":22,"enemies":"Book of Stabbing","floor":30,"turns":6},{"damage":38,"enemies":"Champ","floor":33,"turns":18}],"seed_played":"2257436661958496444","potions_obtained":[{"floor":1.0,"key":"Block Potion"},{"floor":6.0,"key":"FearPotion"},{"floor":22.0,"key":"Ancient Potion"}],"is_trial":false,"path_per_floor":["M","$","?","?","M","E","M","R","T","?","R","E","R","?","R","B",null,"M","?","?","$","M","E","R","E","T","?","R","?","E","T","R","B"],"character_chosen":"THE_SILENT","items_purchased":["Acrobatics","Happy Flower","Weak Potion"],"campfire_rested":0,"item_purchase_floors":[2,21,21],"current_hp_per_floor":[59,59,59,59,59,59,58,58,58,63,63,55,55,26,26,6,55,51,51,51,51,47,35,35,34,41,41,41,41,19,19,19,0],"gold":314,"neow_bonus":"THREE_ENEMY_KILL","is_prod":false,"is_daily":false,"chose_seed":false,"campfire_upgraded":7,"win_rate":0,"timestamp":1554627465,"path_taken":["M","$","?","?","?","E","M","R","T","?","R","E","R","?","R","BOSS","M","?","?","$","?","E","R","E","T","?","R","?","E","?","R","BOSS"],"build_version":"2019-04-04","purchased_purges":2,"victory":false,"max_hp_per_floor":[66,66,66,66,66,66,66,66,66,71,71,71,71,71,71,71,71,71,71,71,71,71,71,71,71,78,78,78,78,78,78,78,78],"card_choices":[{"not_picked":["Prepared","Acrobatics"],"picked":"Skewer","floor":1.0},{"not_picked":["Cloak And Dagger","Outmaneuver"],"picked":"Calculated Gamble","floor":5.0},{"not_picked":["Endless Agony","Wraith Form v2"],"picked":"Well Laid Plans","floor":6.0},{"not_picked":["Crippling Poison","PiercingWail"],"picked":"Terror","floor":7.0},{"not_picked":["Slice","Quick Slash"],"picked":"Outmaneuver","floor":12.0},{"not_picked":["Corpse Explosion","Night Terror"],"picked":"Glass Knife+1","floor":16.0},{"not_picked":["Deflect","Blur","Expertise"],"picked":"SKIP","floor":18.0},{"not_picked":["Blur","Accuracy"],"picked":"Eviscerate+1","floor":22.0},{"not_picked":["Infinite Blades+1","Dodge and Roll","Sucker Punch+1"],"picked":"SKIP","floor":23.0},{"not_picked":["Poisoned Stab+1","Heel Hook+1"],"picked":"Concentrate","floor":25.0},{"not_picked":["PiercingWail+1","Choke+1","Grand Finale+1"],"picked":"SKIP","floor":30}],"player_experience":1336742,"relics_obtained":[{"floor":6.0,"key":"Regal Pillow"},{"floor":9.0,"key":"Anchor"},{"floor":12.0,"key":"Dodecahedron"},{"floor":23.0,"key":"Dream Catcher"},{"floor":25.0,"key":"Matryoshka"},{"floor":26.0,"key":"Strawberry"},{"floor":26.0,"key":"Ornamental Fan"},{"floor":30,"key":"Smiling Mask"},{"floor":31,"key":"Oddly Smooth Stone"}],"event_choices":[{"damage_healed":0.0,"max_hp_gain":0.0,"max_hp_loss":0.0,"gold_gain":0.0,"event_name":"The Cleric","player_choice":"Leave","floor":3.0,"gold_loss":0.0,"damage_taken":0.0},{"damage_healed":0.0,"max_hp_gain":0.0,"max_hp_loss":0.0,"gold_gain":0.0,"event_name":"FaceTrader","player_choice":"Trade","floor":4.0,"gold_loss":0.0,"damage_taken":0.0,"relics_obtained":["SsserpentHead"]},{"damage_healed":0.0,"max_hp_gain":5.0,"max_hp_loss":0.0,"gold_gain":0.0,"event_name":"Big Fish","player_choice":"Donut","floor":10.0,"gold_loss":0.0,"damage_taken":0.0},{"damage_healed":0.0,"max_hp_gain":0.0,"max_hp_loss":0.0,"gold_gain":0.0,"event_name":"Dead Adventurer","player_choice":"Searched \u00273\u0027 times","floor":14.0,"gold_loss":0.0,"damage_taken":0.0,"relics_obtained":["Molten Egg 2"]},{"cards_removed":["Strike_G"],"damage_healed":0.0,"max_hp_gain":0.0,"max_hp_loss":0.0,"gold_gain":0.0,"event_name":"Beggar","player_choice":"Gave Gold","floor":19.0,"gold_loss":75.0,"damage_taken":0.0},{"damage_healed":0.0,"max_hp_gain":0.0,"max_hp_loss":0.0,"gold_gain":0.0,"event_name":"Addict","player_choice":"Obtained Relic","floor":20.0,"gold_loss":85.0,"damage_taken":0.0,"relics_obtained":["Bag of Preparation"]},{"damage_healed":0.0,"max_hp_gain":0.0,"max_hp_loss":0.0,"gold_gain":0.0,"event_name":"The Library","player_choice":"Read","floor":27.0,"gold_loss":0.0,"damage_taken":0.0,"cards_obtained":["Tactician"]},{"cards_removed":["Skewer"],"damage_healed":0.0,"max_hp_gain":0.0,"max_hp_loss":0.0,"gold_gain":0.0,"event_name":"Back to Basics","player_choice":"Elegance","floor":29.0,"gold_loss":0.0,"damage_taken":0.0}],"is_beta":true,"boss_relics":[{"not_picked":["Philosopher\u0027s Stone","Runic Dome"],"picked":"Empty Cage"}],"items_purged_floors":[2,21],"is_endless":false,"potions_floor_spawned":[1,6,7,22,25],"killed_by":"Champ","ascension_level":20}