{"gold_per_floor":[18,38,38,38,3,3,21,54,127,127,141,173,173,198,198,269,269,283,295,66,81,0,26,26,36,59,59,79,112,126,26,26,100,100,113,113,113,123,143,174,174,185,185,200,213,213,248,264,264,264],"floor_reached":51,"playtime":5072,"items_purged":["Strike_G","Defend_G"],"score":1527,"play_id":"0b5080f2-e3b1-48bd-98d8-5033946e3555","local_time":"20180721191539","is_ascension_mode":true,"campfire_choices":[{"data":"Cloak And Dagger","floor":6.0,"key":"SMITH"},{"data":"Neutralize","floor":10.0,"key":"SMITH"},{"data":"Backflip","floor":13.0,"key":"SMITH"},{"data":"Strike_G","floor":15.0,"key":"PURGE"},{"data":"Glass Knife","floor":24,"key":"SMITH"},{"floor":27,"key":"REST"},{"data":"Well Laid Plans","floor":32,"key":"SMITH"},{"data":"Cloak And Dagger","floor":41,"key":"SMITH"},{"data":"After Image","floor":46,"key":"SMITH"},{"data":"Accuracy","floor":49,"key":"SMITH"}],"neow_cost":"NO_GOLD","seed_source_timestamp":36264667685365,"circlet_count":0,"master_deck":["Defend_G+1","Defend_G","Defend_G","Defend_G","Strike_G","Strike_G","Strike_G","Survivor","Neutralize+1","AscendersBane","Calculated Gamble+1","Cloak And Dagger+1","Backstab","Flying Knee","Backstab","Backflip+1","Endless Agony+1","Leg Sweep","Glass Knife+1","Prepared+1","Well Laid Plans+1","Backstab+1","Escape Plan","Leg Sweep","After Image+1","Cloak And Dagger+1","Blur","Accuracy+1","Cloak And Dagger+1","Footwork+1"],"special_seed":0,"relics":["Ring of the Snake","Tingsha","Blood Vial","War Paint","Kunai","Pear","Peace Pipe","Black Star","Singing Bowl","Paper Crane","Strawberry","Oddly Smooth Stone","Happy Flower","WristBlade","Darkstone Periapt","Dodecahedron","Du-Vu Doll","Potion Belt","Whetstone"],"potions_floor_usage":[16,16,29,33,50,50],"damage_taken":[{"damage":0.0,"enemies":"Cultist","floor":1.0,"turns":4.0},{"damage":0.0,"enemies":"Small Slimes","floor":2.0,"turns":2.0},{"damage":0.0,"enemies":"Jaw Worm","floor":7.0,"turns":3.0},{"damage":23.0,"enemies":"Lagavulin","floor":8.0,"turns":7.0},{"damage":0.0,"enemies":"Red Slaver","floor":11.0,"turns":2.0},{"damage":3.0,"enemies":"3 Sentries","floor":12.0,"turns":7.0},{"damage":15.0,"enemies":"Lagavulin","floor":14.0,"turns":7.0},{"damage":26,"enemies":"Slime Boss","floor":16,"turns":12},{"damage":2,"enemies":"2 Thieves","floor":18,"turns":5},{"damage":0,"enemies":"Chosen","floor":19,"turns":4},{"damage":0,"enemies":"Centurion and Healer","floor":21,"turns":7},{"damage":25,"enemies":"Gremlin Leader","floor":23,"turns":13},{"damage":6,"enemies":"Snake Plant","floor":25,"turns":5},{"damage":7,"enemies":"Slaver and Parasite","floor":28,"turns":6},{"damage":0,"enemies":"Slavers","floor":29,"turns":8},{"damage":4,"enemies":"Snecko","floor":30,"turns":6},{"damage":0,"enemies":"Champ","floor":33,"turns":26},{"damage":0,"enemies":"3 Shapes","floor":35,"turns":3},{"damage":0,"enemies":"Orb Walker","floor":38,"turns":2},{"damage":0,"enemies":"Spire Growth","floor":39,"turns":4},{"damage":0,"enemies":"Giant Head","floor":40,"turns":10},{"damage":0,"enemies":"Transient","floor":42,"turns":5},{"damage":0,"enemies":"Flame Bruiser 2 Orb","floor":44,"turns":4},{"damage":0,"enemies":"Maw","floor":45,"turns":7},{"damage":0,"enemies":"2 Orb Walkers","floor":47,"turns":7},{"damage":0,"enemies":"4 Shapes","floor":48,"turns":4},{"damage":10,"enemies":"Time Eater","floor":50,"turns":18}],"seed_played":"-946078922107106949","potions_obtained":[{"floor":1.0,"key":"SkillPotion"},{"floor":4.0,"key":"Block Potion"},{"floor":12.0,"key":"SteroidPotion"},{"floor":16,"key":"FairyPotion"},{"floor":23,"key":"SteroidPotion"},{"floor":29,"key":"LiquidBronze"},{"floor":30,"key":"SkillPotion"},{"floor":33,"key":"GamblersBrew"},{"floor":44,"key":"SpeedPotion"},{"floor":45,"key":"EssenceOfSteel"},{"floor":48,"key":"Dexterity Potion"}],"is_trial":false,"path_per_floor":["M","M","?","?","$","R","M","E","T","R","M","E","R","E","R","B",null,"M","M","$","M","$","E","R","M","T","R","M","E","M","$","R","B",null,"M","?","?","M","M","E","R","M","T","M","M","R","E","M","R","B"],"character_chosen":"THE_SILENT","items_purchased":["Backstab","Well Laid Plans","Backstab","Footwork"],"campfire_rested":1,"item_purchase_floors":[5,20,20,22],"current_hp_per_floor":[59,59,54,54,54,54,56,35,35,35,37,46,46,33,33,9,59,59,61,61,63,63,42,42,40,47,73,68,72,72,72,72,74,87,89,89,89,91,93,93,93,95,95,97,99,99,99,101,101,91],"gold":264,"neow_bonus":"ONE_RARE_RELIC","is_prod":false,"is_daily":false,"chose_seed":false,"campfire_upgraded":8,"win_rate":0,"timestamp":1532225739,"path_taken":["M","M","?","?","?","R","M","E","T","R","M","E","R","E","R","BOSS","M","M","$","?","$","E","R","M","T","R","M","E","M","$","R","BOSS","M","?","?","M","M","E","R","?","T","M","M","R","E","M","R","BOSS"],"build_version":"2018-07-19v2","purchased_purges":2,"victory":true,"max_hp_per_floor":[66,66,66,66,66,66,66,66,66,66,66,76,76,76,76,76,76,76,76,76,76,76,78,78,80,87,87,87,89,91,91,91,91,91,91,91,91,91,93,93,93,95,95,97,99,99,99,101,101,101],"card_choices":[{"not_picked":["Distraction","Prepared"],"picked":"Calculated Gamble","floor":1.0},{"not_picked":["Outmaneuver","PiercingWail"],"picked":"Cloak And Dagger","floor":2.0},{"not_picked":["Prepared","Deflect"],"picked":"Flying Knee","floor":7.0},{"not_picked":["Unload","Underhanded Strike"],"picked":"Backstab","floor":8.0},{"not_picked":["Acrobatics","Flying Knee"],"picked":"Backflip","floor":11.0},{"not_picked":["Phantasmal Killer","Tactician"],"picked":"Endless Agony","floor":12.0},{"not_picked":["Poisoned Stab","Dagger Throw"],"picked":"Leg Sweep","floor":14.0},{"not_picked":["Wraith Form v2","Phantasmal Killer"],"picked":"Glass Knife","floor":16},{"not_picked":["Blade Dance","Eviscerate"],"picked":"Prepared+1","floor":18},{"not_picked":["Crippling Poison","Endless Agony","Outmaneuver"],"picked":"SKIP","floor":19},{"not_picked":["Poisoned Stab+1","Backflip"],"picked":"Escape Plan","floor":21},{"not_picked":["Underhanded Strike+1","Bouncing Flask","Skewer"],"picked":"Singing Bowl","floor":23},{"not_picked":["PiercingWail","Dash","Terror"],"picked":"Singing Bowl","floor":25},{"not_picked":["Dodge and Roll","Dagger Throw"],"picked":"Leg Sweep","floor":28},{"not_picked":["Predator","Dodge and Roll","Backstab"],"picked":"Singing Bowl","floor":29},{"not_picked":["Outmaneuver","Eviscerate","Poisoned Stab"],"picked":"Singing Bowl","floor":30},{"not_picked":["Die Die Die","Bullet Time"],"picked":"After Image","floor":33},{"not_picked":["Deadly Poison","Choke"],"picked":"Cloak And Dagger+1","floor":35},{"not_picked":["Outmaneuver+1","Poisoned Stab"],"picked":"Accuracy","floor":38},{"not_picked":["Accuracy","Underhanded Strike","Concentrate+1"],"picked":"Singing Bowl","floor":39},{"not_picked":["Quick Slash","Backstab"],"picked":"Cloak And Dagger","floor":40},{"not_picked":["Masterful Stab+1","Acrobatics","Heel Hook"],"picked":"Singing Bowl","floor":42},{"not_picked":["Dagger Spray+1","Heel Hook","Distraction+1"],"picked":"Singing Bowl","floor":44},{"not_picked":["Masterful Stab+1","Concentrate","Choke"],"picked":"Singing Bowl","floor":45},{"not_picked":["Concentrate","Backflip+1"],"picked":"Footwork+1","floor":47},{"not_picked":["Underhanded Strike","Quick Slash+1","Setup"],"picked":"Singing Bowl","floor":48}],"player_experience":835252,"relics_obtained":[{"floor":8.0,"key":"War Paint"},{"floor":9.0,"key":"Kunai"},{"floor":12.0,"key":"Pear"},{"floor":14.0,"key":"Peace Pipe"},{"floor":23,"key":"Singing Bowl"},{"floor":23,"key":"Paper Crane"},{"floor":26,"key":"Strawberry"},{"floor":29,"key":"Oddly Smooth Stone"},{"floor":29,"key":"Happy Flower"},{"floor":40,"key":"Darkstone Periapt"},{"floor":40,"key":"Dodecahedron"},{"floor":43,"key":"Du-Vu Doll"},{"floor":47,"key":"Potion Belt"},{"floor":47,"key":"Whetstone"}],"event_choices":[{"event_name":"Scrap Ooze","player_choice":"success","floor":3.0,"damage_taken":5.0},{"event_name":"The Lab","player_choice":"Got Potions","floor":4.0,"damage_taken":0.0},{"event_name":"Falling","player_choice":"Removed Power","floor":36,"damage_taken":0},{"event_name":"Match and Keep!","player_choice":"1 cards matched","floor":37,"damage_taken":0}],"is_beta":false,"boss_relics":[{"not_picked":["Coffee Dripper","Runic Pyramid"],"picked":"Black Star"},{"not_picked":["Orrery","Velvet Choker"],"picked":"WristBlade"}],"items_purged_floors":[20,31],"is_endless":false,"potions_floor_spawned":[1,12,16,23,29,30,33,44,45,48],"ascension_level":15}