{"gold_per_floor":[117,117,134,134,134,161,161,177,258,533,533,548,133,133,133,229,229,249,264,264,264,39,39,69,69,69,103,103,120,120,140,140,237,237,256,275,275,74,74,104,124,124,173,198,198,198,209,221,221,221],"floor_reached":50,"playtime":2117,"items_purged":["Regret","Shame","Strike_B+1"],"score":756,"play_id":"c7bbd939-d8c9-408c-8d75-e2fa6c58a6b6","local_time":"20180824201051","is_ascension_mode":true,"campfire_choices":[{"data":"Go for the Eyes","floor":7.0,"key":"SMITH"},{"data":"Dualcast","floor":15,"key":"SMITH"},{"data":"Electrodynamics","floor":23,"key":"SMITH"},{"floor":25,"key":"REST"},{"data":"Dark Shackles","floor":28,"key":"SMITH"},{"floor":32,"key":"REST"},{"floor":42,"key":"REST"},{"floor":45,"key":"REST"},{"floor":49,"key":"REST"}],"neow_cost":"NONE","seed_source_timestamp":0,"circlet_count":0,"master_deck":["Strike_B+1","Strike_B+1","Strike_B+1","Defend_B+1","Defend_B+1","Defend_B+1","Defend_B+1","Zap","Dualcast+1","Go for the Eyes+1","Self Repair","Defragment+1","Hello World","Hello World","Electrodynamics+1","Ball Lightning","Leap+1","Capacitor","Dark Shackles+1","Reinforced Body+1","BootSequence+1","Loop","Thunder Strike","Coolheaded+1","Auto Shields+1","Creative AI","Steam Power","Heatsinks+1","Ball Lightning+1","Madness","Madness","Turbo+1"],"special_seed":0,"relics":["Cracked Core","NeowsBlessing","Juzu Bracelet","Regal Pillow","Meat on the Bone","Smiling Mask","Spirit Poop","Cables","Sozu","Mercury Hourglass","Nunchaku","Singing Bowl","Turnip","Fusion Hammer","Gremlin Horn","Orichalcum","Vajra"],"potions_floor_usage":[16,19,50],"damage_taken":[{"damage":0.0,"enemies":"2 Louse","floor":1.0,"turns":1.0},{"damage":0.0,"enemies":"Cultist","floor":3.0,"turns":1.0},{"damage":0.0,"enemies":"3 Sentries","floor":6.0,"turns":1.0},{"damage":5.0,"enemies":"Small Slimes","floor":8.0,"turns":3.0},{"damage":4,"enemies":"2 Fungi Beasts","floor":12,"turns":3},{"damage":4,"enemies":"Slime Boss","floor":16,"turns":6},{"damage":16,"enemies":"Shell Parasite","floor":18,"turns":5},{"damage":7,"enemies":"3 Byrds","floor":19,"turns":3},{"damage":59,"enemies":"Gremlin Leader","floor":24,"turns":6},{"damage":17,"enemies":"Book of Stabbing","floor":27,"turns":6},{"damage":16,"enemies":"Shelled Parasite and Fungi","floor":29,"turns":4},{"damage":23,"enemies":"3 Cultists","floor":31,"turns":4},{"damage":54,"enemies":"Automaton","floor":33,"turns":8},{"damage":0,"enemies":"3 Shapes","floor":35,"turns":4},{"damage":0,"enemies":"Flame Bruiser 1 Orb","floor":36,"turns":5},{"damage":41,"enemies":"2 Orb Walkers","floor":40,"turns":4},{"damage":12,"enemies":"Maw","floor":41,"turns":7},{"damage":3,"enemies":"Giant Head","floor":44,"turns":10},{"damage":0,"enemies":"Flame Bruiser 2 Orb","floor":47,"turns":5},{"damage":28,"enemies":"Spire Growth","floor":48,"turns":6},{"damage":89,"enemies":"Donu and Deca","floor":50,"turns":6}],"seed_played":"-4190801029206388295","potions_obtained":[{"floor":3.0,"key":"FearPotion"},{"floor":8.0,"key":"Strength Potion"},{"floor":12,"key":"LiquidBronze"}],"is_trial":false,"path_per_floor":["M","?","M","?","?","E","R","M","T","?","?","M","$","?","R","B",null,"M","M","?","?","$","R","E","R","T","E","R","M","?","M","R","B",null,"M","M","?","$","?","E","M","R","T","E","R","?","M","M","R"],"character_chosen":"DEFECT","items_purchased":["Cables","Hello World","Turbo","Capacitor","Dark Shackles","Creative AI","Steam Power"],"campfire_rested":5,"item_purchase_floors":[13,13,13,22,22,38,38],"current_hp_per_floor":[68,68,68,75,72,72,72,74,74,74,74,70,70,70,70,73,75,66,66,66,66,66,66,26,63,63,55,55,39,39,35,73,38,67,74,77,77,77,77,55,50,77,77,79,79,69,78,50,81,0],"gold":221,"neow_bonus":"THREE_ENEMY_KILL","is_prod":false,"is_daily":false,"chose_seed":false,"campfire_upgraded":4,"win_rate":0,"timestamp":1535134251,"path_taken":["M","?","M","?","?","E","R","M","T","?","?","M","$","?","R","BOSS","M","M","?","?","$","R","E","R","T","E","R","M","?","M","R","BOSS","M","M","?","$","?","E","M","R","T","E","R","?","M","M","R","BOSS"],"build_version":"2018-08-23v2","purchased_purges":3,"victory":false,"max_hp_per_floor":[75,75,75,75,75,75,75,75,75,75,75,75,75,75,75,75,75,75,75,75,75,75,75,75,75,75,77,77,77,77,77,77,77,77,77,77,77,77,77,77,77,77,77,79,79,79,81,81,81,81],"card_choices":[{"not_picked":["Streamline","Compile Driver","Barrage"],"picked":"SKIP","floor":1.0},{"not_picked":["Steam","Redo"],"picked":"Go for the Eyes","floor":3.0},{"not_picked":["Hologram","Stack"],"picked":"Self Repair","floor":6.0},{"not_picked":["Ball Lightning","Conserve Battery"],"picked":"Defragment","floor":8.0},{"not_picked":["Rip and Tear","Leap"],"picked":"Hello World","floor":12},{"not_picked":["Buffer","Amplify"],"picked":"Electrodynamics","floor":16},{"not_picked":["Reinforced Body+1","Doom and Gloom"],"picked":"Ball Lightning","floor":18},{"not_picked":["Gash","Streamline+1"],"picked":"Leap+1","floor":19},{"not_picked":["Fusion","Go for the Eyes"],"picked":"Reinforced Body+1","floor":24},{"not_picked":["Hologram","All For One","Sweeping Beam"],"picked":"Singing Bowl","floor":27},{"not_picked":["Aggregate+1","Stack"],"picked":"BootSequence+1","floor":29},{"not_picked":["Conserve Battery+1","Gash"],"picked":"Loop","floor":31},{"not_picked":["Fission","All For One"],"picked":"Thunder Strike","floor":33},{"not_picked":["Hologram+1","Steam"],"picked":"Coolheaded+1","floor":35},{"not_picked":["Turbo+1","Sweeping Beam"],"picked":"Auto Shields+1","floor":36},{"not_picked":["Gash","Turbo+1"],"picked":"Heatsinks+1","floor":40},{"not_picked":["Leap","Recycle"],"picked":"Ball Lightning+1","floor":41},{"not_picked":["Rebound+1","Steam","Leap"],"picked":"Singing Bowl","floor":44},{"not_picked":["Steam","Stack","Force Field"],"picked":"Singing Bowl","floor":47},{"not_picked":["Streamline","Hello World"],"picked":"Turbo+1","floor":48}],"player_experience":259177,"relics_obtained":[{"floor":6.0,"key":"Meat on the Bone"},{"floor":9.0,"key":"Smiling Mask"},{"floor":24,"key":"Nunchaku"},{"floor":26,"key":"Singing Bowl"},{"floor":27,"key":"Turnip"},{"floor":40,"key":"Gremlin Horn"},{"floor":43,"key":"Orichalcum"},{"floor":44,"key":"Vajra"}],"event_choices":[{"event_name":"Accursed Blacksmith","player_choice":"Rummage","floor":2.0,"damage_taken":0.0},{"event_name":"Wheel of Change","player_choice":"Full Heal","floor":4.0,"damage_taken":0.0},{"event_name":"Scrap Ooze","player_choice":"success","floor":5.0,"damage_taken":3.0},{"event_name":"Golden Shrine","player_choice":"Desecrate","floor":10.0,"damage_taken":0.0},{"event_name":"Bonfire Elementals","player_choice":"CURSE","floor":11,"damage_taken":0},{"event_name":"Living Wall","player_choice":"Grow","floor":14,"damage_taken":0},{"event_name":"Back to Basics","player_choice":"Simplicity","floor":20,"damage_taken":0},{"event_name":"Addict","player_choice":"Stole Relic","floor":21,"damage_taken":0},{"event_name":"The Lab","player_choice":"Got Potions","floor":30,"damage_taken":0},{"event_name":"The Woman in Blue","player_choice":"Bought 0 Potions","floor":37,"damage_taken":0},{"event_name":"Falling","player_choice":"Removed Skill","floor":39,"damage_taken":0},{"event_name":"Winding Halls","player_choice":"Embrace Madness","floor":46,"damage_taken":0}],"is_beta":false,"boss_relics":[{"not_picked":["FrozenCore","Astrolabe"],"picked":"Sozu"},{"not_picked":["Empty Cage","Runic Pyramid"],"picked":"Fusion Hammer"}],"items_purged_floors":[13,22,38],"is_endless":false,"potions_floor_spawned":[3,8,12,18,27,33,40,41,44],"killed_by":"Donu and Deca","ascension_level":7}