{"gold_per_floor":[117,130,130,130,148,178,228],"floor_reached":7,"playtime":181,"items_purged":[],"score":102,"play_id":"c9379b20-3a28-4340-a269-ea3e44252e4a","local_time":"20181225185837","is_ascension_mode":true,"campfire_choices":[],"neow_cost":"NONE","seed_source_timestamp":0,"circlet_count":0,"master_deck":["AscendersBane","Defend_G","Defend_G","Defend_G","Defend_G","Defend_G","Strike_G","Strike_G","Strike_G","Strike_G","Strike_G","Survivor","Neutralize","Skewer","Slice","Terror","Flechettes"],"relics":["Ring of the Snake","PreservedInsect","The Courier","SsserpentHead","Happy Flower"],"potions_floor_usage":[6],"damage_taken":[{"damage":13,"enemies":"Jaw Worm","floor":1,"turns":7},{"damage":2,"enemies":"Small Slimes","floor":2,"turns":3},{"damage":0,"enemies":"Cultist","floor":5,"turns":3},{"damage":36,"enemies":"Lagavulin","floor":6,"turns":7},{"damage":2,"enemies":"Exordium Wildlife","floor":7,"turns":2}],"seed_played":"-6055332814112144689","potions_obtained":[{"floor":5,"key":"LiquidBronze"},{"floor":6,"key":"SmokeBomb"}],"is_trial":false,"path_per_floor":["M","M","?","?","M","E","M"],"character_chosen":"THE_SILENT","items_purchased":[],"campfire_rested":0,"item_purchase_floors":[],"current_hp_per_floor":[46,44,39,39,39,3,1],"gold":228,"neow_bonus":"RANDOM_COMMON_RELIC","is_prod":false,"is_daily":false,"chose_seed":true,"campfire_upgraded":0,"win_rate":0,"timestamp":1545735517,"path_taken":["M","M","?","?","M","E","?"],"build_version":"2018-12-20","purchased_purges":0,"victory":false,"max_hp_per_floor":[66,66,66,66,66,66,66],"card_choices":[{"not_picked":["PiercingWail","Dodge and Roll"],"picked":"Skewer","floor":1},{"not_picked":["Prepared","Sucker Punch"],"picked":"Slice","floor":2},{"not_picked":["Concentrate","Acrobatics"],"picked":"Terror","floor":5},{"not_picked":["Choke","Sucker Punch"],"picked":"Flechettes","floor":6}],"player_experience":2445666,"relics_obtained":[{"floor":6,"key":"Happy Flower"}],"event_choices":[{"damage_healed":0,"gold_gain":0,"player_choice":"Success","damage_taken":5,"relics_obtained":["The Courier"],"max_hp_gain":0,"max_hp_loss":0,"event_name":"Scrap Ooze","floor":3,"gold_loss":0},{"damage_healed":0,"gold_gain":0,"player_choice":"Trade","damage_taken":0,"relics_obtained":["SsserpentHead"],"max_hp_gain":0,"max_hp_loss":0,"event_name":"FaceTrader","floor":4,"gold_loss":0}],"is_beta":false,"boss_relics":[],"items_purged_floors":[],"is_endless":false,"potions_floor_spawned":[5,6],"killed_by":"Exordium Wildlife","ascension_level":20}