{"gold_per_floor":[367,382,382,393,5,31,31,63,86,86,117,117,132,150,150,226,226,246,171,171,187,112,112,139,139,139,139,150,25,25,50,50,124,124,142,154,166,211,1,1,35,335,361,387,399,399,416,445,445,445,445,445,445,24,57,57],"floor_reached":57,"playtime":3248,"items_purged":["Defend_B","Decay"],"score":3387,"play_id":"1d6e5b52-ef14-4bda-8171-30edc6949620","local_time":"20181201181737","is_ascension_mode":true,"campfire_choices":[{"data":"Beam Cell","floor":7.0,"key":"SMITH"},{"floor":10.0,"key":"REST"},{"floor":15.0,"key":"REST"},{"data":"Dualcast","floor":23.0,"key":"SMITH"},{"data":"Streamline","floor":25.0,"key":"SMITH"},{"data":"Defragment","floor":32.0,"key":"SMITH"},{"floor":40.0,"key":"RECALL"}],"neow_cost":"TEN_PERCENT_HP_LOSS","seed_source_timestamp":1287233907215,"circlet_count":0,"master_deck":["AscendersBane","Strike_B","Strike_B","Strike_B","Defend_B","Defend_B","Zap","Dualcast+1","Lockon+1","Streamline+1","Beam Cell+1","Leap+1","Discovery+1","Ball Lightning","White Noise+1","Leap+1","Leap+1","Multi-Cast+1","Glacier+1","Double Energy+1","Hologram+1","Defragment+1","Coolheaded+1","White Noise+1","Seek+1","Steam Power+1","Self Repair","Skim+1","Coolheaded+1","BootSequence+1","Madness+1","Madness+1","Skim+1","Consume+1","Undo+1"],"special_seed":0,"relics":["Cracked Core","Toxic Egg 2","Ancient Tea Set","Bronze Scales","Happy Flower","Blue Candle","Coffee Dripper","Red Mask","Oddly Smooth Stone","Shuriken","Dead Branch","Fusion Hammer","FossilizedHelix","OrangePellets","Art of War","Molten Egg 2","Blood Vial","Anchor","ClockworkSouvenir","Lantern"],"potions_floor_usage":[56],"damage_taken":[{"damage":7.0,"enemies":"2 Louse","floor":1.0,"turns":3.0},{"damage":8.0,"enemies":"Small Slimes","floor":2.0,"turns":3.0},{"damage":1.0,"enemies":"Cultist","floor":4.0,"turns":3.0},{"damage":18.0,"enemies":"Lagavulin","floor":6.0,"turns":8.0},{"damage":5.0,"enemies":"3 Sentries","floor":8.0,"turns":5.0},{"damage":29.0,"enemies":"Gremlin Nob","floor":11.0,"turns":4.0},{"damage":7.0,"enemies":"Exordium Wildlife","floor":13.0,"turns":4.0},{"damage":0.0,"enemies":"Looter","floor":14.0,"turns":2.0},{"damage":0.0,"enemies":"The Guardian","floor":16.0,"turns":10.0},{"damage":0.0,"enemies":"3 Byrds","floor":18.0,"turns":2.0},{"damage":11.0,"enemies":"Chosen","floor":21.0,"turns":5.0},{"damage":33.0,"enemies":"Masked Bandits","floor":24.0,"turns":4.0},{"damage":2.0,"enemies":"Sentry and Sphere","floor":28.0,"turns":7.0},{"damage":1.0,"enemies":"Gremlin Leader","floor":31.0,"turns":6.0},{"damage":14.0,"enemies":"Collector","floor":33.0,"turns":9.0},{"damage":0.0,"enemies":"3 Shapes","floor":35.0,"turns":3.0},{"damage":0.0,"enemies":"Orb Walker","floor":36.0,"turns":2.0},{"damage":0.0,"enemies":"3 Darklings","floor":37.0,"turns":4.0},{"damage":5.0,"enemies":"2 Orb Walkers","floor":38.0,"turns":3.0},{"damage":0.0,"enemies":"Reptomancer","floor":41.0,"turns":5.0},{"damage":0.0,"enemies":"Nemesis","floor":44.0,"turns":7.0},{"damage":6.0,"enemies":"4 Shapes","floor":45.0,"turns":3.0},{"damage":0.0,"enemies":"Sphere and 2 Shapes","floor":47.0,"turns":3.0},{"damage":0.0,"enemies":"Reptomancer","floor":48.0,"turns":5.0},{"damage":0.0,"enemies":"Time Eater","floor":50.0,"turns":17.0},{"damage":0.0,"enemies":"Donu and Deca","floor":51.0,"turns":11.0},{"damage":25.0,"enemies":"Shield and Spear","floor":55.0,"turns":6.0},{"damage":31,"enemies":"The Heart","floor":56,"turns":10}],"seed_played":"-7711136206137151337","potions_obtained":[{"floor":4.0,"key":"Strength Potion"},{"floor":6.0,"key":"FearPotion"},{"floor":13.0,"key":"Explosive Potion"},{"floor":21.0,"key":"Regen Potion"},{"floor":31.0,"key":"SmokeBomb"},{"floor":33.0,"key":"Explosive Potion"},{"floor":35.0,"key":"AttackPotion"},{"floor":41.0,"key":"FocusPotion"},{"floor":44.0,"key":"GamblersBrew"}],"is_trial":false,"path_per_floor":["M","M","?","M","$","E","R","E","T","R","E","?","M","M","R","B",null,"M","$","?","M","?","R","?","R","T","?","M","$","$","E","R","B",null,"M","M","M","?","$","R","E","?","T","E","M","?","M","E","R","B","B",null,"R","$","E","B",null],"character_chosen":"DEFECT","items_purchased":["Toxic Egg 2","Leap+1","Discovery+1","Coolheaded+1","OrangePellets","Anchor","Undo+1","ClockworkSouvenir"],"campfire_rested":2,"item_purchase_floors":[5,5,5,29,39,54,54,54],"current_hp_per_floor":[57,49,42,41,41,23,23,18,18,37,8,8,1,1,20,20,53,53,53,53,42,42,42,21,21,21,21,19,19,19,18,18,4,49,49,49,49,51,51,51,58,58,58,64,64,52,59,64,64,64,64,64,64,64,46,24],"gold":57,"neow_bonus":"TWO_FIFTY_GOLD","is_prod":false,"is_daily":false,"chose_seed":false,"campfire_upgraded":4,"win_rate":0,"timestamp":1543659457,"path_taken":["M","M","?","M","$","E","R","E","T","R","E","?","?","M","R","BOSS","M","$","?","M","?","R","?","R","T","?","?","?","$","E","R","BOSS","M","M","?","?","$","R","E","?","T","E","?","?","M","E","R","BOSS","BOSS","R","$","E","BOSS"],"build_version":"2018-11-15","purchased_purges":2,"victory":true,"max_hp_per_floor":[64,64,64,64,64,64,64,64,64,64,64,64,64,64,64,64,64,64,64,64,64,64,64,64,64,64,64,64,64,64,64,64,64,64,64,64,64,64,64,64,64,64,64,64,64,64,64,64,64,64,64,64,64,64,64,64],"card_choices":[{"not_picked":["Cold Snap","Turbo"],"picked":"Lockon","floor":1.0},{"not_picked":["Compile Driver","FTL"],"picked":"Streamline","floor":2.0},{"not_picked":["Melter","Self Repair"],"picked":"Beam Cell","floor":4.0},{"not_picked":["Cold Snap","White Noise+1"],"picked":"Ball Lightning","floor":6.0},{"not_picked":["Sweeping Beam","Melter","Thunder Strike"],"picked":"SKIP","floor":8.0},{"not_picked":["Chill+1","Barrage"],"picked":"White Noise+1","floor":11.0},{"not_picked":["Gash","Sweeping Beam"],"picked":"Leap+1","floor":13.0},{"not_picked":["Sweeping Beam","Rebound"],"picked":"Leap+1","floor":14.0},{"not_picked":["Echo Form","Rainbow+1"],"picked":"Multi-Cast+1","floor":16.0},{"not_picked":["Beam Cell","Streamline"],"picked":"Glacier+1","floor":18.0},{"not_picked":["Sweeping Beam","BootSequence+1"],"picked":"Double Energy+1","floor":21.0},{"not_picked":["Capacitor","BootSequence+1"],"picked":"Hologram+1","floor":24.0},{"not_picked":["Ball Lightning","Core Surge"],"picked":"Defragment","floor":28.0},{"not_picked":["Coolheaded+1","Melter"],"picked":"White Noise+1","floor":31.0},{"not_picked":["Amplify+1","Machine Learning"],"picked":"Seek+1","floor":33.0},{"not_picked":["Gash","Conserve Battery+1"],"picked":"Steam Power+1","floor":35.0},{"not_picked":["Steam+1","Blizzard","Redo+1"],"picked":"SKIP","floor":36.0},{"not_picked":["Steam+1","Hologram+1"],"picked":"Self Repair","floor":37.0},{"not_picked":["Hologram+1","Rebound"],"picked":"Skim+1","floor":38.0},{"not_picked":["Rainbow+1","Stack+1"],"picked":"Coolheaded+1","floor":41.0},{"not_picked":["Streamline","Go for the Eyes","Doom and Gloom"],"picked":"SKIP","floor":44.0},{"not_picked":["Streamline","Go for the Eyes","Doom and Gloom"],"picked":"SKIP","floor":44.0},{"not_picked":["Beam Cell+1","Genetic Algorithm+1"],"picked":"BootSequence+1","floor":45.0},{"not_picked":["Redo+1","Sunder+1"],"picked":"Skim+1","floor":47.0},{"not_picked":["Aggregate+1","Core Surge+1"],"picked":"Consume+1","floor":48.0},{"not_picked":["Consume+1","Fusion+1","Tempest+1"],"picked":"SKIP","floor":55.0}],"player_experience":2234471,"relics_obtained":[{"floor":6.0,"key":"Ancient Tea Set"},{"floor":8.0,"key":"Bronze Scales"},{"floor":9.0,"key":"Happy Flower"},{"floor":11.0,"key":"Blue Candle"},{"floor":24.0,"key":"Red Mask"},{"floor":26.0,"key":"Oddly Smooth Stone"},{"floor":31.0,"key":"Dead Branch"},{"floor":38.0,"key":"FossilizedHelix"},{"floor":41.0,"key":"Art of War"},{"floor":44.0,"key":"Molten Egg 2"},{"floor":48.0,"key":"Blood Vial"},{"floor":55.0,"key":"Lantern"}],"event_choices":[{"cards_removed":["Strike_B"],"damage_healed":0.0,"max_hp_gain":0.0,"max_hp_loss":0.0,"gold_gain":0.0,"event_name":"Golden Wing","player_choice":"Card Removal","floor":3.0,"gold_loss":0.0,"damage_taken":7.0},{"damage_healed":0.0,"max_hp_gain":0.0,"max_hp_loss":0.0,"gold_gain":0.0,"event_name":"Upgrade Shrine","player_choice":"Upgraded","floor":12.0,"gold_loss":0.0,"damage_taken":0.0,"cards_upgraded":["Lockon"]},{"damage_healed":0.0,"max_hp_gain":0.0,"max_hp_loss":0.0,"gold_gain":0.0,"event_name":"Forgotten Altar","player_choice":"Smashed Altar","floor":20.0,"gold_loss":0.0,"damage_taken":0.0,"cards_obtained":["Decay"]},{"cards_removed":["Defend_B"],"damage_healed":0.0,"max_hp_gain":0.0,"max_hp_loss":0.0,"gold_gain":0.0,"event_name":"Beggar","player_choice":"Gave Gold","floor":22.0,"gold_loss":75.0,"damage_taken":0.0},{"damage_healed":0.0,"max_hp_gain":0.0,"max_hp_loss":0.0,"gold_gain":0.0,"event_name":"Masked Bandits","player_choice":"Fought Bandits","floor":24.0,"gold_loss":0.0,"damage_taken":0.0},{"damage_healed":0.0,"max_hp_gain":0.0,"max_hp_loss":0.0,"gold_gain":0.0,"event_name":"WeMeetAgain","player_choice":"Gave Potion","floor":27.0,"gold_loss":0.0,"damage_taken":0.0,"relics_obtained":["Shuriken"]},{"damage_healed":0.0,"max_hp_gain":0.0,"max_hp_loss":0.0,"gold_gain":0.0,"event_name":"Mysterious Sphere","player_choice":"Fight","floor":38.0,"gold_loss":0.0,"damage_taken":0.0},{"damage_healed":0.0,"max_hp_gain":0.0,"max_hp_loss":0.0,"gold_gain":300.0,"event_name":"Wheel of Change","player_choice":"Gold","floor":42.0,"gold_loss":0.0,"damage_taken":0.0},{"damage_healed":0.0,"max_hp_gain":0.0,"max_hp_loss":0.0,"gold_gain":0.0,"event_name":"Winding Halls","player_choice":"Embrace Madness","floor":46.0,"gold_loss":0.0,"damage_taken":12.0,"cards_obtained":["Madness","Madness"]}],"is_beta":false,"boss_relics":[{"not_picked":["FrozenCore","Empty Cage"],"picked":"Coffee Dripper"},{"not_picked":["Snecko Eye","White Beast Statue"],"picked":"Fusion Hammer"}],"items_purged_floors":[19,29],"is_endless":false,"potions_floor_spawned":[4,6,13,21,31,33,35,41,44,47],"ascension_level":20}