{"gold_per_floor":[114,127,142,160,160,160,190,190,190,200,200,200,220,237,237,237],"floor_reached":16,"playtime":513,"items_purged":[],"score":203,"play_id":"70013eb4-7fad-4e13-94b8-cffd5ed8cceb","local_time":"20190428224644","is_ascension_mode":true,"campfire_choices":[{"data":"Fiend Fire","floor":6,"key":"SMITH"},{"data":"Shockwave","floor":8,"key":"SMITH"},{"data":"Bash","floor":12,"key":"SMITH"},{"floor":15,"key":"REST"}],"neow_cost":"NONE","seed_source_timestamp":203199178689300,"circlet_count":0,"master_deck":["AscendersBane","Strike_R","Strike_R","Strike_R","Strike_R","Defend_R","Defend_R","Defend_R","Defend_R","Bash+1","Fiend Fire+1","Iron Wave","Shockwave+1","Shrug It Off","Heavy Blade","Shrug It Off","Headbutt","Shrug It Off"],"relics":["Burning Blood","Unceasing Top","Gambling Chip"],"potions_floor_usage":[16,16],"damage_taken":[{"damage":6,"enemies":"Cultist","floor":1,"turns":3},{"damage":12,"enemies":"Jaw Worm","floor":2,"turns":2},{"damage":4,"enemies":"Small Slimes","floor":3,"turns":3},{"damage":16,"enemies":"3 Louse","floor":4,"turns":3},{"damage":6,"enemies":"Gremlin Nob","floor":7,"turns":3},{"damage":0,"enemies":"Blue Slaver","floor":10,"turns":2},{"damage":23,"enemies":"Exordium Thugs","floor":13,"turns":5},{"damage":18,"enemies":"Lots of Slimes","floor":14,"turns":4},{"damage":49,"enemies":"Hexaghost","floor":16,"turns":9}],"seed_played":"62240808089708060","potions_obtained":[{"floor":2,"key":"Ancient Potion"},{"floor":10,"key":"Poison Potion"},{"floor":11,"key":"LiquidBronze"},{"floor":11,"key":"Block Potion"}],"is_trial":false,"path_per_floor":["M","M","M","M","?","R","E","R","T","M","?","R","M","M","R","B"],"character_chosen":"IRONCLAD","items_purchased":[],"campfire_rested":1,"item_purchase_floors":[],"current_hp_per_floor":[68,62,64,54,47,47,47,47,47,53,53,53,36,24,46,0],"gold":237,"neow_bonus":"ONE_RANDOM_RARE_CARD","is_prod":false,"is_daily":false,"chose_seed":false,"campfire_upgraded":3,"win_rate":0,"timestamp":1556480804,"path_taken":["M","?","?","M","?","R","E","R","T","M","?","R","M","?","R","BOSS"],"build_version":"2019-01-23","purchased_purges":0,"victory":false,"max_hp_per_floor":[75,75,75,75,75,75,75,75,75,75,75,75,75,75,75,75],"card_choices":[{"not_picked":["Warcry","Thunderclap"],"picked":"Iron Wave","floor":1},{"not_picked":["Uppercut","Sentinel"],"picked":"Shockwave","floor":2},{"not_picked":["Fire Breathing","Warcry"],"picked":"Shrug It Off","floor":3},{"not_picked":["Perfected Strike","Body Slam"],"picked":"Heavy Blade","floor":4},{"not_picked":["Dual Wield","Thunderclap"],"picked":"Shrug It Off","floor":7},{"not_picked":["Intimidate","Body Slam"],"picked":"Headbutt","floor":10},{"not_picked":["Warcry","Power Through","Seeing Red"],"picked":"SKIP","floor":13},{"not_picked":["Clash","Pummel"],"picked":"Shrug It Off","floor":14}],"player_experience":354678,"relics_obtained":[{"floor":7,"key":"Unceasing Top"},{"floor":9,"key":"Gambling Chip"}],"event_choices":[{"cards_removed":["Strike_R"],"damage_healed":0,"gold_gain":0,"player_choice":"Card Removal","damage_taken":7,"max_hp_gain":0,"max_hp_loss":0,"event_name":"Golden Wing","floor":5,"gold_loss":0},{"damage_healed":0,"gold_gain":0,"player_choice":"Got Potions","damage_taken":0,"max_hp_gain":0,"max_hp_loss":0,"event_name":"Lab","floor":11,"gold_loss":0}],"is_beta":false,"boss_relics":[],"items_purged_floors":[],"is_endless":false,"potions_floor_spawned":[2,10,13],"killed_by":"Hexaghost","ascension_level":19}