{"gold_per_floor":[112,3,21,21,31,31,31,106,185,201,128,139,151,151,151,255,255,269,292,312,312,330,356,356,118,142,142,162,162,214,214,214,317,317,333,333,352,752,770,788,788,801,801,801,828,828,845,845,845,845],"floor_reached":51,"playtime":7624,"items_purged":[],"score":687,"play_id":"f5fe41ff-30ef-4798-bcd5-5ab97443b9e1","local_time":"20190103001239","is_ascension_mode":false,"campfire_choices":[{"data":"Armaments","floor":6,"key":"SMITH"},{"data":"Anger","floor":15,"key":"SMITH"},{"data":"Whirlwind","floor":24,"key":"SMITH"},{"data":"Thunderclap","floor":27,"key":"SMITH"},{"data":"Limit Break","floor":29,"key":"SMITH"},{"floor":32,"key":"REST"},{"data":"Sword Boomerang","floor":41,"key":"SMITH"},{"floor":44,"key":"REST"},{"floor":46,"key":"REST"},{"data":"Spot Weakness","floor":49,"key":"SMITH"}],"neow_cost":"NONE","seed_source_timestamp":10721953068990,"circlet_count":0,"master_deck":["Strike_R+1","Strike_R+1","Strike_R","Defend_R","Defend_R","Defend_R","Defend_R","Bash","Armaments+1","Whirlwind+1","Inflame","Ghostly Armor","Shrug It Off","Searing Blow","Anger+1","Shrug It Off+1","Spot Weakness+1","Headbutt","Bash","Limit Break+1","Sword Boomerang+1","Inflame+1","Thunderclap+1","Double Tap","Body Slam+1","Reaper","Warcry+1","Ghostly Armor","Armaments+1","Twin Strike+1","Body Slam+1"],"relics":["Burning Blood","Mercury Hourglass","Empty Cage","Lantern","Pantograph","Matryoshka","Bronze Scales","Happy Flower","Blood Vial","Bag of Preparation","Runic Pyramid","Old Coin","Sundial","Bag of Marbles"],"potions_floor_usage":[20,23,33,40,50,50,50],"damage_taken":[{"damage":11,"enemies":"Jaw Worm","floor":1,"turns":4},{"damage":17,"enemies":"Small Slimes","floor":3,"turns":4},{"damage":3,"enemies":"2 Louse","floor":5,"turns":3},{"damage":3,"enemies":"Red Slaver","floor":10,"turns":4},{"damage":0,"enemies":"3 Louse","floor":12,"turns":2},{"damage":0,"enemies":"Lots of Slimes","floor":13,"turns":1},{"damage":38,"enemies":"The Guardian","floor":16,"turns":9},{"damage":17,"enemies":"2 Thieves","floor":18,"turns":5},{"damage":7,"enemies":"3 Byrds","floor":20,"turns":4},{"damage":7,"enemies":"Shelled Parasite and Fungi","floor":22,"turns":6},{"damage":37,"enemies":"Gremlin Leader","floor":23,"turns":7},{"damage":1,"enemies":"Cultist and Chosen","floor":28,"turns":4},{"damage":49,"enemies":"Collector","floor":33,"turns":7},{"damage":2,"enemies":"Orb Walker","floor":35,"turns":3},{"damage":15,"enemies":"3 Shapes","floor":37,"turns":4},{"damage":12,"enemies":"Mind Bloom Boss Battle","floor":38,"turns":6},{"damage":16,"enemies":"Writhing Mass","floor":39,"turns":4},{"damage":31,"enemies":"Transient","floor":40,"turns":5},{"damage":24,"enemies":"Jaw Worm Horde","floor":42,"turns":2},{"damage":89,"enemies":"Reptomancer","floor":45,"turns":7},{"damage":12,"enemies":"4 Shapes","floor":47,"turns":4},{"damage":92,"enemies":"Donu and Deca","floor":50,"turns":6}],"seed_played":"1425003551016672805","potions_obtained":[{"floor":1,"key":"SpeedPotion"},{"floor":13,"key":"SteroidPotion"},{"floor":16,"key":"Fire Potion"},{"floor":20,"key":"Fire Potion"},{"floor":28,"key":"PowerPotion"},{"floor":38,"key":"SpeedPotion"},{"floor":40,"key":"SkillPotion"},{"floor":42,"key":"Regen Potion"},{"floor":47,"key":"AttackPotion"}],"is_trial":false,"path_per_floor":["M","$","M","?","M","R","?","?","T","M","$","M","M","?","R","B",null,"M","T","M","?","M","E","R","$","T","R","M","R","T","?","R","B",null,"M","?","M","?","M","M","R","M","T","R","E","R","M","?","R","B",null],"character_chosen":"IRONCLAD","items_purchased":["Whirlwind","Inflame","Anger","Shrug It Off","Matryoshka"],"campfire_rested":3,"item_purchase_floors":[2,2,11,11,25],"current_hp_per_floor":[83,83,72,77,80,80,61,50,50,53,53,59,65,65,65,33,93,82,82,81,81,80,49,49,49,49,49,54,54,54,36,65,49,98,98,98,89,92,84,61,61,45,45,74,31,60,70,70,70,69],"gold":845,"neow_bonus":"TEN_PERCENT_HP_BONUS","is_prod":false,"is_daily":false,"chose_seed":false,"campfire_upgraded":7,"win_rate":0.0,"timestamp":1546481559,"path_taken":["M","$","M","?","M","R","?","?","T","M","$","M","M","?","R","BOSS","M","?","M","?","?","E","R","$","T","R","M","R","?","?","R","BOSS","M","?","M","?","M","M","R","M","T","R","E","R","M","?","R","BOSS"],"build_version":"2018-12-20","purchased_purges":0,"victory":true,"max_hp_per_floor":[88,88,88,93,93,93,93,93,93,93,93,93,93,93,93,93,93,93,93,93,93,93,93,93,93,93,93,93,93,93,98,98,98,98,98,98,98,98,98,98,98,98,98,98,98,98,98,98,98,98],"card_choices":[{"not_picked":["Headbutt","Searing Blow"],"picked":"Armaments","floor":1},{"not_picked":["Second Wind","Dropkick"],"picked":"Ghostly Armor","floor":3},{"not_picked":["Clothesline","Body Slam"],"picked":"Shrug It Off","floor":5},{"not_picked":["Blood for Blood","Corruption"],"picked":"Searing Blow","floor":10},{"not_picked":["Cleave","Burning Pact"],"picked":"Spot Weakness","floor":12},{"not_picked":["Rage","Shrug It Off"],"picked":"Headbutt","floor":13},{"not_picked":["Demon Form","Impervious"],"picked":"Limit Break","floor":16},{"not_picked":["Clothesline+1","Body Slam"],"picked":"Sword Boomerang","floor":18},{"not_picked":["Cleave","Uppercut+1"],"picked":"Inflame+1","floor":20},{"not_picked":["Corruption","Pummel"],"picked":"Thunderclap","floor":22},{"not_picked":["Cleave","Thunderclap"],"picked":"Double Tap","floor":23},{"not_picked":["Twin Strike","Cleave"],"picked":"Body Slam+1","floor":28},{"not_picked":["Limit Break","Juggernaut"],"picked":"Reaper","floor":33},{"not_picked":["Power Through+1","Searing Blow+1"],"picked":"Warcry+1","floor":35},{"not_picked":["True Grit+1","Anger+1"],"picked":"Ghostly Armor","floor":37},{"not_picked":["Pummel","Headbutt"],"picked":"Armaments+1","floor":38},{"not_picked":["Warcry","Searing Blow+1"],"picked":"Twin Strike+1","floor":39},{"not_picked":["Pommel Strike+1","Armaments","Metallicize"],"picked":"SKIP","floor":40},{"not_picked":["Intimidate","Uppercut+1","Cleave"],"picked":"SKIP","floor":42},{"not_picked":["Uppercut+1","Reaper","Combust+1"],"picked":"SKIP","floor":45},{"not_picked":["Cleave+1","Rupture"],"picked":"Body Slam+1","floor":47}],"player_experience":43918,"relics_obtained":[{"floor":9,"key":"Mercury Hourglass"},{"floor":19,"key":"Lantern"},{"floor":23,"key":"Pantograph"},{"floor":26,"key":"Bronze Scales"},{"floor":26,"key":"Happy Flower"},{"floor":30,"key":"Blood Vial"},{"floor":30,"key":"Bag of Preparation"},{"floor":38,"key":"Old Coin"},{"floor":43,"key":"Sundial"},{"floor":45,"key":"Bag of Marbles"}],"event_choices":[{"damage_healed":0,"gold_gain":0,"player_choice":"Donut","damage_taken":0,"max_hp_gain":5,"max_hp_loss":0,"event_name":"Big Fish","floor":4,"gold_loss":0},{"damage_healed":0,"gold_gain":0,"player_choice":"Entered Light","damage_taken":19,"max_hp_gain":0,"max_hp_loss":0,"event_name":"Shining Light","floor":7,"gold_loss":0,"cards_upgraded":["Strike_R","Strike_R"]},{"damage_healed":0,"gold_gain":75,"player_choice":"Gather Gold","damage_taken":11,"max_hp_gain":0,"max_hp_loss":0,"event_name":"World of Goop","floor":8,"gold_loss":0},{"damage_healed":0,"gold_gain":0,"player_choice":"2 cards matched","damage_taken":0,"max_hp_gain":0,"max_hp_loss":0,"event_name":"Match and Keep!","floor":14,"gold_loss":0,"cards_obtained":["Offering","Bash"]},{"cards_removed":["Strike_R"],"damage_healed":0,"gold_gain":0,"player_choice":"Offered Basic","damage_taken":0,"max_hp_gain":0,"max_hp_loss":0,"event_name":"Bonfire Elementals","floor":21,"gold_loss":0},{"damage_healed":0,"gold_gain":0,"player_choice":"Shed Blood","damage_taken":23,"max_hp_gain":5,"max_hp_loss":0,"event_name":"Forgotten Altar","floor":31,"gold_loss":0},{"damage_healed":0,"gold_gain":0,"player_choice":"Ignored","damage_taken":0,"max_hp_gain":0,"max_hp_loss":0,"event_name":"Tomb of Lord Red Mask","floor":36,"gold_loss":0},{"damage_healed":0,"gold_gain":0,"player_choice":"Fight","damage_taken":0,"max_hp_gain":0,"max_hp_loss":0,"event_name":"MindBloom","floor":38,"gold_loss":0},{"damage_healed":0,"gold_gain":0,"player_choice":"Forge","damage_taken":0,"max_hp_gain":0,"max_hp_loss":0,"event_name":"Accursed Blacksmith","floor":48,"gold_loss":0,"cards_upgraded":["Shrug It Off"]}],"is_beta":false,"boss_relics":[{"not_picked":["Fusion Hammer","White Beast Statue"],"picked":"Empty Cage"},{"not_picked":["Coffee Dripper","Astrolabe"],"picked":"Runic Pyramid"}],"items_purged_floors":[],"is_endless":false,"potions_floor_spawned":[1,13,16,20,28,38,40,42,47],"ascension_level":0}