{"gold_per_floor":[109,119,194,212,223,223,223,223,223,255,255,174,174,200,200,274,274,290,215,215,230,246,280,280,308,308,324,324,324,324,342,342,416,416,434,434,434,434,434,434,463,90,115,145,445,456,456,474,474,474,474],"floor_reached":52,"playtime":2410,"items_purged":[],"score":2208,"play_id":"13c8494f-fd76-470e-9a37-5ab0319e4a5a","local_time":"20181211130009","daily_mods":["SealedDeck"],"is_ascension_mode":true,"campfire_choices":[{"data":"Cloak And Dagger","floor":6.0,"key":"SMITH"},{"data":"Cloak And Dagger","floor":8.0,"key":"SMITH"},{"data":"Choke","floor":11.0,"key":"SMITH"},{"data":"Noxious Fumes","floor":15.0,"key":"SMITH"},{"data":"Envenom","floor":24.0,"key":"SMITH"},{"floor":28.0,"key":"REST"},{"data":"Footwork","floor":30.0,"key":"SMITH"},{"data":"Blade Dance","floor":32.0,"key":"SMITH"},{"data":"Leg Sweep","floor":40.0,"key":"SMITH"},{"data":"Well Laid Plans","floor":49,"key":"SMITH"}],"neow_cost":"","seed_source_timestamp":0,"circlet_count":0,"master_deck":["AscendersBane","Choke+1","Deflect+1","Blade Dance+1","Finisher+1","Deflect","Infinite Blades","Cloak And Dagger+1","Leg Sweep+1","Well Laid Plans+1","Cloak And Dagger+1","Blur+1","Noxious Fumes+1","Envenom+1","Escape Plan+1","Footwork+1","PiercingWail+1","Footwork+1"],"special_seed":0,"relics":["Ring of the Snake","Matryoshka","Omamori","Regal Pillow","Strawberry","Snake Skull","Calling Bell","Lantern","Paper Crane","Ginger","Blood Vial","StoneCalendar","Vajra","Ice Cream","Busted Crown","War Paint","DollysMirror","Bag of Preparation","PreservedInsect","Nunchaku"],"potions_floor_usage":[50,51],"damage_taken":[{"damage":0.0,"enemies":"Small Slimes","floor":1.0,"turns":3.0},{"damage":5.0,"enemies":"2 Louse","floor":2.0,"turns":2.0},{"damage":0.0,"enemies":"Jaw Worm","floor":4.0,"turns":3.0},{"damage":8.0,"enemies":"3 Louse","floor":5.0,"turns":4.0},{"damage":1.0,"enemies":"Lagavulin","floor":10.0,"turns":5.0},{"damage":0.0,"enemies":"Gremlin Nob","floor":14.0,"turns":2.0},{"damage":1.0,"enemies":"The Guardian","floor":16.0,"turns":9.0},{"damage":6.0,"enemies":"Shell Parasite","floor":18.0,"turns":5.0},{"damage":0.0,"enemies":"2 Thieves","floor":21.0,"turns":4.0},{"damage":0.0,"enemies":"Snake Plant","floor":22.0,"turns":3.0},{"damage":16.0,"enemies":"Slavers","floor":23.0,"turns":6.0},{"damage":44.0,"enemies":"Book of Stabbing","floor":25.0,"turns":5.0},{"damage":0.0,"enemies":"3 Cultists","floor":27.0,"turns":4.0},{"damage":4.0,"enemies":"Chosen and Byrds","floor":31.0,"turns":5.0},{"damage":0.0,"enemies":"Automaton","floor":33.0,"turns":8.0},{"damage":0.0,"enemies":"3 Darklings","floor":35.0,"turns":5.0},{"damage":0.0,"enemies":"Giant Head","floor":41.0,"turns":5.0},{"damage":0.0,"enemies":"Nemesis","floor":44.0,"turns":5.0},{"damage":0.0,"enemies":"3 Shapes","floor":46.0,"turns":5.0},{"damage":12,"enemies":"Sphere and 2 Shapes","floor":48,"turns":6},{"damage":0,"enemies":"Time Eater","floor":50,"turns":8},{"damage":31,"enemies":"Awakened One","floor":51,"turns":12}],"seed_played":"3784117292398944036","potions_obtained":[{"floor":4.0,"key":"Dexterity Potion"},{"floor":5.0,"key":"SpeedPotion"},{"floor":22.0,"key":"GhostInAJar"},{"floor":25.0,"key":"EssenceOfSteel"},{"floor":27.0,"key":"PowerPotion"},{"floor":33.0,"key":"Strength Potion"},{"floor":48,"key":"PowerPotion"}],"is_trial":true,"path_per_floor":["M","M","?","M","M","R","?","R","T","E","R","$","?","E","R","B",null,"M","?","?","M","M","E","R","E","T","M","R","?","R","M","R","B",null,"M","?","?","$","?","R","E","$","T","E","?","M","?","M","R","B","B",null],"character_chosen":"THE_SILENT","items_purchased":["Regen Potion","DollysMirror","Bag of Preparation"],"campfire_rested":1,"item_purchase_floors":[12,42,42],"current_hp_per_floor":[59,54,43,43,35,35,17,17,17,23,23,23,23,23,23,22,60,54,54,54,66,66,50,50,8,8,10,46,46,46,44,44,46,66,68,68,68,68,68,68,69,69,69,69,69,69,69,57,57,59,30],"gold":474,"neow_bonus":"","is_prod":false,"is_daily":false,"chose_seed":false,"campfire_upgraded":9,"win_rate":0,"timestamp":1544562009,"path_taken":["M","M","?","M","M","R","?","R","T","E","R","$","?","E","R","BOSS","M","?","?","M","M","E","R","E","T","M","R","?","R","M","R","BOSS","M","?","?","$","?","R","E","$","T","E","?","?","?","?","R","BOSS","BOSS"],"build_version":"2018-12-06","purchased_purges":0,"victory":true,"max_hp_per_floor":[66,66,66,66,66,66,66,66,66,73,73,73,73,73,73,73,73,73,73,73,73,73,73,73,73,73,73,73,73,73,73,73,73,73,73,69,69,69,69,69,69,69,69,69,69,69,69,69,69,69,69],"card_choices":[{"not_picked":["Flying Knee","Catalyst","Dodge and Roll"],"picked":"SKIP","floor":1.0},{"not_picked":["Bouncing Flask","Calculated Gamble"],"picked":"Cloak And Dagger","floor":2.0},{"not_picked":["Quick Slash","Well Laid Plans","Bane"],"picked":"SKIP","floor":4.0},{"not_picked":["Bane","Dodge and Roll","Dagger Spray"],"picked":"SKIP","floor":5.0},{"not_picked":["Acrobatics","Deadly Poison"],"picked":"Blur","floor":10.0},{"not_picked":["Deadly Poison","Dagger Spray"],"picked":"Noxious Fumes","floor":14.0},{"not_picked":["Storm of Steel","Die Die Die"],"picked":"Envenom","floor":16.0},{"not_picked":["Expertise","Dagger Throw","Eviscerate"],"picked":"SKIP","floor":18.0},{"not_picked":["Distraction","Deadly Poison","Choke"],"picked":"SKIP","floor":21.0},{"not_picked":["Poisoned Stab","Concentrate","Dagger Throw+1"],"picked":"SKIP","floor":22.0},{"not_picked":["Cloak And Dagger","Backflip","Bane"],"picked":"SKIP","floor":23.0},{"not_picked":["Concentrate","Phantasmal Killer"],"picked":"Escape Plan+1","floor":25.0},{"not_picked":["Bane","Crippling Poison"],"picked":"Footwork","floor":27.0},{"not_picked":["Dodge and Roll","Setup+1","Dagger Spray"],"picked":"SKIP","floor":31.0},{"not_picked":["Storm of Steel","Unload"],"picked":"Adrenaline","floor":33.0},{"not_picked":[],"picked":"PiercingWail+1","floor":35.0},{"not_picked":["Masterful Stab"],"picked":"SKIP","floor":41.0},{"not_picked":["Slice"],"picked":"SKIP","floor":44.0},{"not_picked":["Slice"],"picked":"SKIP","floor":46.0},{"not_picked":["Bane"],"picked":"SKIP","floor":48}],"player_experience":1777545,"relics_obtained":[{"floor":9.0,"key":"Omamori"},{"floor":9.0,"key":"Regal Pillow"},{"floor":10.0,"key":"Strawberry"},{"floor":14.0,"key":"Snake Skull"},{"floor":17.0,"key":"Lantern"},{"floor":17.0,"key":"Paper Crane"},{"floor":17.0,"key":"Ginger"},{"floor":23.0,"key":"Blood Vial"},{"floor":25.0,"key":"StoneCalendar"},{"floor":26.0,"key":"Vajra"},{"floor":26.0,"key":"Ice Cream"},{"floor":41.0,"key":"War Paint"},{"floor":43.0,"key":"PreservedInsect"},{"floor":44.0,"key":"Nunchaku"}],"event_choices":[{"damage_healed":0.0,"max_hp_gain":0.0,"max_hp_loss":0.0,"gold_gain":75.0,"event_name":"World of Goop","player_choice":"Gather Gold","floor":3.0,"gold_loss":0.0,"damage_taken":11.0},{"damage_healed":0.0,"max_hp_gain":0.0,"max_hp_loss":0.0,"gold_gain":0.0,"event_name":"Scrap Ooze","player_choice":"Success","floor":7.0,"gold_loss":0.0,"damage_taken":18.0,"relics_obtained":["Matryoshka"]},{"damage_healed":0.0,"max_hp_gain":0.0,"max_hp_loss":0.0,"gold_gain":0.0,"event_name":"Living Wall","player_choice":"Grow","floor":13.0,"gold_loss":0.0,"damage_taken":0.0,"cards_upgraded":["Finisher"]},{"cards_removed":["Doubt"],"damage_healed":0.0,"max_hp_gain":0.0,"max_hp_loss":0.0,"gold_gain":0.0,"event_name":"Beggar","player_choice":"Gave Gold","floor":19.0,"gold_loss":75.0,"damage_taken":0.0},{"damage_healed":0.0,"max_hp_gain":0.0,"max_hp_loss":0.0,"gold_gain":0.0,"event_name":"The Mausoleum","player_choice":"Ignored","floor":20.0,"gold_loss":0.0,"damage_taken":0.0},{"cards_removed":["Slice"],"damage_healed":0.0,"max_hp_gain":0.0,"max_hp_loss":0.0,"gold_gain":0.0,"event_name":"Back to Basics","player_choice":"Elegance","floor":29.0,"gold_loss":0.0,"damage_taken":0.0},{"damage_healed":0.0,"max_hp_gain":0.0,"max_hp_loss":4.0,"gold_gain":0.0,"event_name":"Winding Halls","player_choice":"Max HP","floor":36.0,"gold_loss":0.0,"damage_taken":0.0},{"damage_healed":0.0,"max_hp_gain":0.0,"max_hp_loss":0.0,"gold_gain":0.0,"event_name":"Tomb of Lord Red Mask","player_choice":"Ignored","floor":37.0,"gold_loss":0.0,"damage_taken":0.0},{"cards_removed":["Adrenaline"],"damage_healed":0.0,"max_hp_gain":0.0,"max_hp_loss":0.0,"gold_gain":0.0,"event_name":"Falling","player_choice":"Removed Skill","floor":39.0,"gold_loss":0.0,"damage_taken":0.0},{"damage_healed":0.0,"max_hp_gain":0.0,"max_hp_loss":0.0,"gold_gain":300.0,"event_name":"Wheel of Change","player_choice":"Gold","floor":45.0,"gold_loss":0.0,"damage_taken":0.0},{"damage_healed":0.0,"max_hp_gain":0.0,"max_hp_loss":0.0,"gold_gain":0.0,"event_name":"Transmorgrifier","player_choice":"Ignored","floor":47.0,"gold_loss":0.0,"damage_taken":0.0}],"is_beta":false,"boss_relics":[{"not_picked":["Orrery","White Beast Statue"],"picked":"Calling Bell"},{"not_picked":["Coffee Dripper","Eternal Feather"],"picked":"Busted Crown"}],"items_purged_floors":[],"is_endless":false,"potions_floor_spawned":[4,5,14,22,25,27,33,44,48],"ascension_level":20}