{"gold_per_floor":[111,121,121,140,61,88,88,115,189,248,267,192,6,18,18,89,89,101,101,112,129,79,107,107,7,7,27,59,109,109,124,124,200,200,218,228,247,45,45,45,79,79,79,110,110,110,110,130,130,130,130,130,130,74,106,106],"floor_reached":57,"playtime":2442,"items_purged":["Defend_R","Strike_R","Strike_R"],"score":2976,"play_id":"e4da0de6-bc12-443a-90bf-132fe4ae228d","local_time":"20181207191729","is_ascension_mode":true,"campfire_choices":[{"data":"Limit Break","floor":7.0,"key":"SMITH"},{"data":"Bash","floor":15.0,"key":"SMITH"},{"data":"Flex","floor":24.0,"key":"SMITH"},{"data":"Rage","floor":30.0,"key":"SMITH"},{"data":"Shockwave","floor":32.0,"key":"SMITH"},{"data":"Evolve","floor":40.0,"key":"SMITH"},{"floor":49.0,"key":"RECALL"},{"data":"Second Wind","floor":53.0,"key":"SMITH"}],"neow_cost":"NONE","seed_source_timestamp":7715534204414,"circlet_count":0,"master_deck":["AscendersBane","Strike_R","Defend_R","Defend_R","Defend_R","Bash+1","Evolve+1","Twin Strike","Dropkick","Limit Break+1","Rage+1","Flex+1","Heavy Blade+1","Shrug It Off+1","Shockwave+1","Inflame","Blind","Power Through+1","Burning Pact","Second Wind+1"],"special_seed":0,"relics":["Burning Blood","Vajra","Gambling Chip","Juzu Bracelet","Meat on the Bone","Self Forming Clay","Coffee Dripper","Ornamental Fan","Thread and Needle","Strawberry","Mark of Pain","Boot","Pen Nib","Peace Pipe"],"potions_floor_usage":[56,56],"damage_taken":[{"damage":14.0,"enemies":"Jaw Worm","floor":1.0,"turns":4.0},{"damage":9.0,"enemies":"Small Slimes","floor":2.0,"turns":3.0},{"damage":1.0,"enemies":"Cultist","floor":4.0,"turns":3.0},{"damage":20.0,"enemies":"Gremlin Nob","floor":6.0,"turns":4.0},{"damage":20.0,"enemies":"Lagavulin","floor":8.0,"turns":5.0},{"damage":16.0,"enemies":"3 Sentries","floor":10.0,"turns":9.0},{"damage":7.0,"enemies":"2 Fungi Beasts","floor":11.0,"turns":4.0},{"damage":6.0,"enemies":"Red Slaver","floor":14.0,"turns":2.0},{"damage":0.0,"enemies":"Slime Boss","floor":16.0,"turns":5.0},{"damage":7.0,"enemies":"Chosen","floor":18.0,"turns":3.0},{"damage":12.0,"enemies":"3 Byrds","floor":20.0,"turns":5.0},{"damage":21.0,"enemies":"Snake Plant","floor":21.0,"turns":3.0},{"damage":25.0,"enemies":"Book of Stabbing","floor":23.0,"turns":4.0},{"damage":5.0,"enemies":"Centurion and Healer","floor":27.0,"turns":3.0},{"damage":35.0,"enemies":"Gremlin Leader","floor":28.0,"turns":5.0},{"damage":20.0,"enemies":"Shelled Parasite and Fungi","floor":31.0,"turns":4.0},{"damage":19.0,"enemies":"Collector","floor":33.0,"turns":6.0},{"damage":7.0,"enemies":"Orb Walker","floor":35.0,"turns":3.0},{"damage":8.0,"enemies":"3 Darklings","floor":36.0,"turns":5.0},{"damage":2.0,"enemies":"Sphere and 2 Shapes","floor":37.0,"turns":6.0},{"damage":36.0,"enemies":"Reptomancer","floor":41.0,"turns":5.0},{"damage":3.0,"enemies":"Giant Head","floor":44.0,"turns":6.0},{"damage":14.0,"enemies":"Jaw Worm Horde","floor":48.0,"turns":5.0},{"damage":39.0,"enemies":"Awakened One","floor":50.0,"turns":10.0},{"damage":20.0,"enemies":"Time Eater","floor":51.0,"turns":7.0},{"damage":42,"enemies":"Shield and Spear","floor":55,"turns":6},{"damage":23,"enemies":"The Heart","floor":56,"turns":7}],"seed_played":"-3425599903341221459","potions_obtained":[{"floor":1.0,"key":"Block Potion"},{"floor":4.0,"key":"BloodPotion"},{"floor":6.0,"key":"AttackPotion"},{"floor":8.0,"key":"EssenceOfSteel"},{"floor":14.0,"key":"PowerPotion"},{"floor":20.0,"key":"Weak Potion"},{"floor":27.0,"key":"Explosive Potion"},{"floor":28.0,"key":"Explosive Potion"},{"floor":31.0,"key":"Swift Potion"},{"floor":33.0,"key":"Energy Potion"},{"floor":36.0,"key":"Block Potion"},{"floor":37.0,"key":"PowerPotion"},{"floor":48.0,"key":"Strength Potion"}],"is_trial":false,"path_per_floor":["M","M","?","M","$","E","R","E","T","?","M","?","$","M","R","B",null,"M","?","M","M","?","E","R","$","T","M","E","?","R","M","R","B",null,"M","M","M","$","?","R","E","?","T","E","$","?","?","M","R","B","B",null,"R","$","E","B",null],"character_chosen":"IRONCLAD","items_purchased":["Dropkick","Flex","Fire Potion","Inflame","PowerPotion"],"campfire_rested":0,"item_purchase_floors":[5,13,13,38,54],"current_hp_per_floor":[60,57,50,55,55,48,48,34,34,36,47,47,47,47,47,53,70,69,69,63,48,48,41,41,41,41,54,44,44,44,42,42,41,72,71,69,73,73,63,63,45,45,45,48,48,48,48,52,52,31,29,66,66,66,42,37],"gold":106,"neow_bonus":"RANDOM_COMMON_RELIC","is_prod":false,"is_daily":false,"chose_seed":false,"campfire_upgraded":7,"win_rate":0,"timestamp":1544181449,"path_taken":["M","M","?","M","$","E","R","E","T","?","M","?","?","M","R","BOSS","M","?","M","M","?","E","R","$","T","M","E","?","R","M","R","BOSS","M","M","M","$","?","R","E","?","T","E","?","?","?","M","R","BOSS","BOSS","R","$","E","BOSS"],"build_version":"2018-12-06","purchased_purges":3,"victory":true,"max_hp_per_floor":[75,75,75,75,75,75,75,75,75,75,75,75,75,75,75,75,75,75,75,75,75,75,75,75,75,75,75,82,82,82,82,82,82,82,82,82,82,82,82,82,82,82,82,82,82,78,78,78,78,78,78,78,78,78,78,78],"card_choices":[{"not_picked":["Flame Barrier","Warcry","Combust"],"picked":"SKIP","floor":1.0},{"not_picked":["Sentinel","Shrug It Off"],"picked":"Evolve","floor":2.0},{"not_picked":["Evolve","Shockwave"],"picked":"Twin Strike","floor":4.0},{"not_picked":["Burning Pact","Twin Strike"],"picked":"Limit Break","floor":6.0},{"not_picked":["Combust","Evolve"],"picked":"Rage","floor":8.0},{"not_picked":["Wild Strike","Seeing Red","Exhume"],"picked":"SKIP","floor":11.0},{"not_picked":["Body Slam","Clothesline"],"picked":"Pummel","floor":14.0},{"not_picked":["Shrug It Off","Pommel Strike","Thunderclap"],"picked":"SKIP","floor":18.0},{"not_picked":["Iron Wave","Burning Pact"],"picked":"Heavy Blade+1","floor":20.0},{"not_picked":["Thunderclap","Seeing Red+1","Clash"],"picked":"SKIP","floor":21.0},{"not_picked":["Exhume","Fire Breathing","Twin Strike+1"],"picked":"SKIP","floor":23.0},{"not_picked":["Twin Strike","Wild Strike"],"picked":"Shrug It Off+1","floor":27.0},{"not_picked":["Flame Barrier","Exhume","Perfected Strike"],"picked":"SKIP","floor":28.0},{"not_picked":["Clothesline","True Grit+1"],"picked":"Shockwave","floor":31.0},{"not_picked":["Perfected Strike","Sentinel","Corruption"],"picked":"SKIP","floor":35.0},{"not_picked":["Clash+1","Iron Wave+1","Flame Barrier+1"],"picked":"SKIP","floor":36.0},{"not_picked":["Shrug It Off","Wild Strike+1","Carnage"],"picked":"SKIP","floor":37.0},{"not_picked":["Finesse","Deep Breath"],"picked":"Blind","floor":39.0},{"not_picked":["Shrug It Off","Entrench"],"picked":"Power Through+1","floor":41.0},{"not_picked":["Evolve","Wild Strike"],"picked":"Burning Pact","floor":44.0},{"not_picked":["Intimidate","Heavy Blade+1"],"picked":"Second Wind","floor":48.0},{"not_picked":["Body Slam+1","Burning Pact+1","Heavy Blade"],"picked":"SKIP","floor":55}],"player_experience":2297550,"relics_obtained":[{"floor":6.0,"key":"Gambling Chip"},{"floor":8.0,"key":"Juzu Bracelet"},{"floor":9.0,"key":"Meat on the Bone"},{"floor":10.0,"key":"Self Forming Clay"},{"floor":23.0,"key":"Ornamental Fan"},{"floor":26.0,"key":"Thread and Needle"},{"floor":28.0,"key":"Strawberry"},{"floor":41.0,"key":"Boot"},{"floor":44.0,"key":"Pen Nib"},{"floor":55,"key":"Peace Pipe"}],"event_choices":[{"cards_removed":["Strike_R"],"damage_healed":0.0,"max_hp_gain":0.0,"max_hp_loss":0.0,"gold_gain":0.0,"event_name":"Golden Wing","player_choice":"Card Removal","floor":3.0,"gold_loss":0.0,"damage_taken":7.0},{"damage_healed":0.0,"max_hp_gain":0.0,"max_hp_loss":0.0,"gold_gain":0.0,"event_name":"Dead Adventurer","player_choice":"Searched \u00272\u0027 times","floor":10.0,"gold_loss":0.0,"damage_taken":0.0},{"cards_removed":["Strike_R"],"damage_healed":0.0,"max_hp_gain":0.0,"max_hp_loss":0.0,"gold_gain":0.0,"event_name":"The Cleric","player_choice":"Card Removal","floor":12.0,"gold_loss":75.0,"damage_taken":0.0},{"damage_healed":0.0,"max_hp_gain":0.0,"max_hp_loss":0.0,"gold_gain":0.0,"event_name":"Vampires","player_choice":"Ignored","floor":19.0,"gold_loss":0.0,"damage_taken":0.0},{"damage_healed":0.0,"max_hp_gain":0.0,"max_hp_loss":0.0,"gold_gain":0.0,"event_name":"The Joust","player_choice":"Bet on Murderer","floor":22.0,"gold_loss":50.0,"damage_taken":0.0},{"damage_healed":0.0,"max_hp_gain":0.0,"max_hp_loss":0.0,"gold_gain":50.0,"event_name":"Nest","player_choice":"Stole From Cult","floor":29.0,"gold_loss":0.0,"damage_taken":0.0},{"damage_healed":0.0,"max_hp_gain":0.0,"max_hp_loss":0.0,"gold_gain":0.0,"event_name":"SensoryStone","player_choice":"Memory 3","floor":39.0,"gold_loss":0.0,"damage_taken":10.0},{"cards_removed":["Pummel"],"damage_healed":0.0,"max_hp_gain":0.0,"max_hp_loss":0.0,"gold_gain":0.0,"event_name":"Falling","player_choice":"Removed Attack","floor":42.0,"gold_loss":0.0,"damage_taken":0.0},{"damage_healed":0.0,"max_hp_gain":0.0,"max_hp_loss":4.0,"gold_gain":0.0,"event_name":"Winding Halls","player_choice":"Max HP","floor":46.0,"gold_loss":0.0,"damage_taken":0.0},{"damage_healed":0.0,"max_hp_gain":0.0,"max_hp_loss":0.0,"gold_gain":0.0,"event_name":"Mysterious Sphere","player_choice":"Ignored","floor":47.0,"gold_loss":0.0,"damage_taken":0.0}],"is_beta":false,"boss_relics":[{"not_picked":["Busted Crown","Cursed Key"],"picked":"Coffee Dripper"},{"not_picked":["Calling Bell","Orrery"],"picked":"Mark of Pain"}],"items_purged_floors":[13,25,38],"is_endless":false,"potions_floor_spawned":[1,4,6,8,14,20,27,28,31,33,36,37,48,55],"ascension_level":20}