{"gold_per_floor":[364,364,433,449,38,65,65,98,124,24,24,24,24,38,38,112,112,67,117,117,117,217,217,217],"floor_reached":24,"playtime":913,"items_purged":["Strike_G","Strike_G"],"score":496,"play_id":"ff7e0d7e-4b4a-4885-97d3-344f2c66cbea","local_time":"20190304142547","is_ascension_mode":true,"campfire_choices":[{"data":"Bouncing Flask","floor":7.0,"key":"SMITH"},{"data":"Neutralize","floor":11.0,"key":"SMITH"},{"data":"Well Laid Plans","floor":15.0,"key":"SMITH"},{"floor":23.0,"key":"REST"}],"neow_cost":"TEN_PERCENT_HP_LOSS","seed_source_timestamp":15164694844400,"circlet_count":0,"master_deck":["AscendersBane","Defend_G","Defend_G","Defend_G","Defend_G","Defend_G","Strike_G","Strike_G","Strike_G","Survivor","Neutralize+1","Bouncing Flask+1","Escape Plan+1","Well Laid Plans+1","Grand Finale","Footwork","Writhe","Calculated Gamble"],"special_seed":0,"relics":["Ring of the Snake","Pantograph","Paper Crane","Nunchaku","Girya","Art of War","Cursed Key","Omamori","Du-Vu Doll","The Courier"],"potions_floor_usage":[24],"damage_taken":[{"damage":11.0,"enemies":"Cultist","floor":1.0,"turns":5.0},{"damage":0.0,"enemies":"Jaw Worm","floor":4.0,"turns":4.0},{"damage":28.0,"enemies":"Gremlin Nob","floor":6.0,"turns":4.0},{"damage":26.0,"enemies":"Lagavulin","floor":8.0,"turns":7.0},{"damage":0.0,"enemies":"Small Slimes","floor":14.0,"turns":4.0},{"damage":0.0,"enemies":"Hexaghost","floor":16.0,"turns":9.0},{"damage":11.0,"enemies":"2 Thieves","floor":18.0,"turns":5.0},{"damage":27.0,"enemies":"Colosseum Slavers","floor":22.0,"turns":5.0},{"damage":13.0,"enemies":"Colosseum Nobs","floor":22.0,"turns":4.0},{"damage":16,"enemies":"Slavers","floor":24,"turns":3}],"seed_played":"3729184916005157311","potions_obtained":[{"floor":1.0,"key":"Regen Potion"},{"floor":4.0,"key":"EssenceOfSteel"},{"floor":22.0,"key":"GhostInAJar"}],"is_trial":false,"path_per_floor":["M","?","T","M","$","E","R","E","T","$","R","?","$","M","R","B",null,"M","?","$","?","?","R","E"],"character_chosen":"THE_SILENT","items_purchased":["Paper Crane","Poison Potion"],"campfire_rested":1,"item_purchase_floors":[5,5],"current_hp_per_floor":[48,48,48,48,48,34,34,8,8,8,8,8,8,8,8,33,53,42,42,42,42,2,20,4],"gold":217,"neow_bonus":"TWO_FIFTY_GOLD","is_prod":false,"is_daily":false,"chose_seed":false,"campfire_upgraded":3,"win_rate":0,"timestamp":1551680747,"path_taken":["M","?","?","M","$","E","R","E","T","$","R","?","$","?","R","BOSS","M","?","$","?","?","R","E"],"build_version":"2019-01-23","purchased_purges":2,"victory":false,"max_hp_per_floor":[60,60,60,60,60,60,60,60,60,60,60,60,60,60,60,60,60,60,60,60,60,60,60,60],"card_choices":[{"not_picked":["Accuracy","Blur"],"picked":"Bouncing Flask","floor":1.0},{"not_picked":["Quick Slash","PiercingWail"],"picked":"Escape Plan","floor":4.0},{"not_picked":["Caltrops","Infinite Blades","Setup"],"picked":"SKIP","floor":6.0},{"not_picked":["Dagger Throw","Outmaneuver","Prepared"],"picked":"SKIP","floor":8.0},{"not_picked":["Heel Hook","Prepared"],"picked":"Well Laid Plans","floor":14.0},{"not_picked":["Tools of the Trade","Night Terror"],"picked":"Grand Finale","floor":16.0},{"not_picked":["Slice","Bane"],"picked":"Footwork","floor":18.0},{"not_picked":["Blur+1","Blade Dance"],"picked":"Calculated Gamble","floor":22.0}],"player_experience":2717700,"relics_obtained":[{"floor":3.0,"key":"Pantograph"},{"floor":6.0,"key":"Nunchaku"},{"floor":8.0,"key":"Girya"},{"floor":9.0,"key":"Art of War"},{"floor":22.0,"key":"Du-Vu Doll"},{"floor":22.0,"key":"The Courier"}],"event_choices":[{"damage_healed":0.0,"max_hp_gain":0.0,"max_hp_loss":0.0,"gold_gain":0.0,"event_name":"Shining Light","player_choice":"Ignored","floor":2.0,"gold_loss":0.0,"damage_taken":0.0},{"damage_healed":0.0,"max_hp_gain":0.0,"max_hp_loss":0.0,"gold_gain":0.0,"event_name":"Accursed Blacksmith","player_choice":"Forge","floor":12.0,"gold_loss":0.0,"damage_taken":0.0,"cards_upgraded":["Escape Plan"]},{"damage_healed":0.0,"max_hp_gain":0.0,"max_hp_loss":0.0,"gold_gain":50.0,"event_name":"Nest","player_choice":"Stole From Cult","floor":19.0,"gold_loss":0.0,"damage_taken":0.0},{"damage_healed":0.0,"max_hp_gain":0.0,"max_hp_loss":0.0,"gold_gain":0.0,"event_name":"The Mausoleum","player_choice":"Opened","floor":21.0,"gold_loss":0.0,"damage_taken":0.0,"relics_obtained":["Omamori"],"cards_obtained":["Writhe"]},{"damage_healed":0.0,"max_hp_gain":0.0,"max_hp_loss":0.0,"gold_gain":0.0,"event_name":"Colosseum","player_choice":"Fight","floor":22.0,"gold_loss":0.0,"damage_taken":0.0},{"damage_healed":0.0,"max_hp_gain":0.0,"max_hp_loss":0.0,"gold_gain":0.0,"event_name":"Colosseum","player_choice":"Fought Nobs","floor":22.0,"gold_loss":0.0,"damage_taken":0.0}],"is_beta":false,"boss_relics":[{"not_picked":["Ring of the Serpent","Lizard Tail"],"picked":"Cursed Key"}],"items_purged_floors":[5,10],"is_endless":false,"potions_floor_spawned":[1,4,22,22],"killed_by":"Slavers","ascension_level":20}