{"gold_per_floor":[111,125,125,144,144,182,30,64,64,77,98,98],"floor_reached":12,"playtime":311,"items_purged":["Strike_R"],"score":104,"play_id":"b9fa2808-6bc1-4e2d-af34-48c9a6c69537","local_time":"25610720192036","is_ascension_mode":true,"campfire_choices":[],"neow_cost":"NONE","seed_source_timestamp":29668066720738,"circlet_count":0,"master_deck":["Strike_R","Strike_R","Strike_R","Strike_R","Defend_R","Defend_R","Defend_R","Defend_R","Bash","Flex","Headbutt","Armaments","Perfected Strike+1","Pummel+1","Cleave+1"],"relics":["Velvet Choker","Golden Idol","Du-Vu Doll","Molten Egg 2","Gremlin Horn"],"potions_floor_usage":[8,8,12],"damage_taken":[{"damage":7,"enemies":"Jaw Worm","floor":1,"turns":2},{"damage":0,"enemies":"Small Slimes","floor":2,"turns":3},{"damage":0,"enemies":"2 Louse","floor":4,"turns":3},{"damage":33,"enemies":"Lagavulin","floor":6,"turns":6},{"damage":27,"enemies":"Gremlin Nob","floor":8,"turns":4},{"damage":15,"enemies":"Gremlin Gang","floor":10,"turns":4},{"damage":0,"enemies":"3 Louse","floor":11,"turns":1},{"damage":12,"enemies":"Lagavulin","floor":12,"turns":3}],"seed_played":"4323180303121628862","potions_obtained":[{"floor":6,"key":"FearPotion"},{"floor":10,"key":"Weak Potion"},{"floor":11,"key":"LiquidBronze"}],"is_trial":false,"path_per_floor":["M","M","?","M","?","E","$","E","T","M","M"],"character_chosen":"IRONCLAD","items_purchased":["Regen Potion"],"campfire_rested":0,"item_purchase_floors":[7],"current_hp_per_floor":[73,73,73,73,73,40,40,25,25,10,10,0],"gold":98,"neow_bonus":"BOSS_RELIC","is_prod":false,"is_daily":false,"chose_seed":false,"campfire_upgraded":0,"win_rate":0,"timestamp":1532089236,"path_taken":["M","M","?","M","?","E","$","E","T","M","M","E"],"build_version":"2018-07-19v2","purchased_purges":1,"victory":false,"max_hp_per_floor":[80,80,80,80,80,80,80,80,80,80,80,80],"card_choices":[{"not_picked":["Heavy Blade","Anger"],"picked":"Flex","floor":1},{"not_picked":["Body Slam","True Grit"],"picked":"Headbutt","floor":2},{"not_picked":["Havoc","Berserk","Carnage"],"picked":"SKIP","floor":4},{"not_picked":["Clash","Ghostly Armor"],"picked":"Armaments","floor":6},{"not_picked":["Headbutt","Heavy Blade"],"picked":"Perfected Strike","floor":8},{"not_picked":["Flex","Feel No Pain"],"picked":"Pummel+1","floor":10},{"not_picked":["Thunderclap+1","Bloodletting"],"picked":"Cleave+1","floor":11}],"player_experience":101701,"relics_obtained":[{"floor":6,"key":"Du-Vu Doll"},{"floor":8,"key":"Molten Egg 2"},{"floor":9,"key":"Gremlin Horn"}],"event_choices":[{"event_name":"Golden Idol","player_choice":"Take Wound","floor":3,"damage_taken":0},{"event_name":"Living Wall","player_choice":"Forget","floor":5,"damage_taken":0}],"is_beta":false,"boss_relics":[],"items_purged_floors":[7],"is_endless":false,"potions_floor_spawned":[6,10,11],"killed_by":"Lagavulin","ascension_level":3}