{"gold_per_floor":[110,110,135,135,150,150,166,166,166,91,131,146,146,170,170,264,264,289,248,261,107,130,130,174,174,174,174,192,217,142,176,176,176],"floor_reached":33,"playtime":1428,"items_purged":["Pain","Strike_G"],"score":728,"play_id":"8e03c52b-beec-4948-8220-7e167614dea5","local_time":"20190401024216","is_ascension_mode":true,"campfire_choices":[{"data":"Neutralize","floor":6.0,"key":"SMITH"},{"data":"Bouncing Flask","floor":13.0,"key":"SMITH"},{"data":"Noxious Fumes","floor":15.0,"key":"SMITH"},{"data":"Acrobatics","floor":23.0,"key":"SMITH"},{"data":"Tactician","floor":25.0,"key":"SMITH"},{"data":"Calculated Gamble","floor":27.0,"key":"SMITH"},{"data":"Well Laid Plans","floor":32.0,"key":"SMITH"}],"neow_cost":"NONE","seed_source_timestamp":11258482867300,"circlet_count":0,"master_deck":["AscendersBane","Defend_G","Defend_G","Defend_G","Defend_G","Defend_G","Strike_G","Strike_G","Strike_G","Survivor","Neutralize+1","Blade Dance","Concentrate","Calculated Gamble+1","Deadly Poison","Bouncing Flask+1","Noxious Fumes+1","Malaise","Deflect+1","Acrobatics+1","Bane+1","Tactician+1","Catalyst","Well Laid Plans+1"],"special_seed":0,"relics":["Ring of the Snake","NeowsBlessing","Golden Idol","WarpedTongs","Orichalcum","Cursed Key","Bag of Preparation","Paper Crane","Art of War"],"potions_floor_usage":[],"damage_taken":[{"damage":0.0,"enemies":"2 Louse","floor":1.0,"turns":1.0},{"damage":0.0,"enemies":"Cultist","floor":3.0,"turns":1.0},{"damage":0.0,"enemies":"Small Slimes","floor":5.0,"turns":1.0},{"damage":1.0,"enemies":"Red Slaver","floor":7.0,"turns":5.0},{"damage":21.0,"enemies":"3 Sentries","floor":11.0,"turns":11.0},{"damage":3.0,"enemies":"Looter","floor":12.0,"turns":3.0},{"damage":9.0,"enemies":"Exordium Wildlife","floor":14.0,"turns":6.0},{"damage":0.0,"enemies":"Hexaghost","floor":16.0,"turns":6.0},{"damage":0.0,"enemies":"Shell Parasite","floor":18.0,"turns":5.0},{"damage":8.0,"enemies":"2 Thieves","floor":19.0,"turns":5.0},{"damage":0.0,"enemies":"Snake Plant","floor":20.0,"turns":5.0},{"damage":0.0,"enemies":"Chosen and Byrds","floor":22.0,"turns":5.0},{"damage":0.0,"enemies":"Gremlin Leader","floor":24.0,"turns":4.0},{"damage":7.0,"enemies":"Centurion and Healer","floor":28.0,"turns":7.0},{"damage":7.0,"enemies":"3 Cultists","floor":29.0,"turns":5.0},{"damage":16.0,"enemies":"Slavers","floor":31.0,"turns":7.0},{"damage":15,"enemies":"Collector","floor":33,"turns":6}],"seed_played":"7707504899906099335","potions_obtained":[{"floor":1.0,"key":"Block Potion"},{"floor":5.0,"key":"Dexterity Potion"},{"floor":11.0,"key":"SpeedPotion"},{"floor":12.0,"key":"Poison Potion"},{"floor":16.0,"key":"SpeedPotion"},{"floor":19.0,"key":"Poison Potion"},{"floor":24.0,"key":"Energy Potion"},{"floor":28.0,"key":"Energy Potion"}],"is_trial":false,"path_per_floor":["M","?","M","?","M","R","M","?","T","$","E","M","R","M","R","B",null,"M","M","M","$","M","R","E","R","T","R","M","M","?","E","R","B"],"character_chosen":"THE_SILENT","items_purchased":["Explosive Potion"],"campfire_rested":0,"item_purchase_floors":[21],"current_hp_per_floor":[59,59,59,59,59,59,58,58,58,58,37,34,34,25,25,25,51,51,43,43,43,43,43,43,43,43,43,36,29,29,13,13,0],"gold":176,"neow_bonus":"THREE_ENEMY_KILL","is_prod":false,"is_daily":false,"chose_seed":false,"campfire_upgraded":7,"win_rate":0,"timestamp":1554057736,"path_taken":["M","?","M","?","?","R","M","?","T","$","E","?","R","M","R","BOSS","M","M","M","$","M","R","E","R","T","R","M","M","?","E","R","BOSS"],"build_version":"2019-03-15","purchased_purges":2,"victory":false,"max_hp_per_floor":[66,60,60,60,60,60,60,60,60,60,60,60,60,60,60,60,60,60,60,60,60,60,60,60,60,60,60,60,60,60,60,60,60],"card_choices":[{"not_picked":["Riddle With Holes","Flying Knee","Cloak And Dagger"],"picked":"SKIP","floor":1.0},{"not_picked":["Dagger Spray","Sucker Punch"],"picked":"Blade Dance","floor":3.0},{"not_picked":["Bane","Dagger Throw"],"picked":"Calculated Gamble","floor":5.0},{"not_picked":["Flying Knee","Predator"],"picked":"Deadly Poison","floor":7.0},{"not_picked":["Bullet Time","Blade Dance"],"picked":"Bouncing Flask","floor":11.0},{"not_picked":["Heel Hook","Slice"],"picked":"Noxious Fumes","floor":12.0},{"not_picked":["Heel Hook","Prepared","Tactician"],"picked":"SKIP","floor":14.0},{"not_picked":["Heel Hook","Prepared","Tactician"],"picked":"SKIP","floor":14.0},{"not_picked":["Die Die Die","Storm of Steel"],"picked":"Malaise","floor":16.0},{"not_picked":["PiercingWail","Leg Sweep"],"picked":"Deflect+1","floor":18.0},{"not_picked":["Flying Knee+1","Deflect"],"picked":"Acrobatics","floor":19.0},{"not_picked":["Terror","Prepared"],"picked":"Bane+1","floor":20.0},{"not_picked":["PiercingWail+1","Predator"],"picked":"Tactician","floor":22.0},{"not_picked":["Calculated Gamble","Dodge and Roll","Flechettes"],"picked":"SKIP","floor":24.0},{"not_picked":["Malaise","Underhanded Strike","Poisoned Stab"],"picked":"SKIP","floor":28.0},{"not_picked":["PiercingWail","Acrobatics"],"picked":"Catalyst","floor":29.0},{"not_picked":["Blade Dance","Eviscerate"],"picked":"Well Laid Plans","floor":31.0}],"player_experience":1317107,"relics_obtained":[{"floor":9.0,"key":"Orichalcum"},{"floor":24.0,"key":"Bag of Preparation"},{"floor":26.0,"key":"Paper Crane"},{"floor":31.0,"key":"Art of War"}],"event_choices":[{"damage_healed":0.0,"max_hp_gain":0.0,"max_hp_loss":6.0,"gold_gain":0.0,"event_name":"Golden Idol","player_choice":"Lose Max HP","floor":2.0,"gold_loss":0.0,"damage_taken":0.0,"relics_obtained":["Golden Idol"]},{"damage_healed":0.0,"max_hp_gain":0.0,"max_hp_loss":0.0,"gold_gain":0.0,"cards_transformed":["Strike_G"],"event_name":"Transmorgrifier","player_choice":"Transformed","floor":4.0,"gold_loss":0.0,"damage_taken":0.0,"cards_obtained":["Concentrate"]},{"damage_healed":0.0,"max_hp_gain":0.0,"max_hp_loss":0.0,"gold_gain":0.0,"event_name":"Accursed Blacksmith","player_choice":"Rummage","floor":8.0,"gold_loss":0.0,"damage_taken":0.0,"relics_obtained":["WarpedTongs"],"cards_obtained":["Pain"]},{"cards_removed":["Decay"],"damage_healed":0.0,"max_hp_gain":0.0,"max_hp_loss":0.0,"gold_gain":0.0,"event_name":"Beggar","player_choice":"Gave Gold","floor":30.0,"gold_loss":75.0,"damage_taken":0.0}],"is_beta":true,"boss_relics":[{"not_picked":["Busted Crown","White Beast Statue"],"picked":"Cursed Key"}],"items_purged_floors":[10,21],"is_endless":false,"potions_floor_spawned":[1,5,11,12,16,19,22,24,28],"killed_by":"Collector","ascension_level":20}