{"gold_per_floor":[118,118,393,36,56,56,75,109,109,140,140,159,185,196,196,295,295,313,283,52,52,62,87,101,101,101,128,140,185,216,228,240,352,364,389,417,120,172,172,206,206,206],"floor_reached":42,"playtime":2440,"items_purged":["Regret","Strike_R"],"score":730,"play_id":"e47ec6ff-2995-4948-b54b-952801a23aa9","local_time":"20190405160623","is_ascension_mode":true,"campfire_choices":[{"data":"Bash","floor":6,"key":"SMITH"},{"data":"Heavy Blade","floor":11,"key":"SMITH"},{"floor":15,"key":"REST"},{"floor":28,"key":"REST"},{"floor":32,"key":"REST"},{"floor":41,"key":"RECALL"}],"neow_cost":"NONE","seed_source_timestamp":0,"circlet_count":0,"master_deck":["Strike_R","Strike_R","Strike_R+1","Strike_R","Defend_R","Defend_R","Defend_R+1","Defend_R","Bash+1","Heavy Blade+1","Twin Strike","Shrug It Off","Iron Wave","Pummel+1","Ghostly Armor","Inflame","Limit Break","Flame Barrier","Rampage+1","Body Slam+1","Headbutt+1","Whirlwind+1","Cleave+1","Impervious","Warcry+1"],"special_seed":0,"relics":["Burning Blood","Pear","Bird Faced Urn","Incense Burner","Molten Egg 2","Red Skull","Black Star","Mummified Hand","Turnip","Blood Vial","Mango","MawBank","Singing Bowl","Matryoshka","StoneCalendar","Orichalcum","Runic Dome","Ginger","Girya","Smiling Mask","Calipers"],"potions_floor_usage":[8,10,13,16,16,22,23,25,33,40,40],"damage_taken":[{"damage":13,"enemies":"Jaw Worm","floor":1,"turns":4},{"damage":7,"enemies":"2 Louse","floor":5,"turns":3},{"damage":0,"enemies":"Cultist","floor":7,"turns":2},{"damage":22,"enemies":"3 Sentries","floor":8,"turns":6},{"damage":22,"enemies":"Lagavulin","floor":10,"turns":7},{"damage":4,"enemies":"Large Slime","floor":12,"turns":5},{"damage":27,"enemies":"Gremlin Nob","floor":13,"turns":4},{"damage":0,"enemies":"Exordium Thugs","floor":14,"turns":3},{"damage":7,"enemies":"Slime Boss","floor":16,"turns":8},{"damage":5,"enemies":"Spheric Guardian","floor":18,"turns":4},{"damage":15,"enemies":"Shell Parasite","floor":22,"turns":6},{"damage":42,"enemies":"Book of Stabbing","floor":23,"turns":7},{"damage":30,"enemies":"Centurion and Healer","floor":24,"turns":7},{"damage":0,"enemies":"Shelled Parasite and Fungi","floor":25,"turns":1},{"damage":20,"enemies":"Gremlin Leader","floor":27,"turns":5},{"damage":35,"enemies":"Slavers","floor":29,"turns":5},{"damage":16,"enemies":"Sentry and Sphere","floor":30,"turns":4},{"damage":89,"enemies":"Champ","floor":33,"turns":10},{"damage":20,"enemies":"3 Shapes","floor":35,"turns":2},{"damage":17,"enemies":"3 Darklings","floor":36,"turns":4},{"damage":61,"enemies":"2 Orb Walkers","floor":38,"turns":6},{"damage":2,"enemies":"Reptomancer","floor":40,"turns":4},{"damage":118,"enemies":"Giant Head","floor":42,"turns":8}],"seed_played":"-3896150780255728610","potions_obtained":[{"floor":1,"key":"LiquidBronze"},{"floor":5,"key":"AttackPotion"},{"floor":8,"key":"Ancient Potion"},{"floor":13,"key":"PowerPotion"},{"floor":14,"key":"Fire Potion"},{"floor":18,"key":"Explosive Potion"},{"floor":19,"key":"SmokeBomb"},{"floor":19,"key":"Fruit Juice"},{"floor":30,"key":"AttackPotion"},{"floor":35,"key":"SteroidPotion"},{"floor":38,"key":"LiquidBronze"}],"is_trial":false,"path_per_floor":["M","?","?","$","M","R","M","E","T","E","R","M","E","M","R","B",null,"M","?","$","T","M","E","M","M","T","E","R","E","M","?","R","B",null,"M","M","$","?","?","E","R","E"],"character_chosen":"IRONCLAD","items_purchased":["Pear","Twin Strike","Rampage+1","Body Slam+1","Ginger"],"campfire_rested":3,"item_purchase_floors":[4,4,20,20,37],"current_hp_per_floor":[73,55,55,65,64,64,70,54,54,38,38,40,19,25,54,57,88,91,91,91,91,89,55,35,43,57,49,84,59,51,51,86,7,91,83,76,76,27,108,110,110,0],"gold":206,"neow_bonus":"TEN_PERCENT_HP_BONUS","is_prod":false,"is_daily":false,"chose_seed":false,"campfire_upgraded":2,"win_rate":0,"timestamp":1554469583,"path_taken":["M","?","?","$","M","R","M","E","T","E","R","M","E","?","R","BOSS","M","?","$","?","M","E","M","M","T","E","R","E","M","?","R","BOSS","M","M","$","?","?","E","R","E"],"build_version":"2019-01-23","purchased_purges":2,"victory":false,"max_hp_per_floor":[88,88,88,98,98,98,98,98,98,98,98,98,98,98,98,98,98,98,98,98,98,103,103,103,103,117,119,119,119,119,119,119,119,119,121,121,121,123,108,110,110,110],"card_choices":[{"not_picked":["Disarm","Wild Strike"],"picked":"Heavy Blade","floor":1},{"not_picked":["Wild Strike","Dual Wield"],"picked":"Shrug It Off","floor":5},{"not_picked":["Shrug It Off","Sword Boomerang"],"picked":"Iron Wave","floor":7},{"not_picked":["Fiend Fire","Warcry","Corruption"],"picked":"SKIP","floor":8},{"not_picked":["Uppercut","Blood for Blood"],"picked":"Pummel","floor":10},{"not_picked":["Reckless Charge+1","Rupture","Shrug It Off"],"picked":"SKIP","floor":12},{"not_picked":["Clothesline+1","Fire Breathing"],"picked":"Ghostly Armor","floor":13},{"not_picked":["Rupture","Corruption"],"picked":"Inflame","floor":14},{"not_picked":["Barricade","Juggernaut"],"picked":"Limit Break","floor":16},{"not_picked":["Combust+1","Searing Blow+1"],"picked":"Flame Barrier","floor":18},{"not_picked":["Blood for Blood+1","Battle Trance","Havoc"],"picked":"SKIP","floor":22},{"not_picked":["Flame Barrier","Clothesline+1","Thunderclap+1"],"picked":"SKIP","floor":23},{"not_picked":["Carnage+1","Second Wind"],"picked":"Headbutt+1","floor":24},{"not_picked":["Ghostly Armor","Twin Strike+1","Perfected Strike+1"],"picked":"Singing Bowl","floor":27},{"not_picked":["Corruption","True Grit"],"picked":"Whirlwind+1","floor":29},{"not_picked":["Anger+1","Burning Pact"],"picked":"Cleave+1","floor":30},{"not_picked":["Dark Embrace","Immolate+1"],"picked":"Impervious","floor":33},{"not_picked":["Anger+1","Intimidate","Clash+1"],"picked":"Singing Bowl","floor":35},{"not_picked":["Armaments","Flex+1"],"picked":"Warcry+1","floor":36},{"not_picked":["Searing Blow+1","Iron Wave+1","Shockwave"],"picked":"Singing Bowl","floor":38},{"not_picked":["Evolve","Berserk","True Grit+1"],"picked":"Singing Bowl","floor":40}],"player_experience":167078,"relics_obtained":[{"floor":8,"key":"Bird Faced Urn"},{"floor":9,"key":"Incense Burner"},{"floor":10,"key":"Molten Egg 2"},{"floor":13,"key":"Red Skull"},{"floor":21,"key":"Mummified Hand"},{"floor":23,"key":"Turnip"},{"floor":23,"key":"Blood Vial"},{"floor":26,"key":"Mango"},{"floor":27,"key":"MawBank"},{"floor":27,"key":"Singing Bowl"},{"floor":29,"key":"Matryoshka"},{"floor":29,"key":"StoneCalendar"},{"floor":38,"key":"Girya"},{"floor":40,"key":"Smiling Mask"},{"floor":40,"key":"Calipers"}],"event_choices":[{"damage_healed":0,"gold_gain":0,"player_choice":"Entered Light","damage_taken":18,"max_hp_gain":0,"max_hp_loss":0,"event_name":"Shining Light","floor":2,"gold_loss":0,"cards_upgraded":["Defend_R","Strike_R"]},{"damage_healed":0,"gold_gain":275,"player_choice":"Desecrate","damage_taken":0,"max_hp_gain":0,"max_hp_loss":0,"event_name":"Golden Shrine","floor":3,"gold_loss":0,"cards_obtained":["Regret"]},{"damage_healed":0,"gold_gain":0,"player_choice":"Bought 2 Potions","damage_taken":0,"max_hp_gain":0,"max_hp_loss":0,"event_name":"The Woman in Blue","floor":19,"gold_loss":0},{"damage_healed":0,"gold_gain":0,"player_choice":"Opened","damage_taken":0,"relics_obtained":["Orichalcum"],"max_hp_gain":0,"max_hp_loss":0,"event_name":"The Mausoleum","floor":31,"gold_loss":0},{"damage_healed":0,"gold_gain":0,"player_choice":"Fight","damage_taken":0,"max_hp_gain":0,"max_hp_loss":0,"event_name":"Mysterious Sphere","floor":38,"gold_loss":0},{"damage_healed":108,"gold_gain":0,"player_choice":"Heal","damage_taken":0,"max_hp_gain":0,"max_hp_loss":15,"event_name":"The Moai Head","floor":39,"gold_loss":0}],"is_beta":false,"boss_relics":[{"not_picked":["Calling Bell","Lizard Tail"],"picked":"Black Star"},{"not_picked":["Sozu","Astrolabe"],"picked":"Runic Dome"}],"items_purged_floors":[4,20],"is_endless":false,"potions_floor_spawned":[1,5,8,13,14,18,25,30,35,38],"killed_by":"Giant Head","ascension_level":6}