{"gold_per_floor":[213,232,243,243,116,144,201,201,283,283,347,359,377,390,390,464,464,484,497,422,127,139,139,153,153,153,108,142,162,196,196,196,270,270,286,304,304,124,124,124,153,153,176,193,243,257,57,76,76,76],"floor_reached":51,"playtime":2350,"items_purged":["Strike_R","Strike_R"],"score":1260,"play_id":"2ebf9d32-24c2-4cc9-b587-f8e3a1a47774","local_time":"20180804163536","is_ascension_mode":true,"campfire_choices":[{"floor":8.0,"key":"REST"},{"data":"Anger","floor":10.0,"key":"SMITH"},{"data":"Armaments","floor":15.0,"key":"SMITH"},{"floor":23.0,"key":"REST"},{"floor":25.0,"key":"REST"},{"floor":32.0,"key":"REST"},{"floor":40.0,"key":"REST"},{"floor":42.0,"key":"REST"},{"floor":49.0,"key":"REST"}],"neow_cost":"NONE","seed_source_timestamp":27721008753943,"circlet_count":0,"master_deck":["Strike_R+1","Strike_R","Defend_R","Defend_R","Defend_R","Defend_R","Bash+1","AscendersBane","Clothesline","Cleave","Anger+1","Feel No Pain","Whirlwind+1","Armaments+1","Immolate","Shrug It Off","Shrug It Off","Pommel Strike+1","Headbutt","Metallicize","Shockwave","Decay","Offering","Twin Strike+1","Spot Weakness+1","Inflame","Flame Barrier","Writhe","Body Slam+1","Battle Trance","Inflame"],"special_seed":0,"relics":["Burning Blood","Strawberry","Mummified Hand","Meat on the Bone","Tiny Chest","Fusion Hammer","Whetstone","Turnip","Mercury Hourglass","Centennial Puzzle","Orrery","Bird Faced Urn","Orichalcum","Kunai","Regal Pillow","Ancient Tea Set","DollysMirror"],"potions_floor_usage":[50,50],"damage_taken":[{"damage":10.0,"enemies":"Small Slimes","floor":1.0,"turns":5.0},{"damage":2.0,"enemies":"Jaw Worm","floor":2.0,"turns":5.0},{"damage":1.0,"enemies":"Cultist","floor":3.0,"turns":3.0},{"damage":22.0,"enemies":"Gremlin Nob","floor":6.0,"turns":4.0},{"damage":50.0,"enemies":"Lagavulin Event","floor":7.0,"turns":8.0},{"damage":23.0,"enemies":"Lagavulin","floor":11.0,"turns":7.0},{"damage":16.0,"enemies":"Exordium Thugs","floor":12.0,"turns":5.0},{"damage":5.0,"enemies":"2 Fungi Beasts","floor":13.0,"turns":3.0},{"damage":14.0,"enemies":"3 Louse","floor":14.0,"turns":3.0},{"damage":22.0,"enemies":"The Guardian","floor":16.0,"turns":12.0},{"damage":9.0,"enemies":"2 Thieves","floor":18.0,"turns":3.0},{"damage":9.0,"enemies":"3 Byrds","floor":19.0,"turns":4.0},{"damage":29.0,"enemies":"Snake Plant","floor":22.0,"turns":4.0},{"damage":11.0,"enemies":"Snecko","floor":24.0,"turns":6.0},{"damage":17.0,"enemies":"Gremlin Leader","floor":28.0,"turns":4.0},{"damage":3.0,"enemies":"Sentry and Sphere","floor":29.0,"turns":3.0},{"damage":48.0,"enemies":"Book of Stabbing","floor":30.0,"turns":6.0},{"damage":63.0,"enemies":"Automaton","floor":33.0,"turns":12.0},{"damage":11.0,"enemies":"3 Darklings","floor":35.0,"turns":2.0},{"damage":5.0,"enemies":"Flame Bruiser 1 Orb","floor":36.0,"turns":3.0},{"damage":15.0,"floor":37.0,"turns":9.0},{"damage":47.0,"enemies":"Giant Head","floor":41.0,"turns":7.0},{"damage":19.0,"enemies":"Transient","floor":44.0,"turns":5.0},{"damage":9.0,"enemies":"Flame Bruiser 2 Orb","floor":46.0,"turns":4.0},{"damage":5.0,"enemies":"Maw","floor":48.0,"turns":6.0},{"damage":69,"enemies":"Time Eater","floor":50,"turns":10}],"seed_played":"-9022359976567612236","potions_obtained":[{"floor":6.0,"key":"Swift Potion"},{"floor":7.0,"key":"Swift Potion"},{"floor":7.0,"key":"SkillPotion"},{"floor":11.0,"key":"Block Potion"},{"floor":14.0,"key":"PowerPotion"},{"floor":18.0,"key":"Ancient Potion"},{"floor":22.0,"key":"Fire Potion"},{"floor":24.0,"key":"SteroidPotion"},{"floor":35.0,"key":"AttackPotion"},{"floor":41.0,"key":"PowerPotion"}],"is_trial":false,"path_per_floor":["M","M","M","?","$","E","?","R","T","R","E","M","M","M","R","B",null,"M","M","?","$","M","R","M","R","T","$","E","M","E","?","R","B",null,"M","M","?","$","?","R","E","R","T","M","T","M","$","M","R","B"],"character_chosen":"IRONCLAD","items_purchased":["Energy Potion","Whetstone","Shrug It Off","Headbutt","Orichalcum","Flame Barrier","DollysMirror"],"campfire_rested":7,"item_purchase_floors":[5,21,21,27,38,38,47],"current_hp_per_floor":[64,68,73,73,73,64,20,44,44,44,39,41,54,58,58,54,75,72,69,69,69,58,82,77,82,82,82,71,74,44,44,68,23,67,62,63,54,54,70,82,57,81,81,74,74,75,75,82,82,37],"gold":76,"neow_bonus":"HUNDRED_GOLD","is_prod":false,"is_daily":false,"chose_seed":false,"campfire_upgraded":2,"win_rate":0,"timestamp":1533425736,"path_taken":["M","M","M","?","$","E","?","R","T","R","E","M","M","M","R","BOSS","M","M","?","$","M","R","M","R","T","$","E","M","E","?","R","BOSS","M","M","?","$","?","R","E","R","T","?","?","M","?","M","R","BOSS"],"build_version":"2018-08-02","purchased_purges":2,"victory":true,"max_hp_per_floor":[75,75,75,75,75,82,82,82,82,82,82,82,82,82,82,82,82,82,82,82,82,82,82,82,82,82,82,82,82,82,82,82,82,82,82,82,82,82,82,82,82,82,82,82,82,82,82,82,82,82],"card_choices":[{"not_picked":["Havoc","Thunderclap"],"picked":"Clothesline","floor":1.0},{"not_picked":["Flex","Flame Barrier"],"picked":"Cleave","floor":2.0},{"not_picked":["Sever Soul","Flex","Searing Blow"],"picked":"SKIP","floor":3.0},{"not_picked":["Heavy Blade","Warcry","Brutality"],"picked":"SKIP","floor":6.0},{"not_picked":["Cleave","Second Wind"],"picked":"Anger","floor":7.0},{"not_picked":["Combust","Ghostly Armor"],"picked":"Feel No Pain","floor":11.0},{"not_picked":["Flex","Clothesline"],"picked":"Whirlwind","floor":12.0},{"not_picked":["Sword Boomerang","Havoc","Fiend Fire"],"picked":"SKIP","floor":13.0},{"not_picked":["Clash","Pommel Strike"],"picked":"Armaments","floor":14.0},{"not_picked":["Berserk","Barricade"],"picked":"Immolate","floor":16.0},{"not_picked":["Heavy Blade","Wild Strike","Pummel"],"picked":"SKIP","floor":18.0},{"not_picked":["Whirlwind+1","Rage"],"picked":"Shrug It Off","floor":19.0},{"not_picked":["Feel No Pain","Ghostly Armor"],"picked":"Pommel Strike+1","floor":22.0},{"not_picked":["Rage","Heavy Blade","Wild Strike"],"picked":"SKIP","floor":24.0},{"not_picked":["Armaments","Clothesline"],"picked":"Metallicize","floor":28.0},{"not_picked":["Clothesline","Flex"],"picked":"Shockwave","floor":29.0},{"not_picked":["Corruption","Immolate","Perfected Strike+1"],"picked":"SKIP","floor":30.0},{"not_picked":["Limit Break","Fiend Fire"],"picked":"Offering","floor":33.0},{"not_picked":["Bloodletting+1","Berserk"],"picked":"Twin Strike+1","floor":34.0},{"not_picked":["Pommel Strike","Sword Boomerang"],"picked":"Spot Weakness+1","floor":34.0},{"not_picked":["Perfected Strike","Twin Strike+1"],"picked":"Inflame","floor":35.0},{"not_picked":["Corruption","Armaments","Spot Weakness"],"picked":"SKIP","floor":36.0},{"not_picked":["Twin Strike","Sever Soul"],"picked":"Body Slam+1","floor":41.0},{"not_picked":["Burning Pact","Seeing Red+1"],"picked":"Battle Trance","floor":44.0},{"not_picked":["Warcry","Spot Weakness","Battle Trance"],"picked":"SKIP","floor":46.0},{"not_picked":["Clash","Shockwave","Headbutt"],"picked":"SKIP","floor":48.0}],"player_experience":1007729,"relics_obtained":[{"floor":6.0,"key":"Strawberry"},{"floor":7.0,"key":"Mummified Hand"},{"floor":9.0,"key":"Meat on the Bone"},{"floor":11.0,"key":"Tiny Chest"},{"floor":26.0,"key":"Turnip"},{"floor":28.0,"key":"Mercury Hourglass"},{"floor":30.0,"key":"Centennial Puzzle"},{"floor":37.0,"key":"Bird Faced Urn"},{"floor":41.0,"key":"Kunai"},{"floor":43.0,"key":"Regal Pillow"},{"floor":45.0,"key":"Ancient Tea Set"}],"event_choices":[{"event_name":"Living Wall","player_choice":"Grow","floor":4.0,"damage_taken":0.0},{"event_name":"Dead Adventurer","player_choice":"Searched \u00271\u0027 times","floor":7.0,"damage_taken":0.0},{"event_name":"Beggar","player_choice":"Gave Gold","floor":20.0,"damage_taken":0.0},{"event_name":"Forgotten Altar","player_choice":"Smashed Altar","floor":31.0,"damage_taken":0.0},{"event_name":"MindBloom","player_choice":"Fight","floor":37.0,"damage_taken":0.0},{"event_name":"Winding Halls","player_choice":"Writhe","floor":39.0,"damage_taken":0.0}],"is_beta":false,"boss_relics":[{"not_picked":["Black Blood","Pandora\u0027s Box"],"picked":"Fusion Hammer"},{"not_picked":["Philosopher\u0027s Stone","Tiny House"],"picked":"Orrery"}],"items_purged_floors":[5,21],"is_endless":false,"potions_floor_spawned":[6,7,7,11,14,18,22,24,35,41,46],"ascension_level":15}