{"gold_per_floor":[115,115,115,126,126,159,159,194,194,220,249,279,279,307,307,380,380,396,396,336,261,50,50,79,92,92,126,58,75,75,102,102,180,180,194,208,221,234,249,282,282,316,316,351,361,361,54,85,85,85,85],"floor_reached":52,"playtime":2500,"items_purged":["Writhe","Sweeping Beam"],"score":2994,"play_id":"62e38175-72f9-427a-89c6-5f22538f6eca","local_time":"20190116215014","daily_mods":["SealedDeck","DeadlyEvents","Elite Swarm"],"is_ascension_mode":true,"campfire_choices":[{"data":"Streamline","floor":7.0,"key":"SMITH"},{"data":"Biased Cognition","floor":13.0,"key":"SMITH"},{"data":"Buffer","floor":15.0,"key":"SMITH"},{"data":"Fission","floor":23.0,"key":"SMITH"},{"data":"Loop","floor":30.0,"key":"SMITH"},{"floor":32.0,"key":"DIG"},{"floor":41,"key":"DIG"},{"floor":49,"key":"DIG"}],"neow_cost":"","seed_source_timestamp":0,"circlet_count":0,"master_deck":["AscendersBane","Streamline+1","Compile Driver","FTL","Coolheaded","BootSequence","Genetic Algorithm+1","Ball Lightning","Leap","Cold Snap","Biased Cognition+1","Fission+1","Core Surge","Rainbow","Buffer+1","Chill+1","Hologram+1","Loop+1","Fission+1","Storm+1","Glacier+1","Reinforced Body+1","Electrodynamics+1","Reinforced Body+1","Heatsinks+1","Coolheaded+1","Coolheaded+1","White Noise+1","Capacitor+1","Creative AI+1","Fission+1","Thunder Strike+1","Glacier+1","Creative AI+1"],"special_seed":0,"relics":["FrozenCore","Sundial","DataDisk","Mummified Hand","Girya","Prayer Wheel","Oddly Smooth Stone","Toxic Egg 2","The Courier","Shuriken","Matryoshka","Question Card","Frozen Egg 2","Pocketwatch","Shovel","Meat on the Bone","Cursed Key","Strawberry","Molten Egg 2","Bag of Marbles","Ice Cream","Cables","Omamori","Gremlin Horn"],"potions_floor_usage":[48],"damage_taken":[{"damage":0.0,"enemies":"2 Louse","floor":1.0,"turns":2.0},{"damage":0.0,"enemies":"Cultist","floor":4.0,"turns":3.0},{"damage":4.0,"enemies":"Gremlin Nob","floor":6.0,"turns":3.0},{"damage":17.0,"enemies":"3 Sentries","floor":8.0,"turns":7.0},{"damage":6.0,"enemies":"Lagavulin","floor":10.0,"turns":4.0},{"damage":8.0,"enemies":"Gremlin Nob","floor":11.0,"turns":4.0},{"damage":0.0,"enemies":"Lagavulin","floor":12.0,"turns":4.0},{"damage":0.0,"enemies":"3 Sentries","floor":14.0,"turns":4.0},{"damage":0.0,"enemies":"Slime Boss","floor":16.0,"turns":8.0},{"damage":0.0,"enemies":"Spheric Guardian","floor":18.0,"turns":4.0},{"damage":0.0,"enemies":"Slavers","floor":24.0,"turns":5.0},{"damage":0.0,"enemies":"Chosen","floor":25.0,"turns":4.0},{"damage":0.0,"enemies":"Book of Stabbing","floor":27.0,"turns":5.0},{"damage":7.0,"enemies":"Shelled Parasite and Fungi","floor":29.0,"turns":3.0},{"damage":0.0,"enemies":"Slavers","floor":31.0,"turns":5.0},{"damage":3.0,"enemies":"Champ","floor":33.0,"turns":8.0},{"damage":0.0,"enemies":"Orb Walker","floor":35.0,"turns":3.0},{"damage":0,"enemies":"3 Shapes","floor":36,"turns":3},{"damage":13,"enemies":"Writhing Mass","floor":37,"turns":4},{"damage":0,"enemies":"4 Shapes","floor":38,"turns":2},{"damage":0,"enemies":"Maw","floor":39,"turns":6},{"damage":0,"enemies":"Nemesis","floor":40,"turns":3},{"damage":0,"enemies":"Reptomancer","floor":42,"turns":2},{"damage":0,"enemies":"Nemesis","floor":44,"turns":6},{"damage":0,"enemies":"3 Darklings","floor":45,"turns":2},{"damage":0,"enemies":"Reptomancer","floor":48,"turns":2},{"damage":0,"enemies":"Awakened One","floor":50,"turns":5},{"damage":0,"enemies":"Time Eater","floor":51,"turns":6}],"seed_played":"-1400395867106859817","potions_obtained":[{"floor":1.0,"key":"GamblersBrew"},{"floor":10.0,"key":"Weak Potion"},{"floor":12.0,"key":"PowerPotion"},{"floor":14.0,"key":"FearPotion"},{"floor":39,"key":"PowerPotion"},{"floor":48,"key":"Block Potion"}],"is_trial":true,"path_per_floor":["M","?","$","M","?","E","R","E","T","E","E","E","R","E","R","B",null,"M","?","$","?","$","R","E","M","T","E","$","M","R","E","R","B",null,"M","M","M","M","M","E","R","E","T","E","M","?","$","E","R","B","B",null],"character_chosen":"DEFECT","items_purchased":["Shuriken","Storm+1","Cables"],"campfire_rested":0,"item_purchase_floors":[22,28,47],"current_hp_per_floor":[64,64,64,64,64,60,60,43,43,37,29,29,29,29,29,29,61,61,61,61,61,61,61,61,61,61,61,61,54,54,54,54,51,66,66,66,53,53,53,60,60,60,60,60,60,60,60,60,60,60,60],"gold":85,"neow_bonus":"","is_prod":false,"is_daily":false,"chose_seed":false,"campfire_upgraded":5,"win_rate":0,"timestamp":1547704214,"path_taken":["M","?","$","?","?","E","R","E","T","E","?","?","R","E","R","BOSS","M","?","$","?","$","R","E","M","T","E","?","M","R","E","R","BOSS","M","M","?","M","M","E","R","E","T","E","M","?","$","E","R","BOSS","BOSS"],"build_version":"2019-01-10","purchased_purges":2,"victory":true,"max_hp_per_floor":[71,71,71,71,71,71,71,71,71,71,71,71,71,71,71,71,71,71,71,71,71,71,71,71,71,71,71,71,71,71,71,71,71,71,71,71,71,71,71,78,78,78,78,78,78,78,78,78,78,78,78],"card_choices":[{"not_picked":["Turbo","Compile Driver"],"picked":"Leap","floor":1.0},{"not_picked":["Heatsinks","Compile Driver"],"picked":"Cold Snap","floor":4.0},{"not_picked":["Seek","Machine Learning","All For One"],"picked":"SKIP","floor":6.0},{"not_picked":["Core Surge","Amplify"],"picked":"Biased Cognition","floor":8.0},{"not_picked":["All For One","Creative AI"],"picked":"Fission","floor":10.0},{"not_picked":["All For One","Rainbow"],"picked":"Core Surge","floor":11.0},{"not_picked":["Creative AI","Buffer"],"picked":"Rainbow","floor":12.0},{"not_picked":["Reboot","Meteor Strike"],"picked":"Buffer","floor":14.0},{"not_picked":["Genetic Algorithm+1","Barrage"],"picked":"Chill+1","floor":18.0},{"not_picked":["Auto Shields+1","Lockon+1"],"picked":"Hologram+1","floor":18.0},{"not_picked":["Multi-Cast+1","Biased Cognition","Core Surge"],"picked":"SKIP","floor":24.0},{"not_picked":["Recycle+1","Ball Lightning"],"picked":"Loop","floor":25.0},{"not_picked":["Steam+1","Conserve Battery+1","FTL"],"picked":"SKIP","floor":25.0},{"not_picked":["Amplify+1","Seek+1","All For One"],"picked":"Fission+1","floor":27.0},{"not_picked":["Barrage","Cold Snap+1","Compile Driver+1"],"picked":"Glacier+1","floor":29.0},{"not_picked":["Leap+1","Conserve Battery+1","Beam Cell"],"picked":"Reinforced Body+1","floor":29.0},{"not_picked":["Hyperbeam","Reboot+1","Fission+1"],"picked":"Electrodynamics+1","floor":31.0},{"not_picked":["Stack+1","Ball Lightning+1","Gash+1"],"picked":"Reinforced Body+1","floor":35},{"not_picked":["Darkness+1","Gash","Beam Cell"],"picked":"Heatsinks+1","floor":35},{"not_picked":["Ball Lightning","Gash","Genetic Algorithm+1"],"picked":"Coolheaded+1","floor":36},{"not_picked":["Steam+1","Core Surge","Sunder","Conserve Battery+1"],"picked":"SKIP","floor":36},{"not_picked":["Sunder","Barrage","Beam Cell"],"picked":"Coolheaded+1","floor":37},{"not_picked":["Self Repair+1","Coolheaded+1","Redo+1"],"picked":"White Noise+1","floor":37},{"not_picked":["Hologram+1","Genetic Algorithm+1","Fusion+1","Reboot+1"],"picked":"SKIP","floor":38},{"not_picked":["Cold Snap+1","Steam+1","Stack+1","Conserve Battery+1"],"picked":"SKIP","floor":38},{"not_picked":["Steam Power+1","Skim+1","Tempest+1"],"picked":"Capacitor+1","floor":39},{"not_picked":["Steam+1","Hologram+1","Fusion+1","Stack+1"],"picked":"SKIP","floor":39},{"not_picked":["Thunder Strike","Hyperbeam","Reboot+1"],"picked":"Creative AI+1","floor":40},{"not_picked":["Machine Learning+1","Hyperbeam+1","Creative AI+1"],"picked":"Fission+1","floor":42},{"not_picked":["Amplify+1","Seek+1","Meteor Strike+1"],"picked":"Thunder Strike+1","floor":44},{"not_picked":["Loop+1","Doom and Gloom+1","Ball Lightning+1"],"picked":"Glacier+1","floor":45},{"not_picked":["Hologram+1","Go for the Eyes+1","Turbo+1","Leap+1"],"picked":"SKIP","floor":45},{"not_picked":["Fission+1","Electrodynamics+1","Seek+1"],"picked":"Creative AI+1","floor":48}],"player_experience":1996740,"relics_obtained":[{"floor":6.0,"key":"Sundial"},{"floor":8.0,"key":"DataDisk"},{"floor":9.0,"key":"Mummified Hand"},{"floor":10.0,"key":"Girya"},{"floor":11.0,"key":"Prayer Wheel"},{"floor":12.0,"key":"Oddly Smooth Stone"},{"floor":14.0,"key":"Toxic Egg 2"},{"floor":24.0,"key":"Matryoshka"},{"floor":26.0,"key":"Question Card"},{"floor":26.0,"key":"Frozen Egg 2"},{"floor":27.0,"key":"Pocketwatch"},{"floor":31.0,"key":"Shovel"},{"floor":32.0,"key":"Meat on the Bone"},{"floor":40,"key":"Strawberry"},{"floor":41,"key":"Molten Egg 2"},{"floor":42,"key":"Bag of Marbles"},{"floor":44,"key":"Ice Cream"},{"floor":48,"key":"Omamori"},{"floor":49,"key":"Gremlin Horn"}],"event_choices":[{"damage_healed":0.0,"max_hp_gain":0.0,"max_hp_loss":0.0,"gold_gain":0.0,"event_name":"Transmorgrifier","player_choice":"Ignored","floor":2.0,"gold_loss":0.0,"damage_taken":0.0},{"damage_healed":0.0,"max_hp_gain":0.0,"max_hp_loss":0.0,"gold_gain":0.0,"event_name":"Living Wall","player_choice":"Grow","floor":5.0,"gold_loss":0.0,"damage_taken":0.0,"cards_upgraded":["Genetic Algorithm"]},{"damage_healed":0.0,"max_hp_gain":0.0,"max_hp_loss":0.0,"gold_gain":0.0,"event_name":"The Mausoleum","player_choice":"Opened","floor":19.0,"gold_loss":0.0,"damage_taken":0.0,"relics_obtained":["The Courier"],"cards_obtained":["Writhe"]},{"cards_removed":["Rebound"],"damage_healed":0.0,"max_hp_gain":0.0,"max_hp_loss":0.0,"gold_gain":0.0,"event_name":"Beggar","player_choice":"Gave Gold","floor":21.0,"gold_loss":75.0,"damage_taken":0.0},{"cards_removed":["Steam"],"damage_healed":0,"gold_gain":0,"player_choice":"Removed Skill","damage_taken":0,"max_hp_gain":0,"max_hp_loss":0,"event_name":"Falling","floor":46,"gold_loss":0}],"is_beta":false,"boss_relics":[{"not_picked":["White Beast Statue","Snecko Eye"],"picked":"FrozenCore"},{"not_picked":["Calling Bell","Busted Crown"],"picked":"Cursed Key"}],"items_purged_floors":[20,47],"is_endless":false,"potions_floor_spawned":[1,10,12,14,27,29,35,37,39,45,48],"ascension_level":20}