{"gold_per_floor":[118,135,135,151,168,168,18,18,18,37,37,67,81,95,95,200,200,216,166,441,458,458],"floor_reached":22,"playtime":937,"items_purged":[],"score":291,"play_id":"49a08b47-c8ff-4ca3-a12d-6e6b3d39e6f6","local_time":"25611112153254","is_ascension_mode":true,"campfire_choices":[{"floor":6,"key":"REST"},{"data":"Armaments","floor":8,"key":"SMITH"},{"data":"True Grit","floor":11,"key":"SMITH"},{"data":"Pommel Strike","floor":15,"key":"SMITH"}],"neow_cost":"NONE","seed_source_timestamp":4588214235522,"circlet_count":0,"master_deck":["AscendersBane","Strike_R","Strike_R","Strike_R+1","Strike_R+1","Strike_R","Defend_R","Defend_R","Defend_R","Bash","True Grit+1","Feel No Pain","Armaments+1","Clash","Rage","Pommel Strike+1","Fiend Fire","True Grit+1","Regret"],"relics":["Black Blood","Bag of Preparation","Dodecahedron","Red Skull","Whetstone"],"potions_floor_usage":[12,14,16,21,21],"damage_taken":[{"damage":1,"enemies":"Cultist","floor":1,"turns":4},{"damage":9,"enemies":"Jaw Worm","floor":2,"turns":5},{"damage":9,"enemies":"Small Slimes","floor":4,"turns":6},{"damage":26,"enemies":"3 Louse","floor":5,"turns":7},{"damage":8,"enemies":"Blue Slaver","floor":10,"turns":6},{"damage":11,"enemies":"3 Sentries","floor":12,"turns":14},{"damage":8,"enemies":"Large Slime","floor":13,"turns":6},{"damage":0,"enemies":"Gremlin Gang","floor":14,"turns":6},{"damage":28,"enemies":"The Guardian","floor":16,"turns":10},{"damage":17,"enemies":"Shell Parasite","floor":18,"turns":6},{"damage":42,"enemies":"3 Byrds","floor":21,"turns":7},{"damage":43,"enemies":"3 Cultists","floor":22,"turns":5}],"seed_played":"-5679411812071362715","potions_obtained":[{"floor":10,"key":"Dexterity Potion"},{"floor":12,"key":"GamblersBrew"},{"floor":14,"key":"AttackPotion"},{"floor":18,"key":"Poison Potion"}],"is_trial":false,"path_per_floor":["M","M","?","M","M","R","?","R","T","M","R","E","M","M","R","B",null,"M","$","?","M","M"],"character_chosen":"IRONCLAD","items_purchased":["Block Potion"],"campfire_rested":1,"item_purchase_floors":[19],"current_hp_per_floor":[77,74,67,64,44,68,68,68,68,66,66,61,59,65,65,43,71,64,64,64,32,0],"gold":458,"neow_bonus":"RANDOM_COMMON_RELIC","is_prod":false,"is_daily":false,"chose_seed":false,"campfire_upgraded":3,"win_rate":0,"timestamp":1542011574,"path_taken":["M","M","?","M","M","R","?","R","T","M","R","E","?","M","R","BOSS","M","?","?","M","M"],"build_version":"2018-11-08","purchased_purges":0,"victory":false,"max_hp_per_floor":[80,80,80,80,80,80,80,80,80,80,80,80,80,80,80,80,80,80,80,80,80,80],"card_choices":[{"not_picked":["Cleave","Inflame"],"picked":"True Grit","floor":1},{"not_picked":["Metallicize","Shrug It Off"],"picked":"Feel No Pain","floor":2},{"not_picked":["Inflame","Fire Breathing","Combust"],"picked":"SKIP","floor":4},{"not_picked":["Clash","Cleave"],"picked":"Armaments","floor":5},{"not_picked":["Sword Boomerang","Sever Soul"],"picked":"Clash","floor":10},{"not_picked":["Havoc","Pommel Strike"],"picked":"Rage","floor":12},{"not_picked":["Body Slam","Bloodletting","Blood for Blood"],"picked":"SKIP","floor":13},{"not_picked":["Heavy Blade","Twin Strike"],"picked":"Pommel Strike","floor":14},{"not_picked":["Exhume","Impervious"],"picked":"Fiend Fire","floor":16},{"not_picked":["Armaments+1","Sword Boomerang"],"picked":"True Grit+1","floor":18},{"not_picked":["Pommel Strike+1","Searing Blow","Perfected Strike"],"picked":"SKIP","floor":21}],"player_experience":114859,"relics_obtained":[{"floor":9,"key":"Red Skull"},{"floor":12,"key":"Whetstone"}],"event_choices":[{"cards_removed":["Defend_R"],"damage_healed":0,"gold_gain":0,"player_choice":"Card Removal","damage_taken":7,"max_hp_gain":0,"max_hp_loss":0,"event_name":"Golden Wing","floor":3,"gold_loss":0},{"damage_healed":0,"gold_gain":0,"player_choice":"Paid Gold","damage_taken":0,"relics_obtained":["Dodecahedron"],"max_hp_gain":0,"max_hp_loss":0,"event_name":"WeMeetAgain","floor":7,"gold_loss":150},{"damage_healed":0,"gold_gain":275,"player_choice":"Desecrate","damage_taken":0,"max_hp_gain":0,"max_hp_loss":0,"event_name":"Golden Shrine","floor":20,"gold_loss":0,"cards_obtained":["Regret"]}],"is_beta":false,"boss_relics":[{"not_picked":["Fusion Hammer","Runic Pyramid"],"picked":"Black Blood"}],"items_purged_floors":[],"is_endless":false,"potions_floor_spawned":[10,12,14,18],"killed_by":"3 Cultists","ascension_level":11}