{"gold_per_floor":[112,125,50,69,80,80,60,60,107,135,153,75,89,114,114,191,191,211,211,221,240,259,259,278,295,295,330,330,1,1,11,11,86,86,99,109,109,120,144,144,144,144,144,169,169,0,0,15,15,15],"floor_reached":51,"playtime":3285,"items_purged":[],"score":1221,"play_id":"9fef3fc3-26b6-47ef-93d9-0e80661b6199","local_time":"20181203180401","is_ascension_mode":true,"campfire_choices":[{"data":"Tactician","floor":6.0,"key":"SMITH"},{"data":"Footwork","floor":8.0,"key":"SMITH"},{"floor":15.0,"key":"REST"},{"data":"Burst","floor":23.0,"key":"SMITH"},{"floor":32.0,"key":"REST"},{"floor":41.0,"key":"REST"},{"data":"A Thousand Cuts","floor":47,"key":"SMITH"},{"data":"Accuracy","floor":49,"key":"SMITH"}],"neow_cost":"NONE","seed_source_timestamp":34315182104472,"circlet_count":0,"master_deck":["AscendersBane","Neutralize+1","Blade Dance","Outmaneuver","Blade Dance","Tactician+1","Finisher","Acrobatics","PiercingWail","Deflect","Reflex","Finisher","Flying Knee+1","Backflip","Footwork+1","Infinite Blades","Acrobatics","Cloak And Dagger","Footwork","Cloak And Dagger","Prepared","Burst+1","Dodge and Roll","Backflip","Accuracy+1","Sucker Punch","Leg Sweep","Deflect","Distraction+1","A Thousand Cuts+1","Blur","Choke+1","Panache","Backflip+1"],"special_seed":0,"relics":["Pandora\u0027s Box","Bag of Marbles","Bronze Scales","Bag of Preparation","Sozu","Kunai","Matryoshka","Mummified Hand","WarpedTongs","Philosopher\u0027s Stone","Spirit Poop","Omamori","Happy Flower","Oddly Smooth Stone","Bottled Tornado","Whetstone","Red Mask"],"potions_floor_usage":[50],"damage_taken":[{"damage":4.0,"enemies":"Jaw Worm","floor":1.0,"turns":4.0},{"damage":0.0,"enemies":"Cultist","floor":2.0,"turns":4.0},{"damage":8.0,"enemies":"Small Slimes","floor":4.0,"turns":2.0},{"damage":0.0,"enemies":"Gremlin Gang","floor":5.0,"turns":5.0},{"damage":0.0,"enemies":"Lagavulin","floor":10.0,"turns":4.0},{"damage":11.0,"enemies":"Looter","floor":11.0,"turns":2.0},{"damage":8.0,"enemies":"3 Louse","floor":13.0,"turns":4.0},{"damage":13.0,"enemies":"Gremlin Nob","floor":14.0,"turns":4.0},{"damage":27.0,"enemies":"Slime Boss","floor":16.0,"turns":7.0},{"damage":1.0,"enemies":"Shell Parasite","floor":18.0,"turns":4.0},{"damage":1.0,"enemies":"Spheric Guardian","floor":20.0,"turns":6.0},{"damage":0.0,"enemies":"Cultist and Chosen","floor":21.0,"turns":5.0},{"damage":4.0,"enemies":"Sentry and Sphere","floor":22.0,"turns":5.0},{"damage":4.0,"enemies":"Centurion and Healer","floor":24.0,"turns":8.0},{"damage":25.0,"enemies":"Shelled Parasite and Fungi","floor":25.0,"turns":6.0},{"damage":10.0,"enemies":"Slavers","floor":27.0,"turns":7.0},{"damage":1.0,"enemies":"Snake Plant","floor":31.0,"turns":5.0},{"damage":25.0,"enemies":"Collector","floor":33.0,"turns":14.0},{"damage":44.0,"enemies":"3 Darklings","floor":35.0,"turns":6.0},{"damage":1.0,"enemies":"3 Shapes","floor":36.0,"turns":7.0},{"damage":7.0,"enemies":"Spire Growth","floor":38.0,"turns":5.0},{"damage":20,"enemies":"Nemesis","floor":44,"turns":7},{"damage":0,"enemies":"Jaw Worm Horde","floor":48,"turns":4},{"damage":29,"enemies":"Donu and Deca","floor":50,"turns":7}],"seed_played":"3984080501232248001","potions_obtained":[{"floor":1.0,"key":"Energy Potion"},{"floor":4.0,"key":"Ancient Potion"},{"floor":7.0,"key":"Fruit Juice"},{"floor":11.0,"key":"Dexterity Potion"}],"is_trial":false,"path_per_floor":["M","M","$","M","M","R","?","R","T","E","M","$","M","E","R","B",null,"M","?","M","M","M","R","M","M","T","E","?","$","?","M","R","B",null,"M","M","?","M","T","?","R","?","T","E","?","?","R","M","R","B",null],"character_chosen":"THE_SILENT","items_purchased":["Footwork","Cloak And Dagger","Footwork","Leg Sweep","Mummified Hand","Deflect"],"campfire_rested":3,"item_purchase_floors":[3,12,12,29,29,29],"current_hp_per_floor":[55,55,55,47,47,47,52,52,52,52,41,41,33,20,41,14,57,56,56,55,55,51,51,47,22,22,12,12,12,12,11,32,7,55,11,10,10,3,3,3,24,24,24,4,58,58,58,58,58,29],"gold":15,"neow_bonus":"BOSS_RELIC","is_prod":false,"is_daily":false,"chose_seed":false,"campfire_upgraded":5,"win_rate":0,"timestamp":1543889041,"path_taken":["M","M","$","M","M","R","?","R","T","E","?","$","M","E","R","BOSS","M","?","M","?","M","R","M","M","T","E","?","$","?","M","R","BOSS","M","M","?","?","?","?","R","?","T","E","?","?","R","M","R","BOSS"],"build_version":"2018-11-15","purchased_purges":0,"victory":true,"max_hp_per_floor":[66,66,66,66,66,66,71,71,71,71,71,71,71,71,71,71,71,71,71,71,71,71,71,71,71,71,71,71,71,71,71,71,71,71,71,71,71,71,71,71,71,71,71,71,58,58,58,58,58,58],"card_choices":[{"not_picked":["Riddle With Holes","Flying Knee","Reflex"],"picked":"SKIP","floor":1.0},{"not_picked":["Riddle With Holes","Reflex"],"picked":"Flying Knee","floor":1.0},{"not_picked":["Skewer","Deflect"],"picked":"Backflip","floor":2.0},{"not_picked":["Poisoned Stab","Deflect","Deadly Poison"],"picked":"SKIP","floor":4.0},{"not_picked":["Masterful Stab","Outmaneuver"],"picked":"Infinite Blades","floor":5.0},{"not_picked":["Crippling Poison","Catalyst"],"picked":"Acrobatics","floor":10.0},{"not_picked":["Backflip","Skewer","Noxious Fumes"],"picked":"SKIP","floor":11.0},{"not_picked":["Unload","Underhanded Strike"],"picked":"Cloak And Dagger","floor":13.0},{"not_picked":["Phantasmal Killer","Backflip"],"picked":"Prepared","floor":14.0},{"not_picked":["Bullet Time","Phantasmal Killer"],"picked":"Burst","floor":16.0},{"not_picked":["Calculated Gamble","Heel Hook"],"picked":"Dodge and Roll","floor":18.0},{"not_picked":["Infinite Blades+1","Dash"],"picked":"Backflip","floor":20.0},{"not_picked":["Crippling Poison","Slice"],"picked":"Accuracy","floor":21.0},{"not_picked":["Setup","Quick Slash","Heel Hook"],"picked":"SKIP","floor":22.0},{"not_picked":["Flying Knee","Blade Dance","Dagger Spray"],"picked":"SKIP","floor":24.0},{"not_picked":["Poisoned Stab","Cloak And Dagger"],"picked":"Sucker Punch","floor":25.0},{"not_picked":["Footwork+1","Phantasmal Killer","Glass Knife"],"picked":"SKIP","floor":27.0},{"not_picked":["Crippling Poison","Bane"],"picked":"Distraction+1","floor":31.0},{"not_picked":["Bullet Time","Tools of the Trade"],"picked":"A Thousand Cuts","floor":33.0},{"not_picked":["Flechettes","PiercingWail"],"picked":"Blur","floor":35.0},{"not_picked":["Outmaneuver","Noxious Fumes"],"picked":"Choke+1","floor":36.0},{"not_picked":["Sucker Punch","Expertise","Dagger Spray+1"],"picked":"SKIP","floor":38.0},{"not_picked":["Finesse","Swift Strike"],"picked":"Panache","floor":40.0},{"not_picked":["Prepared","Underhanded Strike","Unload"],"picked":"SKIP","floor":44},{"not_picked":["Quick Slash","Noxious Fumes"],"picked":"Backflip+1","floor":48}],"player_experience":1722311,"relics_obtained":[{"floor":9.0,"key":"Bag of Marbles"},{"floor":10.0,"key":"Bronze Scales"},{"floor":14.0,"key":"Bag of Preparation"},{"floor":26.0,"key":"Kunai"},{"floor":27.0,"key":"Matryoshka"},{"floor":39.0,"key":"Omamori"},{"floor":39.0,"key":"Happy Flower"},{"floor":43.0,"key":"Oddly Smooth Stone"},{"floor":43.0,"key":"Bottled Tornado"},{"floor":44,"key":"Whetstone"}],"event_choices":[{"damage_healed":0.0,"max_hp_gain":0.0,"max_hp_loss":0.0,"gold_gain":0.0,"event_name":"The Woman in Blue","player_choice":"Bought 1 Potion","floor":7.0,"gold_loss":0.0,"damage_taken":0.0},{"damage_healed":0.0,"max_hp_gain":0.0,"max_hp_loss":0.0,"gold_gain":0.0,"event_name":"Match and Keep!","player_choice":"0 cards matched","floor":19.0,"gold_loss":0.0,"damage_taken":0.0,"cards_obtained":[]},{"damage_healed":0.0,"max_hp_gain":0.0,"max_hp_loss":0.0,"gold_gain":0.0,"event_name":"Cursed Tome","player_choice":"Ignored","floor":28.0,"gold_loss":0.0,"damage_taken":0.0},{"damage_healed":0.0,"max_hp_gain":0.0,"max_hp_loss":0.0,"gold_gain":0.0,"event_name":"Accursed Blacksmith","player_choice":"Rummage","floor":30.0,"gold_loss":0.0,"damage_taken":0.0,"relics_obtained":["WarpedTongs"],"cards_obtained":["Pain"]},{"cards_removed":["Pain"],"damage_healed":0.0,"max_hp_gain":0.0,"max_hp_loss":0.0,"gold_gain":0.0,"event_name":"Bonfire Elementals","player_choice":"Offered Curse","floor":37.0,"gold_loss":0.0,"damage_taken":0.0,"relics_obtained":["Spirit Poop"]},{"damage_healed":0.0,"max_hp_gain":0.0,"max_hp_loss":0.0,"gold_gain":0.0,"event_name":"SensoryStone","player_choice":"Memory 1","floor":40.0,"gold_loss":0.0,"damage_taken":0.0},{"cards_removed":["Survivor"],"damage_healed":0.0,"max_hp_gain":0.0,"max_hp_loss":0.0,"gold_gain":0.0,"event_name":"Falling","player_choice":"Removed Skill","floor":42.0,"gold_loss":0.0,"damage_taken":0.0},{"damage_healed":58,"gold_gain":0,"player_choice":"Heal","damage_taken":0,"max_hp_gain":0,"max_hp_loss":13,"event_name":"The Moai Head","floor":45,"gold_loss":0},{"damage_healed":0,"gold_gain":0,"player_choice":"Paid","damage_taken":0,"relics_obtained":["Red Mask"],"max_hp_gain":0,"max_hp_loss":0,"event_name":"Tomb of Lord Red Mask","floor":46,"gold_loss":169}],"is_beta":false,"boss_relics":[{"not_picked":["Empty Cage","Calling Bell"],"picked":"Sozu"},{"not_picked":["Runic Pyramid","Black Star"],"picked":"Philosopher\u0027s Stone"}],"items_purged_floors":[],"is_endless":false,"potions_floor_spawned":[1,4,11,14,20,24,25,27,31,44],"ascension_level":15}