{"gold_per_floor":[111,126,137,147,222,251,264,264,316,344,363,538,555,22,22,122,122,134,150,50,64,64,124,143,174,174,201,201,230,247,247,247,343,343,356,403,403,55,71,71,97,111,111,122,122,137,137,137,137,137],"floor_reached":51,"playtime":7581,"items_purged":["Defend_G","Strike_G"],"score":969,"play_id":"0412fb52-2aae-4791-972a-5864c7075c42","local_time":"20190319232231","is_ascension_mode":true,"campfire_choices":[{"data":"Terror","floor":8,"key":"SMITH"},{"data":"After Image","floor":15,"key":"SMITH"},{"data":"Venomology","floor":28,"key":"SMITH"},{"data":"Wraith Form v2","floor":32,"key":"SMITH"},{"floor":40,"key":"DIG"},{"floor":49,"key":"DIG"}],"neow_cost":"NONE","seed_source_timestamp":10104772131132,"circlet_count":0,"master_deck":["Defend_G","Defend_G","Strike_G","Strike_G","Strike_G+1","Survivor","Neutralize+1","Cloak And Dagger","Slice","Prepared","Terror+1","Heel Hook","Masterful Stab+1","After Image+1","Slice+1","Backstab+1","Heel Hook+1","Heel Hook+1","Acrobatics","Quick Slash+1","Venomology+1","Wraith Form v2+1","Quick Slash+1","Phantasmal Killer","Backstab+1","Backflip","Leg Sweep+1","Normality","Parasite","Sucker Punch+1","Predator+1"],"relics":["Ring of the Snake","Omamori","Juzu Bracelet","Molten Egg 2","Paper Crane","HandDrill","Cursed Key","Tiny Chest","Question Card","Strawberry","Whetstone","Bottled Lightning","Ancient Tea Set","Empty Cage","Shovel","NlothsMask","Lee\u0027s Waffle","Bronze Scales","Happy Flower","Pear","Ornamental Fan"],"potions_floor_usage":[6,7,10,13,25,25,29,33,33,33,35,36,39,41,41,42,44,46,50,50,50,50],"damage_taken":[{"damage":1,"enemies":"Cultist","floor":1,"turns":5},{"damage":1,"enemies":"Small Slimes","floor":2,"turns":4},{"damage":1,"enemies":"2 Louse","floor":3,"turns":3},{"damage":5,"enemies":"Exordium Wildlife","floor":4,"turns":4},{"damage":11,"enemies":"3 Sentries","floor":6,"turns":12},{"damage":0,"enemies":"3 Louse","floor":7,"turns":3},{"damage":5,"enemies":"Gremlin Nob","floor":10,"turns":3},{"damage":0,"enemies":"Large Slime","floor":11,"turns":5},{"damage":4,"enemies":"Gremlin Gang","floor":13,"turns":6},{"damage":0,"enemies":"Hexaghost","floor":16,"turns":9},{"damage":0,"enemies":"Shell Parasite","floor":18,"turns":4},{"damage":1,"enemies":"2 Thieves","floor":19,"turns":4},{"damage":9,"enemies":"Shelled Parasite and Fungi","floor":21,"turns":4},{"damage":0,"enemies":"Book of Stabbing","floor":23,"turns":5},{"damage":4,"enemies":"Cultist and Chosen","floor":24,"turns":5},{"damage":6,"enemies":"Slavers","floor":25,"turns":6},{"damage":32,"enemies":"Gremlin Leader","floor":29,"turns":5},{"damage":0,"enemies":"Snake Plant","floor":30,"turns":4},{"damage":23,"enemies":"Champ","floor":33,"turns":11},{"damage":30,"enemies":"3 Darklings","floor":35,"turns":5},{"damage":13,"enemies":"2 Orb Walkers","floor":36,"turns":5},{"damage":12,"enemies":"3 Shapes","floor":39,"turns":4},{"damage":0,"enemies":"Giant Head","floor":41,"turns":7},{"damage":3,"enemies":"Sphere and 2 Shapes","floor":42,"turns":4},{"damage":10,"enemies":"4 Shapes","floor":44,"turns":6},{"damage":0,"enemies":"Writhing Mass","floor":46,"turns":4},{"damage":56,"enemies":"Awakened One","floor":50,"turns":19}],"seed_played":"-8062757593401422724","potions_obtained":[{"floor":2,"key":"Dexterity Potion"},{"floor":3,"key":"GhostInAJar"},{"floor":4,"key":"Fire Potion"},{"floor":6,"key":"Fire Potion"},{"floor":7,"key":"SteroidPotion"},{"floor":16,"key":"Weak Potion"},{"floor":18,"key":"Regen Potion"},{"floor":25,"key":"PowerPotion"},{"floor":33,"key":"LiquidBronze"},{"floor":35,"key":"Poison Potion"},{"floor":44,"key":"Swift Potion"}],"is_trial":false,"path_per_floor":["M","M","M","M","?","E","M","R","T","E","M","?","M","$","R","B",null,"M","M","$","M","?","E","M","E","T","T","R","E","M","?","R","B",null,"M","?","?","$","M","R","E","M","T","M","?","M","?","?","R","B",null],"character_chosen":"THE_SILENT","items_purchased":["Paper Crane","HandDrill","Lee\u0027s Waffle","Bronze Scales"],"campfire_rested":0,"item_purchase_floors":[14,14,38,38],"current_hp_per_floor":[69,68,67,62,51,40,40,40,40,35,35,35,31,31,31,31,70,70,69,69,60,60,60,56,65,72,72,72,40,40,40,40,17,77,47,34,34,84,72,72,82,79,79,69,69,69,69,69,69,13],"gold":137,"neow_bonus":"REMOVE_CARD","is_prod":false,"is_daily":false,"chose_seed":false,"campfire_upgraded":4,"win_rate":0,"timestamp":1553048551,"path_taken":["M","M","M","M","?","E","M","R","T","E","M","?","M","$","R","BOSS","M","M","$","M","?","E","M","E","T","?","R","E","M","?","R","BOSS","M","?","?","$","M","R","E","M","T","M","?","M","?","?","R","BOSS"],"build_version":"2019-01-23","purchased_purges":2,"victory":true,"max_hp_per_floor":[70,70,70,70,70,70,70,70,70,70,70,70,70,70,70,70,70,70,70,70,70,70,70,70,70,77,77,77,77,77,77,77,77,77,77,77,77,84,84,84,94,94,94,94,94,94,94,89,89,89],"card_choices":[{"not_picked":["Crippling Poison","Tactician"],"picked":"Cloak And Dagger","floor":1},{"not_picked":["Underhanded Strike","Dodge and Roll"],"picked":"Slice","floor":2},{"not_picked":["Flechettes","Expertise"],"picked":"Prepared","floor":3},{"not_picked":["Quick Slash","Catalyst"],"picked":"Terror","floor":4},{"not_picked":["Choke","Prepared"],"picked":"Heel Hook","floor":6},{"not_picked":["Accuracy","Catalyst","Predator"],"picked":"SKIP","floor":7},{"not_picked":["Calculated Gamble","Quick Slash"],"picked":"Masterful Stab","floor":10},{"not_picked":["Poisoned Stab+1","Crippling Poison"],"picked":"After Image","floor":11},{"not_picked":["Poisoned Stab+1","Infinite Blades"],"picked":"Slice+1","floor":13},{"not_picked":["Tools of the Trade","Doppelganger"],"picked":"Malaise","floor":16},{"not_picked":["Cloak And Dagger","Deadly Poison"],"picked":"Backstab+1","floor":18},{"not_picked":["Setup","Skewer+1"],"picked":"Heel Hook+1","floor":19},{"not_picked":["Underhanded Strike+1","Setup"],"picked":"Heel Hook+1","floor":21},{"not_picked":["Cloak And Dagger","Distraction"],"picked":"Acrobatics","floor":23},{"not_picked":["Heel Hook+1","Underhanded Strike+1"],"picked":"Quick Slash+1","floor":24},{"not_picked":["Acrobatics","Dagger Spray+1"],"picked":"Venomology","floor":25},{"not_picked":["Terror","Dodge and Roll","Outmaneuver"],"picked":"Wraith Form v2","floor":29},{"not_picked":["Bane+1","Flying Knee+1","Backstab+1"],"picked":"Quick Slash+1","floor":30},{"not_picked":["Glass Knife+1","Burst","Night Terror"],"picked":"Phantasmal Killer","floor":33},{"not_picked":["Crippling Poison","Infinite Blades","Skewer+1"],"picked":"Backstab+1","floor":35},{"not_picked":["Crippling Poison","Blade Dance","Deflect"],"picked":"Backflip","floor":36},{"not_picked":["Eviscerate+1","Tactician","Blade Dance"],"picked":"Leg Sweep+1","floor":39},{"not_picked":["Accuracy+1","Dagger Spray+1","Well Laid Plans","Tools of the Trade"],"picked":"SKIP","floor":41},{"not_picked":["Blade Dance","Distraction","Underhanded Strike+1","Poisoned Stab+1"],"picked":"SKIP","floor":42},{"not_picked":["Flechettes+1","Blade Dance+1","Outmaneuver+1","Cloak And Dagger"],"picked":"SKIP","floor":44},{"not_picked":["Cloak And Dagger+1","Underhanded Strike+1","Dodge and Roll+1"],"picked":"Sucker Punch+1","floor":46}],"player_experience":169100,"relics_obtained":[{"floor":6,"key":"Omamori"},{"floor":9,"key":"Juzu Bracelet"},{"floor":10,"key":"Molten Egg 2"},{"floor":23,"key":"Tiny Chest"},{"floor":25,"key":"Question Card"},{"floor":26,"key":"Strawberry"},{"floor":27,"key":"Whetstone"},{"floor":29,"key":"Bottled Lightning"},{"floor":36,"key":"Shovel"},{"floor":40,"key":"Happy Flower"},{"floor":41,"key":"Pear"},{"floor":49,"key":"Ornamental Fan"}],"event_choices":[{"damage_healed":0,"gold_gain":75,"player_choice":"Gather Gold","damage_taken":11,"max_hp_gain":0,"max_hp_loss":0,"event_name":"World of Goop","floor":5,"gold_loss":0},{"damage_healed":0,"gold_gain":175,"player_choice":"AGREE","damage_taken":0,"max_hp_gain":0,"max_hp_loss":0,"event_name":"Liars Game","floor":12,"gold_loss":0,"cards_obtained":["Doubt"]},{"damage_healed":0,"gold_gain":0,"player_choice":"Ignored","damage_taken":0,"max_hp_gain":0,"max_hp_loss":0,"event_name":"Beggar","floor":22,"gold_loss":0},{"damage_healed":0,"gold_gain":0,"player_choice":"Opened","damage_taken":0,"relics_obtained":["Ancient Tea Set"],"max_hp_gain":0,"max_hp_loss":0,"event_name":"The Mausoleum","floor":31,"gold_loss":0},{"damage_healed":0,"gold_gain":0,"player_choice":"Fight","damage_taken":0,"max_hp_gain":0,"max_hp_loss":0,"event_name":"Mysterious Sphere","floor":36,"gold_loss":0},{"damage_healed":0,"gold_gain":0,"player_choice":"Trade","damage_taken":0,"relics_obtained":["NlothsMask"],"max_hp_gain":0,"max_hp_loss":0,"event_name":"FaceTrader","floor":37,"gold_loss":0},{"cards_removed":["Malaise"],"damage_healed":0,"gold_gain":0,"player_choice":"Removed Skill","damage_taken":0,"max_hp_gain":0,"max_hp_loss":0,"event_name":"Falling","floor":45,"gold_loss":0},{"damage_healed":0,"gold_gain":0,"cards_transformed":["Strike_G"],"player_choice":"Transformed","damage_taken":0,"max_hp_gain":0,"max_hp_loss":0,"event_name":"Transmorgrifier","floor":47,"gold_loss":0,"cards_obtained":["Predator"]},{"damage_healed":0,"gold_gain":0,"player_choice":"Max HP","damage_taken":0,"max_hp_gain":0,"max_hp_loss":5,"event_name":"Winding Halls","floor":48,"gold_loss":0}],"is_beta":false,"boss_relics":[{"not_picked":["Astrolabe","Velvet Choker"],"picked":"Cursed Key"},{"not_picked":["WristBlade","Ring of the Serpent"],"picked":"Empty Cage"}],"items_purged_floors":[14,20],"is_endless":false,"potions_floor_spawned":[2,3,4,6,7,16,18,21,25,30,33,35,36,44],"ascension_level":3}