{"gold_per_floor":[117,117,137,156,156,156,181,224,274,274,299,299,319,163,163,254,254,275,275],"floor_reached":19,"playtime":758,"items_purged":["Injury"],"score":296,"play_id":"5483b22d-e658-4d04-8ba9-e7a560874140","local_time":"25611116231904","is_ascension_mode":true,"campfire_choices":[{"data":"Uppercut","floor":6.0,"key":"SMITH"},{"floor":10.0,"key":"REST"},{"data":"Pummel","floor":12.0,"key":"SMITH"},{"data":"Armaments","floor":15.0,"key":"SMITH"}],"neow_cost":"NONE","seed_source_timestamp":29646488377657,"circlet_count":0,"master_deck":["AscendersBane","Strike_R","Strike_R","Strike_R","Strike_R","Defend_R","Defend_R","Defend_R","Bash","Uppercut+1","Pummel+1","Shrug It Off","Armaments+1","Metallicize","Barricade"],"special_seed":0,"relics":["Burning Blood","Golden Idol","Sundial","Vajra","Empty Cage"],"potions_floor_usage":[],"damage_taken":[{"damage":6.0,"enemies":"2 Louse","floor":1.0,"turns":4.0},{"damage":4.0,"enemies":"Small Slimes","floor":3.0,"turns":4.0},{"damage":7.0,"enemies":"Jaw Worm","floor":4.0,"turns":3.0},{"damage":26.0,"enemies":"Exordium Thugs","floor":7.0,"turns":7.0},{"damage":42.0,"enemies":"Gremlin Nob","floor":8.0,"turns":5.0},{"damage":0.0,"enemies":"2 Fungi Beasts","floor":11.0,"turns":3.0},{"damage":3.0,"enemies":"Looter","floor":13.0,"turns":3.0},{"damage":67.0,"enemies":"Hexaghost","floor":16.0,"turns":15.0},{"damage":29,"enemies":"2 Thieves","floor":18,"turns":5},{"damage":45,"enemies":"3 Byrds","floor":19,"turns":4}],"seed_played":"-975041018423848015","potions_obtained":[{"floor":1.0,"key":"BloodPotion"},{"floor":8.0,"key":"SpeedPotion"}],"is_trial":false,"path_per_floor":["M","?","M","M","?","R","M","E","T","R","M","R","M","$","R","B",null,"M","M"],"character_chosen":"IRONCLAD","items_purchased":["Metallicize"],"campfire_rested":1,"item_purchase_floors":[14],"current_hp_per_floor":[75,75,77,76,81,81,61,25,25,51,57,57,60,60,60,7,67,44,0],"gold":275,"neow_bonus":"TEN_PERCENT_HP_BONUS","is_prod":false,"is_daily":false,"chose_seed":false,"campfire_upgraded":3,"win_rate":0,"timestamp":1542385144,"path_taken":["M","?","M","M","?","R","M","E","T","R","M","R","M","$","R","BOSS","M","M"],"build_version":"2018-11-15","purchased_purges":1,"victory":false,"max_hp_per_floor":[82,82,82,82,87,87,87,87,87,87,87,87,87,87,87,87,87,87,87],"card_choices":[{"not_picked":["Feel No Pain","Armaments"],"picked":"Uppercut","floor":1.0},{"not_picked":["Disarm","Anger"],"picked":"Pummel","floor":3.0},{"not_picked":["Pommel Strike","Body Slam"],"picked":"Shrug It Off","floor":4.0},{"not_picked":["Clothesline","Thunderclap","Barricade"],"picked":"SKIP","floor":7.0},{"not_picked":["Disarm","Rupture","Perfected Strike"],"picked":"SKIP","floor":8.0},{"not_picked":["Fire Breathing","Cleave","Flex"],"picked":"SKIP","floor":11.0},{"not_picked":["Clothesline","Corruption"],"picked":"Armaments","floor":13.0},{"not_picked":["Limit Break","Brutality"],"picked":"Barricade","floor":16.0},{"not_picked":["Shrug It Off","Heavy Blade","Sword Boomerang"],"picked":"SKIP","floor":18}],"player_experience":151519,"relics_obtained":[{"floor":8.0,"key":"Sundial"},{"floor":9.0,"key":"Vajra"}],"event_choices":[{"damage_healed":0.0,"max_hp_gain":0.0,"max_hp_loss":0.0,"gold_gain":0.0,"event_name":"Golden Idol","player_choice":"Take Wound","floor":2.0,"gold_loss":0.0,"damage_taken":0.0,"relics_obtained":["Golden Idol"],"cards_obtained":["Injury"]},{"damage_healed":0.0,"max_hp_gain":5.0,"max_hp_loss":0.0,"gold_gain":0.0,"event_name":"Big Fish","player_choice":"Donut","floor":5.0,"gold_loss":0.0,"damage_taken":0.0}],"is_beta":false,"boss_relics":[{"not_picked":["Snecko Eye","Orrery"],"picked":"Empty Cage"}],"items_purged_floors":[14],"is_endless":false,"potions_floor_spawned":[1,8,11],"killed_by":"3 Byrds","ascension_level":15}