{"gold_per_floor":[213,228,288,111,131,131,165,165,165,226,244,244,257,287,287,364,364,378,478,478,351,367,367,382,413,413,425,455,501,513,552,564,650,662,690,714,742,774,802,848,860,900,912,471,486,6,6,24,24,24],"floor_reached":51,"playtime":2571,"items_purged":["Strike_R","Strike_R"],"score":1466,"play_id":"35c9ed01-aa8c-44c3-ab54-b0c2ea6acf5e","local_time":"20190206175053","is_ascension_mode":true,"campfire_choices":[{"data":"Bash","floor":6.0,"key":"SMITH"},{"data":"Clothesline","floor":8.0,"key":"SMITH"},{"floor":12.0,"key":"REST"},{"data":"Fiend Fire","floor":15.0,"key":"SMITH"},{"data":"Corruption","floor":23.0,"key":"SMITH"},{"floor":27.0,"key":"REST"},{"data":"Shockwave","floor":30.0,"key":"SMITH"},{"floor":32.0,"key":"REST"},{"data":"Inflame","floor":41,"key":"SMITH"},{"data":"Juggernaut","floor":47,"key":"SMITH"},{"data":"Feel No Pain","floor":49,"key":"SMITH"}],"neow_cost":"NONE","seed_source_timestamp":35645709648923,"circlet_count":0,"master_deck":["AscendersBane","Strike_R","Strike_R","Strike_R+1","Defend_R","Defend_R","Defend_R","Defend_R","Bash+1","Clothesline+1","Sword Boomerang+1","Shrug It Off","Pommel Strike","Fiend Fire+1","Shrug It Off","Shrug It Off","Shockwave+1","Offering","Metallicize","Heavy Blade+1","Pommel Strike","Corruption+1","Armaments+1","Shrug It Off+1","Impervious+1","Juggernaut+1","Second Wind+1","Shrug It Off+1","Inflame+1","Entrench+1","Writhe","Shrug It Off+1","Shrug It Off+1","Metallicize","Rupture","Inflame","Feel No Pain+1","Inflame","Warcry+1"],"special_seed":0,"relics":["Burning Blood","Matryoshka","Self Forming Clay","Orichalcum","Du-Vu Doll","Red Skull","Mark of Pain","Bird Faced Urn","Toxic Egg 2","FaceOfCleric","Gremlin Horn","Ancient Tea Set","MawBank","Pen Nib","Singing Bowl","Cursed Key","Potion Belt","The Courier","Kunai","Bronze Scales","Whetstone","Oddly Smooth Stone","Membership Card","Ice Cream"],"potions_floor_usage":[40,50],"damage_taken":[{"damage":4.0,"enemies":"Small Slimes","floor":1.0,"turns":4.0},{"damage":7.0,"enemies":"Jaw Worm","floor":2.0,"turns":3.0},{"damage":4.0,"enemies":"Cultist","floor":5.0,"turns":3.0},{"damage":38.0,"enemies":"Lagavulin","floor":7.0,"turns":9.0},{"damage":23.0,"enemies":"3 Sentries","floor":10.0,"turns":8.0},{"damage":6.0,"enemies":"Red Slaver","floor":11.0,"turns":4.0},{"damage":4.0,"enemies":"Blue Slaver","floor":13.0,"turns":3.0},{"damage":25.0,"enemies":"3 Sentries","floor":14.0,"turns":13.0},{"damage":16.0,"enemies":"Slime Boss","floor":16.0,"turns":8.0},{"damage":9.0,"enemies":"3 Byrds","floor":18.0,"turns":5.0},{"damage":12.0,"enemies":"Colosseum Slavers","floor":19.0,"turns":7.0},{"damage":7.0,"enemies":"Colosseum Nobs","floor":19.0,"turns":4.0},{"damage":0.0,"enemies":"Chosen","floor":22.0,"turns":3.0},{"damage":15.0,"enemies":"Snake Plant","floor":24.0,"turns":3.0},{"damage":29.0,"enemies":"Slavers","floor":25.0,"turns":7.0},{"damage":0.0,"enemies":"Snecko","floor":28.0,"turns":4.0},{"damage":28.0,"enemies":"Gremlin Leader","floor":29.0,"turns":7.0},{"damage":13.0,"enemies":"Book of Stabbing","floor":31.0,"turns":4.0},{"damage":49.0,"enemies":"Collector","floor":33.0,"turns":11.0},{"damage":28.0,"enemies":"3 Darklings","floor":35.0,"turns":6.0},{"damage":2.0,"enemies":"Orb Walker","floor":36.0,"turns":3.0},{"damage":6.0,"enemies":"Sphere and 2 Shapes","floor":37.0,"turns":6.0},{"damage":0.0,"enemies":"Jaw Worm Horde","floor":38.0,"turns":4.0},{"damage":20,"enemies":"Writhing Mass","floor":39,"turns":8},{"damage":25,"enemies":"Reptomancer","floor":40,"turns":6},{"damage":20,"enemies":"Giant Head","floor":42,"turns":7},{"damage":6,"enemies":"Maw","floor":45,"turns":5},{"damage":6,"enemies":"4 Shapes","floor":48,"turns":6},{"damage":43,"enemies":"Time Eater","floor":50,"turns":7}],"seed_played":"-4874825191709643670","potions_obtained":[{"floor":5.0,"key":"SneckoOil"},{"floor":7.0,"key":"Ancient Potion"},{"floor":11.0,"key":"SteroidPotion"},{"floor":19.0,"key":"LiquidBronze"},{"floor":24.0,"key":"Block Potion"},{"floor":25.0,"key":"SteroidPotion"},{"floor":31.0,"key":"GamblersBrew"},{"floor":33.0,"key":"Fire Potion"},{"floor":37.0,"key":"Energy Potion"},{"floor":39,"key":"Fire Potion"},{"floor":40,"key":"BloodPotion"}],"is_trial":false,"path_per_floor":["M","M","?","$","M","R","E","R","T","?","M","R","M","E","R","B",null,"M","?","?","$","M","R","M","E","T","R","M","E","R","E","R","B",null,"M","M","M","M","M","E","R","E","T","$","M","$","R","M","R","B",null],"character_chosen":"IRONCLAD","items_purchased":["Shrug It Off","Pommel Strike","Pommel Strike","Shrug It Off+1","Bronze Scales","Whetstone","Oddly Smooth Stone","Regen Potion","Membership Card","Metallicize","Rupture","Inflame","Feel No Pain","Inflame","Ice Cream","SpeedPotion","EssenceOfSteel"],"campfire_rested":3,"item_purchase_floors":[4,4,21,44,44,44,44,44,46,46,46,46,46,46,46,46,46],"current_hp_per_floor":[70,69,69,69,71,71,39,39,39,22,22,44,46,27,27,17,61,58,51,51,51,60,60,54,36,36,59,70,53,53,51,75,35,70,55,66,75,88,81,73,73,68,68,68,77,77,77,96,96,88],"gold":24,"neow_bonus":"HUNDRED_GOLD","is_prod":false,"is_daily":false,"chose_seed":false,"campfire_upgraded":8,"win_rate":0,"timestamp":1549504253,"path_taken":["M","M","?","$","M","R","E","R","T","?","M","R","?","E","R","BOSS","M","?","?","$","M","R","M","E","T","R","M","E","R","E","R","BOSS","M","M","M","?","M","E","R","E","T","?","M","$","R","M","R","BOSS"],"build_version":"2019-01-23","purchased_purges":2,"victory":true,"max_hp_per_floor":[75,75,75,75,75,75,75,75,75,75,75,75,75,75,75,75,75,75,75,75,75,76,76,77,78,78,78,79,80,80,81,81,82,82,83,86,89,90,91,94,94,95,95,95,96,96,96,97,97,98],"card_choices":[{"not_picked":["Iron Wave","Sentinel"],"picked":"Clothesline","floor":1.0},{"not_picked":["Warcry","Sentinel"],"picked":"Sword Boomerang","floor":2.0},{"not_picked":["Thunderclap","Wild Strike","Rampage"],"picked":"SKIP","floor":5.0},{"not_picked":["Evolve","Carnage","Wild Strike"],"picked":"SKIP","floor":7.0},{"not_picked":["Reckless Charge","Pommel Strike"],"picked":"Fiend Fire","floor":10.0},{"not_picked":["Evolve","Carnage"],"picked":"Shrug It Off","floor":11.0},{"not_picked":["Pommel Strike","Heavy Blade"],"picked":"Shrug It Off","floor":13.0},{"not_picked":["Ghostly Armor","Searing Blow"],"picked":"Shockwave","floor":14.0},{"not_picked":["Feed","Bludgeon"],"picked":"Offering","floor":16.0},{"not_picked":["Havoc+1","Cleave"],"picked":"Metallicize","floor":18.0},{"not_picked":["Barricade","Warcry"],"picked":"Heavy Blade+1","floor":19.0},{"not_picked":["Thunderclap","Shockwave+1"],"picked":"Corruption","floor":22.0},{"not_picked":["Perfected Strike","Havoc+1"],"picked":"Armaments+1","floor":24.0},{"not_picked":["Combust","Armaments+1","Second Wind+1"],"picked":"SKIP","floor":25.0},{"not_picked":["Carnage","Infernal Blade+1","Twin Strike"],"picked":"SKIP","floor":28.0},{"not_picked":["Twin Strike","Pommel Strike+1"],"picked":"Shrug It Off+1","floor":29.0},{"not_picked":["Hemokinesis","Headbutt+1"],"picked":"Impervious+1","floor":31.0},{"not_picked":["Fiend Fire","Dark Embrace"],"picked":"Juggernaut","floor":33.0},{"not_picked":["Iron Wave+1","Armaments+1"],"picked":"Second Wind+1","floor":35.0},{"not_picked":["Corruption","Anger","Power Through+1"],"picked":"Singing Bowl","floor":36.0},{"not_picked":["Infernal Blade+1","Cleave","Anger"],"picked":"Singing Bowl","floor":37.0},{"not_picked":["Wild Strike","Havoc+1"],"picked":"Shrug It Off+1","floor":38.0},{"not_picked":["Seeing Red+1","Twin Strike"],"picked":"Inflame","floor":39},{"not_picked":["Clothesline","Heavy Blade","Dark Embrace"],"picked":"Singing Bowl","floor":40},{"not_picked":["Anger","Reckless Charge"],"picked":"Entrench+1","floor":42},{"not_picked":["Warcry+1","Pummel"],"picked":"Shrug It Off+1","floor":45},{"not_picked":["Seeing Red+1","Intimidate+1"],"picked":"Warcry+1","floor":48}],"player_experience":2167425,"relics_obtained":[{"floor":7.0,"key":"Matryoshka"},{"floor":9.0,"key":"Self Forming Clay"},{"floor":9.0,"key":"Orichalcum"},{"floor":10.0,"key":"Du-Vu Doll"},{"floor":14.0,"key":"Red Skull"},{"floor":19.0,"key":"Bird Faced Urn"},{"floor":19.0,"key":"Toxic Egg 2"},{"floor":25.0,"key":"Gremlin Horn"},{"floor":26.0,"key":"Ancient Tea Set"},{"floor":26.0,"key":"MawBank"},{"floor":29.0,"key":"Pen Nib"},{"floor":31.0,"key":"Singing Bowl"},{"floor":40,"key":"Potion Belt"},{"floor":42,"key":"The Courier"},{"floor":43,"key":"Kunai"}],"event_choices":[{"damage_healed":0.0,"max_hp_gain":0.0,"max_hp_loss":0.0,"gold_gain":60.0,"event_name":"Golden Wing","player_choice":"Gained Gold","floor":3.0,"gold_loss":0.0,"damage_taken":0.0},{"damage_healed":0.0,"max_hp_gain":0.0,"max_hp_loss":0.0,"gold_gain":0.0,"event_name":"Dead Adventurer","player_choice":"Searched \u00271\u0027 times","floor":10.0,"gold_loss":0.0,"damage_taken":0.0},{"damage_healed":0.0,"max_hp_gain":0.0,"max_hp_loss":0.0,"gold_gain":0.0,"event_name":"Colosseum","player_choice":"Fight","floor":19.0,"gold_loss":0.0,"damage_taken":0.0},{"damage_healed":0.0,"max_hp_gain":0.0,"max_hp_loss":0.0,"gold_gain":0.0,"event_name":"Colosseum","player_choice":"Fought Nobs","floor":19.0,"gold_loss":0.0,"damage_taken":0.0},{"damage_healed":0.0,"max_hp_gain":0.0,"max_hp_loss":0.0,"gold_gain":0.0,"event_name":"FaceTrader","player_choice":"Trade","floor":20.0,"gold_loss":0.0,"damage_taken":0.0,"relics_obtained":["FaceOfCleric"]}],"is_beta":false,"boss_relics":[{"not_picked":["Fusion Hammer","Runic Dome"],"picked":"Mark of Pain"},{"not_picked":["Sozu","Philosopher\u0027s Stone"],"picked":"Cursed Key"}],"items_purged_floors":[4,21],"is_endless":false,"potions_floor_spawned":[5,7,11,14,18,19,24,25,31,33,36,37,39,40],"ascension_level":15}