{"gold_per_floor":[118,137,155,173,187,213,224,236,236,236,255,271,305,305,305,410,410,424,434,448,465,484,517,517,517],"floor_reached":25,"playtime":1337,"items_purged":[],"score":322,"play_id":"1b179825-c386-431a-9f11-f4ff053872f6","local_time":"20190325233307","is_ascension_mode":true,"campfire_choices":[{"data":"Limit Break","floor":10,"key":"SMITH"},{"data":"Spot Weakness","floor":15,"key":"SMITH"},{"floor":24,"key":"REST"}],"neow_cost":"NONE","seed_source_timestamp":917580744265000,"circlet_count":0,"master_deck":["Strike_R","Strike_R","Strike_R","Strike_R","Defend_R+1","Defend_R+1","Defend_R","Defend_R","Bash","Bludgeon","Twin Strike","Flex","Twin Strike","Inflame","Limit Break+1","Seeing Red","Spot Weakness+1","Battle Trance","Cleave","Infernal Blade","Fiend Fire","Twin Strike","Cleave","Headbutt","Heavy Blade"],"relics":["Burning Blood","Bag of Marbles","Anchor","Turnip","Black Star","Bag of Preparation","War Paint"],"potions_floor_usage":[6,6,8,13,20,20,20,23],"damage_taken":[{"damage":1,"enemies":"Cultist","floor":1,"turns":4},{"damage":9,"enemies":"2 Louse","floor":2,"turns":4},{"damage":0,"enemies":"Small Slimes","floor":3,"turns":2},{"damage":9,"enemies":"Blue Slaver","floor":4,"turns":4},{"damage":9,"enemies":"Red Slaver","floor":5,"turns":2},{"damage":6,"enemies":"Gremlin Nob","floor":6,"turns":3},{"damage":0,"enemies":"Exordium Wildlife","floor":7,"turns":2},{"damage":10,"enemies":"Lots of Slimes","floor":8,"turns":3},{"damage":15,"enemies":"Looter","floor":11,"turns":4},{"damage":0,"enemies":"2 Fungi Beasts","floor":12,"turns":3},{"damage":14,"enemies":"3 Sentries","floor":13,"turns":4},{"damage":0,"enemies":"Slime Boss","floor":16,"turns":5},{"damage":7,"enemies":"2 Thieves","floor":18,"turns":3},{"damage":2,"enemies":"Chosen","floor":19,"turns":2},{"damage":26,"enemies":"Snake Plant","floor":20,"turns":6},{"damage":2,"enemies":"Chosen and Byrds","floor":21,"turns":4},{"damage":41,"enemies":"Sentry and Sphere","floor":22,"turns":6},{"damage":27,"enemies":"Gremlin Leader","floor":23,"turns":4},{"damage":34,"enemies":"Slavers","floor":25,"turns":3}],"seed_played":"-3920312451316053575","potions_obtained":[{"floor":2,"key":"Dexterity Potion"},{"floor":3,"key":"AttackPotion"},{"floor":5,"key":"Swift Potion"},{"floor":7,"key":"Swift Potion"},{"floor":8,"key":"EssenceOfSteel"},{"floor":11,"key":"Weak Potion"},{"floor":19,"key":"Energy Potion"},{"floor":22,"key":"Ancient Potion"}],"is_trial":false,"path_per_floor":["M","M","M","M","M","E","M","M","T","R","M","M","E","?","R","B",null,"M","M","M","M","M","E","R","E"],"character_chosen":"IRONCLAD","items_purchased":[],"campfire_rested":1,"item_purchase_floors":[],"current_hp_per_floor":[80,77,80,77,74,74,80,76,76,76,67,73,65,65,65,71,80,79,80,60,64,29,8,32,0],"gold":517,"neow_bonus":"ONE_RANDOM_RARE_CARD","is_prod":false,"is_daily":false,"chose_seed":false,"campfire_upgraded":2,"win_rate":0,"timestamp":1553549587,"path_taken":["M","M","M","M","M","E","M","M","T","R","?","M","E","?","R","BOSS","M","M","M","?","M","E","R","E"],"build_version":"2019-01-23","purchased_purges":0,"victory":false,"max_hp_per_floor":[80,80,80,80,80,80,80,80,80,80,80,80,80,80,80,80,80,80,80,80,80,80,80,80,80],"card_choices":[{"not_picked":["Rampage","Shockwave"],"picked":"Twin Strike","floor":1},{"not_picked":["Clash","Flame Barrier"],"picked":"Flex","floor":2},{"not_picked":["Clash","Reckless Charge","Pommel Strike"],"picked":"SKIP","floor":3},{"not_picked":["Armaments","Perfected Strike"],"picked":"Twin Strike","floor":4},{"not_picked":["Havoc","Anger"],"picked":"Inflame","floor":5},{"not_picked":["Body Slam","Iron Wave"],"picked":"Limit Break","floor":6},{"not_picked":["Havoc","True Grit","Entrench"],"picked":"SKIP","floor":7},{"not_picked":["Hemokinesis","Evolve"],"picked":"Seeing Red","floor":8},{"not_picked":["Havoc","Pommel Strike"],"picked":"Spot Weakness","floor":11},{"not_picked":["Anger","Perfected Strike"],"picked":"Battle Trance","floor":12},{"not_picked":["Twin Strike","Sever Soul"],"picked":"Cleave","floor":13},{"not_picked":["Juggernaut","Bludgeon"],"picked":"Fiend Fire","floor":16},{"not_picked":["True Grit","Sever Soul"],"picked":"Twin Strike","floor":18},{"not_picked":["Perfected Strike","Burning Pact","Thunderclap"],"picked":"SKIP","floor":19},{"not_picked":["Twin Strike","Iron Wave"],"picked":"Cleave","floor":20},{"not_picked":["Combust","Reckless Charge+1","Wild Strike"],"picked":"SKIP","floor":21},{"not_picked":["Exhume","Pommel Strike"],"picked":"Headbutt","floor":22},{"not_picked":["Burning Pact","Feel No Pain"],"picked":"Heavy Blade","floor":23}],"player_experience":101663,"relics_obtained":[{"floor":6,"key":"Bag of Marbles"},{"floor":9,"key":"Anchor"},{"floor":13,"key":"Turnip"},{"floor":23,"key":"Bag of Preparation"},{"floor":23,"key":"War Paint"}],"event_choices":[{"damage_healed":0,"gold_gain":0,"cards_transformed":["Strike_R"],"player_choice":"Transformed","damage_taken":0,"max_hp_gain":0,"max_hp_loss":0,"event_name":"Transmorgrifier","floor":14,"gold_loss":0,"cards_obtained":["Infernal Blade"]}],"is_beta":false,"boss_relics":[{"not_picked":["Velvet Choker","Snecko Eye"],"picked":"Black Star"}],"items_purged_floors":[],"is_endless":false,"potions_floor_spawned":[2,3,5,7,8,11,19,22],"killed_by":"Slavers","ascension_level":2}