{"gold_per_floor":[19,19,37,37,56,56,84,84,107,132,132,159,175,192,192,295,295,305,305,315,315,17,17,28,28,80,92,120,120,136,163,163,163],"floor_reached":33,"playtime":3441,"items_purged":[],"score":365,"play_id":"5bc6080e-9fbe-471c-b105-82b3927c454a","local_time":"20190509100128","is_ascension_mode":true,"campfire_choices":[{"data":"Storm of Steel","floor":6,"key":"SMITH"},{"floor":8,"key":"REST"},{"floor":15,"key":"REST"},{"floor":23,"key":"REST"},{"floor":25,"key":"REST"},{"data":"Bouncing Flask","floor":29,"key":"SMITH"},{"floor":32,"key":"REST"}],"neow_cost":"NO_GOLD","seed_source_timestamp":258997847494500,"circlet_count":0,"master_deck":["Defend_G","Defend_G","Defend_G","Defend_G","Defend_G","Strike_G","Strike_G","Survivor","Neutralize","Acrobatics","Deflect","Storm of Steel+1","PiercingWail","Bouncing Flask+1","Leg Sweep","Cloak And Dagger","Well Laid Plans","Escape Plan","Malaise","Acrobatics","Infinite Blades+1","PiercingWail","Flechettes","Cloak And Dagger","Crippling Poison","Cloak And Dagger+1","Backstab"],"relics":["Ring of the Snake","Strawberry","Happy Flower","Pantograph","Dream Catcher","Philosopher\u0027s Stone","Thread and Needle","Omamori","Blue Candle","Shovel"],"potions_floor_usage":[5,11,16,27,28,33],"damage_taken":[{"damage":0,"enemies":"Cultist","floor":1,"turns":4},{"damage":0,"enemies":"2 Louse","floor":3,"turns":4},{"damage":8,"enemies":"Jaw Worm","floor":5,"turns":9},{"damage":23,"enemies":"3 Sentries","floor":7,"turns":12},{"damage":19,"enemies":"Lagavulin","floor":10,"turns":6},{"damage":8,"enemies":"Exordium Wildlife","floor":11,"turns":5},{"damage":10,"enemies":"3 Sentries","floor":12,"turns":10},{"damage":1,"enemies":"Red Slaver","floor":13,"turns":6},{"damage":4,"enemies":"Lots of Slimes","floor":14,"turns":4},{"damage":36,"enemies":"Hexaghost","floor":16,"turns":13},{"damage":43,"enemies":"3 Byrds","floor":18,"turns":6},{"damage":18,"enemies":"Shell Parasite","floor":20,"turns":7},{"damage":5,"enemies":"Snake Plant","floor":24,"turns":5},{"damage":8,"enemies":"Centurion and Healer","floor":27,"turns":7},{"damage":0,"enemies":"Book of Stabbing","floor":28,"turns":8},{"damage":3,"enemies":"Cultist and Chosen","floor":30,"turns":6},{"damage":23,"enemies":"Gremlin Leader","floor":31,"turns":11},{"damage":78,"enemies":"Collector","floor":33,"turns":11}],"seed_played":"-2090036773445707648","potions_obtained":[{"floor":1,"key":"EssenceOfSteel"},{"floor":10,"key":"SmokeBomb"},{"floor":13,"key":"Block Potion"},{"floor":24,"key":"Energy Potion"},{"floor":27,"key":"GhostInAJar"},{"floor":31,"key":"Regen Potion"}],"is_trial":false,"path_per_floor":["M","$","M","?","M","R","E","R","T","E","M","E","M","M","R","B",null,"M","?","M","?","$","R","M","R","T","M","E","R","M","E","R","B"],"character_chosen":"THE_SILENT","items_purchased":["Thread and Needle"],"campfire_rested":5,"item_purchase_floors":[22],"current_hp_per_floor":[70,70,70,70,62,62,46,69,69,50,42,32,31,27,50,39,77,34,34,16,7,7,30,25,48,48,40,40,40,37,14,37,0],"gold":163,"neow_bonus":"REMOVE_TWO","is_prod":false,"is_daily":false,"chose_seed":false,"campfire_upgraded":2,"win_rate":0,"timestamp":1557385288,"path_taken":["M","?","M","?","M","R","E","R","T","E","M","E","M","?","R","BOSS","M","?","M","?","?","R","M","R","T","M","E","R","?","E","R","BOSS"],"build_version":"2019-01-23","purchased_purges":0,"victory":false,"max_hp_per_floor":[70,70,70,70,70,70,77,77,77,77,77,77,77,77,77,77,77,77,77,77,77,77,77,77,77,77,77,77,77,77,77,77,77],"card_choices":[{"not_picked":["Finisher","Sucker Punch"],"picked":"Acrobatics","floor":1},{"not_picked":["Acrobatics","Dagger Throw"],"picked":"Deflect","floor":3},{"not_picked":["Dagger Spray","Bane"],"picked":"Storm of Steel","floor":5},{"not_picked":["Slice","Sucker Punch"],"picked":"PiercingWail","floor":7},{"not_picked":["Sucker Punch","Dagger Throw"],"picked":"Bouncing Flask","floor":10},{"not_picked":["Skewer","Outmaneuver"],"picked":"Leg Sweep","floor":12},{"not_picked":["Sucker Punch","Bouncing Flask"],"picked":"Cloak And Dagger","floor":13},{"not_picked":["Caltrops","Bullet Time"],"picked":"Well Laid Plans","floor":14},{"not_picked":["Underhanded Strike","Distraction"],"picked":"Escape Plan","floor":15},{"not_picked":["Storm of Steel","Venomology"],"picked":"Malaise","floor":16},{"not_picked":["Cloak And Dagger","Poisoned Stab"],"picked":"Acrobatics","floor":18},{"not_picked":["Prepared","Sucker Punch"],"picked":"Infinite Blades+1","floor":20},{"not_picked":["Slice","Prepared"],"picked":"PiercingWail","floor":23},{"not_picked":["Malaise","Sucker Punch+1"],"picked":"Flechettes","floor":24},{"not_picked":["Masterful Stab+1","Prepared"],"picked":"Cloak And Dagger","floor":25},{"not_picked":["Cloak And Dagger","Dagger Throw"],"picked":"Crippling Poison","floor":27},{"not_picked":["Leg Sweep","Malaise"],"picked":"Cloak And Dagger+1","floor":28},{"not_picked":["Predator","Underhanded Strike","Dagger Spray"],"picked":"SKIP","floor":30},{"not_picked":["Die Die Die","Prepared"],"picked":"Backstab","floor":31}],"player_experience":397359,"relics_obtained":[{"floor":7,"key":"Strawberry"},{"floor":9,"key":"Happy Flower"},{"floor":10,"key":"Pantograph"},{"floor":12,"key":"Dream Catcher"},{"floor":26,"key":"Omamori"},{"floor":28,"key":"Blue Candle"},{"floor":31,"key":"Shovel"}],"event_choices":[{"cards_removed":["Strike_G"],"damage_healed":0,"gold_gain":0,"player_choice":"Purged","damage_taken":0,"max_hp_gain":0,"max_hp_loss":0,"event_name":"Purifier","floor":4,"gold_loss":0},{"damage_healed":0,"gold_gain":0,"player_choice":"Ignored","damage_taken":0,"max_hp_gain":0,"max_hp_loss":0,"event_name":"Ghosts","floor":19,"gold_loss":0},{"damage_healed":0,"gold_gain":0,"player_choice":"Stopped","damage_taken":9,"max_hp_gain":0,"max_hp_loss":0,"event_name":"Cursed Tome","floor":21,"gold_loss":0}],"is_beta":false,"boss_relics":[{"not_picked":["WristBlade","HoveringKite"],"picked":"Philosopher\u0027s Stone"}],"items_purged_floors":[],"is_endless":false,"potions_floor_spawned":[1,10,13,24,27,31],"killed_by":"Collector","ascension_level":2}