{"gold_per_floor":[17,17,34,46,46,46,58,91,91,91,91,106,106,140,140,140],"floor_reached":16,"playtime":319,"items_purged":[],"score":220,"play_id":"0605265d-c836-4348-8b9b-a57d3cb694e6","local_time":"20181201202642","is_ascension_mode":true,"campfire_choices":[{"data":"Carnage","floor":6,"key":"SMITH"},{"floor":10,"key":"REST"},{"data":"Trip","floor":13,"key":"SMITH"},{"data":"Second Wind","floor":15,"key":"SMITH"}],"neow_cost":"NO_GOLD","seed_source_timestamp":13588485346882,"circlet_count":0,"master_deck":["AscendersBane","Strike_R","Strike_R","Strike_R","Strike_R","Strike_R","Defend_R","Defend_R","Defend_R","Defend_R","Bash","Panacea+1","Trip+1","Carnage+1","Feel No Pain","Burning Pact+1","Impervious","Second Wind+1"],"relics":["Burning Blood","Smiling Mask","The Courier","Girya"],"potions_floor_usage":[12,16],"damage_taken":[{"damage":5,"enemies":"Small Slimes","floor":1,"turns":4},{"damage":2,"enemies":"2 Louse","floor":3,"turns":3},{"damage":0,"enemies":"Cultist","floor":4,"turns":2},{"damage":9,"enemies":"Exordium Thugs","floor":7,"turns":4},{"damage":67,"enemies":"Gremlin Nob","floor":8,"turns":5},{"damage":16,"enemies":"Looter","floor":12,"turns":4},{"damage":15,"enemies":"Lagavulin","floor":14,"turns":6},{"damage":38,"enemies":"Slime Boss","floor":16,"turns":3}],"seed_played":"-5066263634138811195","potions_obtained":[{"floor":1,"key":"LiquidBronze"},{"floor":4,"key":"LiquidBronze"},{"floor":7,"key":"Regen Potion"}],"is_trial":false,"path_per_floor":["M","$","M","M","?","R","M","E","T","R","?","M","R","E","R","B"],"character_chosen":"IRONCLAD","items_purchased":[],"campfire_rested":1,"item_purchase_floors":[],"current_hp_per_floor":[69,69,73,75,80,80,77,16,16,40,16,18,18,9,9,0],"gold":140,"neow_bonus":"RANDOM_COLORLESS_2","is_prod":false,"is_daily":false,"chose_seed":false,"campfire_upgraded":3,"win_rate":0,"timestamp":1543667202,"path_taken":["M","$","M","M","?","R","M","E","T","R","?","M","R","E","R","BOSS"],"build_version":"2018-11-15","purchased_purges":0,"victory":false,"max_hp_per_floor":[75,75,75,75,80,80,80,80,80,80,80,80,80,80,80,80],"card_choices":[{"not_picked":["Perfected Strike","Wild Strike"],"picked":"Carnage","floor":1},{"not_picked":["Pummel","Burning Pact","Thunderclap"],"picked":"SKIP","floor":3},{"not_picked":["Armaments","Flex"],"picked":"Feel No Pain","floor":4},{"not_picked":["Pommel Strike","Anger","Seeing Red"],"picked":"SKIP","floor":7},{"not_picked":["Perfected Strike","Dual Wield"],"picked":"Burning Pact","floor":8},{"not_picked":["Clash","Wild Strike"],"picked":"Impervious","floor":12},{"not_picked":["Heavy Blade","Armaments"],"picked":"Second Wind","floor":14}],"player_experience":2243987,"relics_obtained":[{"floor":8,"key":"Smiling Mask"},{"floor":9,"key":"The Courier"},{"floor":14,"key":"Girya"}],"event_choices":[{"damage_healed":0,"gold_gain":0,"player_choice":"Donut","damage_taken":0,"max_hp_gain":5,"max_hp_loss":0,"event_name":"Big Fish","floor":5,"gold_loss":0},{"damage_healed":0,"gold_gain":0,"player_choice":"Entered Light","damage_taken":24,"max_hp_gain":0,"max_hp_loss":0,"event_name":"Shining Light","floor":11,"gold_loss":0,"cards_upgraded":["Panacea","Burning Pact"]}],"is_beta":false,"boss_relics":[],"items_purged_floors":[],"is_endless":false,"potions_floor_spawned":[1,4,7],"killed_by":"Slime Boss","ascension_level":20}