{"gold_per_floor":[118,43,43,43,45,79,129,145,199,199,269,285,285,351,351,351],"floor_reached":16,"playtime":942,"items_purged":["Strike_G"],"score":103,"play_id":"bdc75e94-5245-4783-8c05-683ec004192c","local_time":"20181003224817","is_ascension_mode":true,"campfire_choices":[{"data":"PiercingWail","floor":10,"key":"SMITH"},{"floor":13,"key":"REST"},{"floor":15,"key":"REST"}],"neow_cost":"NONE","seed_source_timestamp":1474375399859901,"circlet_count":0,"master_deck":["Defend_G","Defend_G","Defend_G","Defend_G","Defend_G","Strike_G","Strike_G","Strike_G","Strike_G","Survivor","Neutralize+1","Backflip+1","PiercingWail+1","Footwork","Blur"],"relics":["Ring of the Snake","SsserpentHead","Happy Flower","Lantern","Odd Mushroom"],"potions_floor_usage":[8,16],"damage_taken":[{"damage":0,"enemies":"Jaw Worm","floor":1,"turns":4},{"damage":55,"enemies":"Gremlin Nob","floor":6,"turns":9},{"damage":2,"enemies":"Cultist","floor":8,"turns":5},{"damage":27,"enemies":"The Mushroom Lair","floor":11,"turns":8},{"damage":0,"enemies":"Small Slimes","floor":12,"turns":4},{"damage":0,"enemies":"Red Slaver","floor":14,"turns":6},{"damage":71,"enemies":"Slime Boss","floor":16,"turns":16}],"seed_played":"-8751500912295862368","potions_obtained":[{"floor":6,"key":"Fruit Juice"},{"floor":11,"key":"PowerPotion"},{"floor":14,"key":"SmokeBomb"}],"is_trial":false,"path_per_floor":["M","$","?","?","$","E","?","M","T","R","?","M","R","M","R"],"character_chosen":"THE_SILENT","items_purchased":["PiercingWail"],"campfire_rested":2,"item_purchase_floors":[5],"current_hp_per_floor":[70,70,70,70,70,15,38,41,41,41,14,14,36,36,58,0],"gold":351,"neow_bonus":"UPGRADE_CARD","is_prod":false,"is_daily":false,"chose_seed":false,"campfire_upgraded":1,"win_rate":0,"timestamp":1538599697,"path_taken":["M","$","?","?","?","E","?","M","T","R","?","M","R","?","R","BOSS"],"build_version":"2018-09-27","purchased_purges":1,"victory":false,"max_hp_per_floor":[70,70,70,70,70,70,70,75,75,75,75,75,75,75,75,75],"card_choices":[{"not_picked":["Underhanded Strike","Choke"],"picked":"Backflip","floor":1},{"not_picked":["Masterful Stab","Riddle With Holes","Dagger Spray"],"picked":"SKIP","floor":6},{"not_picked":["Dagger Throw","Eviscerate","Acrobatics"],"picked":"SKIP","floor":8},{"not_picked":["Flechettes","Slice"],"picked":"Footwork","floor":11},{"not_picked":["Dagger Spray","Bullet Time","Choke"],"picked":"SKIP","floor":12},{"not_picked":["Flying Knee","Sucker Punch"],"picked":"Blur","floor":14}],"player_experience":61188,"relics_obtained":[{"floor":6,"key":"Happy Flower"},{"floor":9,"key":"Lantern"},{"floor":11,"key":"Odd Mushroom"}],"event_choices":[{"event_name":"Accursed Blacksmith","player_choice":"Forge","floor":3,"damage_taken":0},{"event_name":"FaceTrader","player_choice":"Trade","floor":4,"damage_taken":0},{"event_name":"Big Fish","player_choice":"Banana","floor":7,"damage_taken":0},{"event_name":"Mushrooms","player_choice":"Fought Mushrooms","floor":11,"damage_taken":0}],"is_beta":false,"boss_relics":[],"items_purged_floors":[2],"is_endless":false,"potions_floor_spawned":[6,11,14],"killed_by":"Slime Boss","ascension_level":1}