{"gold_per_floor":[109,124,124,124,199,199,14,14,88,156,514,524,524,524,524,653,653,690,296,571,240,283,283,339,339,339,400,400,426,426,446,446,543,543,556,570,588,284,284,315,315,57,57,75,134,207,234,270,270,270],"floor_reached":50,"playtime":1947,"items_purged":["Strike_B","Regret"],"score":848,"play_id":"e0e9ded5-db84-4c3e-a2b6-7e563dc14e05","local_time":"25611124222226","is_ascension_mode":true,"campfire_choices":[{"data":"Zap","floor":6.0,"key":"SMITH"},{"data":"HandOfGreed","floor":8.0,"key":"SMITH"},{"data":"Ball Lightning","floor":13.0,"key":"SMITH"},{"floor":15.0,"key":"REST"},{"data":"Apotheosis","floor":23.0,"key":"SMITH"},{"data":"Buffer","floor":25.0,"key":"SMITH"},{"data":"Reinforced Body","floor":28.0,"key":"SMITH"},{"floor":32.0,"key":"REST"},{"data":"Rainbow","floor":41.0,"key":"SMITH"},{"floor":49.0,"key":"REST"}],"neow_cost":"NONE","seed_source_timestamp":41017382647775,"circlet_count":0,"master_deck":["Strike_B","Strike_B","Strike_B","Defend_B","Defend_B","Defend_B","Zap+1","Dualcast+1","Rebound+1","White Noise+1","HandOfGreed+1","Ball Lightning+1","Core Surge","Hologram+1","Buffer+1","Amplify","Self Repair","Apotheosis+1","Cold Snap+1","Reinforced Body+1","Genetic Algorithm","Rainbow+1","Leap","Impatience","Deep Breath","Dramatic Entrance","Mayhem","Loop","Hello World+1","Loop","Steam Power+1","Streamline+1"],"special_seed":0,"relics":["Eternal Feather","Pear","Gremlin Horn","Old Coin","Sozu","Oddly Smooth Stone","Bag of Marbles","Letter Opener","Busted Crown","Ornamental Fan","Pocketwatch","Boot","Mango","Sundial"],"potions_floor_usage":[],"damage_taken":[{"damage":15.0,"enemies":"Small Slimes","floor":1.0,"turns":5.0},{"damage":2.0,"enemies":"Jaw Worm","floor":2.0,"turns":3.0},{"damage":0.0,"enemies":"2 Louse","floor":10.0,"turns":4.0},{"damage":15.0,"enemies":"3 Sentries","floor":11.0,"turns":5.0},{"damage":6.0,"enemies":"Looter","floor":12.0,"turns":2.0},{"damage":18.0,"enemies":"Slime Boss","floor":16.0,"turns":7.0},{"damage":7.0,"enemies":"3 Byrds","floor":18.0,"turns":4.0},{"damage":6.0,"enemies":"Chosen","floor":22.0,"turns":5.0},{"damage":32.0,"enemies":"Gremlin Leader","floor":24.0,"turns":6.0},{"damage":11.0,"enemies":"Centurion and Healer","floor":27.0,"turns":6.0},{"damage":43.0,"enemies":"Book of Stabbing","floor":29.0,"turns":7.0},{"damage":12.0,"enemies":"3 Cultists","floor":31.0,"turns":5.0},{"damage":78.0,"enemies":"Collector","floor":33.0,"turns":12.0},{"damage":13.0,"enemies":"3 Darklings","floor":35.0,"turns":5.0},{"damage":0.0,"enemies":"Orb Walker","floor":36.0,"turns":4.0},{"damage":1.0,"enemies":"Sphere and 2 Shapes","floor":37.0,"turns":4.0},{"damage":11.0,"enemies":"Nemesis","floor":40.0,"turns":9.0},{"damage":0.0,"enemies":"Maw","floor":44.0,"turns":8.0},{"damage":0.0,"enemies":"Reptomancer","floor":45.0,"turns":6.0},{"damage":28.0,"enemies":"2 Orb Walkers","floor":46.0,"turns":4.0},{"damage":72.0,"enemies":"Nemesis","floor":47.0,"turns":6.0},{"damage":15.0,"enemies":"3 Darklings","floor":48.0,"turns":5.0},{"damage":66,"enemies":"Time Eater","floor":50,"turns":7}],"seed_played":"6919067427153998426","potions_obtained":[{"floor":1.0,"key":"Block Potion"},{"floor":2.0,"key":"Regen Potion"},{"floor":10.0,"key":"Regen Potion"}],"is_trial":false,"path_per_floor":["M","M","?","?","T","R","$","R","T","M","E","M","R","?","R","B",null,"M","$","?","$","M","R","E","R","T","M","R","E","?","M","R","B",null,"M","M","M","$","?","E","R","$","T","M","E","?","E","M","R","B"],"character_chosen":"DEFECT","items_purchased":["HandOfGreed","Buffer","Amplify","Self Repair","Apotheosis","Ornamental Fan","Leap","Mayhem","Loop"],"campfire_rested":3,"item_purchase_floors":[7,19,19,21,21,38,38,42,42],"current_hp_per_floor":[53,51,51,44,54,60,60,66,66,66,51,45,51,34,65,47,76,69,69,69,69,73,82,60,69,69,72,84,41,41,39,76,48,76,73,80,85,85,75,71,85,85,85,85,85,81,16,15,62,0],"gold":270,"neow_bonus":"BOSS_RELIC","is_prod":false,"is_daily":false,"chose_seed":false,"campfire_upgraded":7,"win_rate":0,"timestamp":1543072946,"path_taken":["M","M","?","?","?","R","$","R","T","M","E","M","R","?","R","BOSS","M","$","?","$","M","R","E","R","T","?","R","E","?","M","R","BOSS","M","M","M","$","?","E","R","$","T","M","E","?","E","M","R","BOSS"],"build_version":"2018-11-15","purchased_purges":2,"victory":false,"max_hp_per_floor":[75,75,75,75,85,85,85,85,85,85,85,85,85,85,85,85,85,85,85,85,85,85,85,85,85,85,85,85,85,85,85,85,85,85,85,85,85,85,85,85,85,85,85,85,85,99,99,99,99,99],"card_choices":[{"not_picked":["Chaos","Heatsinks"],"picked":"Rebound","floor":1.0},{"not_picked":["Beam Cell","Sweeping Beam"],"picked":"White Noise","floor":2.0},{"not_picked":["Leap","Double Energy"],"picked":"Ball Lightning","floor":10.0},{"not_picked":["Hologram","Go for the Eyes","Rebound"],"picked":"SKIP","floor":11.0},{"not_picked":["Redo","Sweeping Beam","Blizzard"],"picked":"SKIP","floor":12.0},{"not_picked":["Meteor Strike","Fission"],"picked":"Core Surge","floor":16.0},{"not_picked":["Steam","Turbo"],"picked":"Hologram+1","floor":18.0},{"not_picked":["Gash","Go for the Eyes","Rebound"],"picked":"SKIP","floor":22.0},{"not_picked":["Gash","Barrage+1"],"picked":"Cold Snap+1","floor":24.0},{"not_picked":["Reprogram+1","Barrage"],"picked":"Reinforced Body","floor":27.0},{"not_picked":["Go for the Eyes","Lockon"],"picked":"Genetic Algorithm","floor":29.0},{"not_picked":["Streamline","Redo","Compile Driver+1"],"picked":"SKIP","floor":31.0},{"not_picked":["Meteor Strike","Fission"],"picked":"Rainbow","floor":33.0},{"not_picked":["Genetic Algorithm"],"picked":"SKIP","floor":35.0},{"not_picked":["Genetic Algorithm"],"picked":"SKIP","floor":36.0},{"not_picked":["Barrage"],"picked":"SKIP","floor":37.0},{"not_picked":[],"picked":"Impatience","floor":39.0},{"not_picked":[],"picked":"Deep Breath","floor":39.0},{"not_picked":[],"picked":"Dramatic Entrance","floor":39.0},{"not_picked":["Redo+1"],"picked":"SKIP","floor":40.0},{"not_picked":["Blizzard+1"],"picked":"SKIP","floor":44.0},{"not_picked":[],"picked":"Hello World+1","floor":45.0},{"not_picked":[],"picked":"Loop","floor":46.0},{"not_picked":[],"picked":"Steam Power+1","floor":47.0},{"not_picked":[],"picked":"Streamline+1","floor":48.0}],"player_experience":184483,"relics_obtained":[{"floor":5.0,"key":"Pear"},{"floor":9.0,"key":"Gremlin Horn"},{"floor":11.0,"key":"Old Coin"},{"floor":24.0,"key":"Oddly Smooth Stone"},{"floor":26.0,"key":"Bag of Marbles"},{"floor":29.0,"key":"Letter Opener"},{"floor":40.0,"key":"Pocketwatch"},{"floor":45.0,"key":"Boot"},{"floor":46.0,"key":"Mango"},{"floor":47.0,"key":"Sundial"}],"event_choices":[{"damage_healed":0.0,"max_hp_gain":0.0,"max_hp_loss":0.0,"gold_gain":0.0,"event_name":"Living Wall","player_choice":"Grow","floor":3.0,"gold_loss":0.0,"damage_taken":0.0,"cards_upgraded":["White Noise"]},{"cards_removed":["Defend_B"],"damage_healed":0.0,"max_hp_gain":0.0,"max_hp_loss":0.0,"gold_gain":0.0,"event_name":"Golden Wing","player_choice":"Card Removal","floor":4.0,"gold_loss":0.0,"damage_taken":7.0},{"damage_healed":0.0,"max_hp_gain":0.0,"max_hp_loss":0.0,"gold_gain":0.0,"event_name":"Shining Light","player_choice":"Entered Light","floor":14.0,"gold_loss":0.0,"damage_taken":17.0,"cards_upgraded":["Rebound","Dualcast"]},{"damage_healed":0.0,"max_hp_gain":0.0,"max_hp_loss":0.0,"gold_gain":275.0,"event_name":"Golden Shrine","player_choice":"Desecrate","floor":20.0,"gold_loss":0.0,"damage_taken":0.0,"cards_obtained":["Regret"]},{"damage_healed":0.0,"max_hp_gain":0.0,"max_hp_loss":0.0,"gold_gain":0.0,"event_name":"Ghosts","player_choice":"Ignored","floor":30.0,"gold_loss":0.0,"damage_taken":0.0},{"damage_healed":0.0,"max_hp_gain":0.0,"max_hp_loss":0.0,"gold_gain":0.0,"event_name":"SensoryStone","player_choice":"Memory 3","floor":39.0,"gold_loss":0.0,"damage_taken":10.0},{"damage_healed":0.0,"max_hp_gain":0.0,"max_hp_loss":0.0,"gold_gain":0.0,"event_name":"Mysterious Sphere","player_choice":"Fight","floor":46.0,"gold_loss":0.0,"damage_taken":0.0}],"is_beta":false,"boss_relics":[{"not_picked":["Inserter","Astrolabe"],"picked":"Sozu"},{"not_picked":["Runic Pyramid","Pandora\u0027s Box"],"picked":"Busted Crown"}],"items_purged_floors":[19,21],"is_endless":false,"potions_floor_spawned":[1,2,10,18,29,35,37,44],"killed_by":"Time Eater","ascension_level":7}