{"gold_per_floor":[111,111,123,123,137,137,168,181,181,181,53,68,109,130,130,228,228,247,247,37,37,51,51,91,91,136,136],"floor_reached":27,"playtime":808,"items_purged":["Strike_R"],"score":482,"play_id":"ca30e318-add1-4bbd-b59f-dcc172fbeccc","local_time":"20181227144424","is_ascension_mode":true,"campfire_choices":[{"data":"Bludgeon","floor":6.0,"key":"SMITH"},{"floor":10.0,"key":"REST"},{"data":"Bash","floor":15.0,"key":"SMITH"},{"data":"Disarm","floor":23.0,"key":"SMITH"},{"floor":25.0,"key":"REST"}],"neow_cost":"NONE","seed_source_timestamp":272222131111,"circlet_count":0,"master_deck":["AscendersBane","Strike_R","Strike_R","Strike_R","Defend_R","Defend_R","Defend_R","Defend_R","Bash+1","Bludgeon+1","Disarm+1","Inflame","Pommel Strike","Inflame","Sword Boomerang"],"special_seed":0,"relics":["Burning Blood","Golden Idol","Mercury Hourglass","The Courier","Ornamental Fan","Sozu","Sundial","Mango","Centennial Puzzle"],"potions_floor_usage":[27],"damage_taken":[{"damage":1.0,"enemies":"2 Louse","floor":1.0,"turns":3.0},{"damage":12.0,"enemies":"Jaw Worm","floor":3.0,"turns":2.0},{"damage":0.0,"enemies":"Small Slimes","floor":5.0,"turns":3.0},{"damage":35.0,"enemies":"Lagavulin","floor":7.0,"turns":6.0},{"damage":1.0,"enemies":"2 Fungi Beasts","floor":8.0,"turns":3.0},{"damage":8.0,"enemies":"Exordium Wildlife","floor":12.0,"turns":3.0},{"damage":8.0,"enemies":"Gremlin Nob","floor":13.0,"turns":3.0},{"damage":4.0,"enemies":"Looter","floor":14.0,"turns":3.0},{"damage":34.0,"enemies":"Hexaghost","floor":16.0,"turns":6.0},{"damage":36.0,"enemies":"Shell Parasite","floor":18.0,"turns":6.0},{"damage":7.0,"enemies":"Chosen","floor":22.0,"turns":3.0},{"damage":25.0,"enemies":"Gremlin Leader","floor":24.0,"turns":5.0},{"damage":58,"enemies":"Slavers","floor":27,"turns":4}],"seed_played":"6486956241400734704","potions_obtained":[{"floor":7.0,"key":"Swift Potion"},{"floor":13.0,"key":"Ancient Potion"},{"floor":14.0,"key":"Energy Potion"},{"floor":16.0,"key":"GamblersBrew"}],"is_trial":false,"path_per_floor":["M","?","M","?","M","R","E","M","T","R","$","M","E","M","R","B",null,"M","?","$","?","M","R","R","T"],"character_chosen":"IRONCLAD","items_purchased":["Inflame","Sundial"],"campfire_rested":2,"item_purchase_floors":[11,20],"current_hp_per_floor":[73,78,72,44,50,50,21,26,26,50,50,48,46,48,48,20,65,35,35,35,35,34,34,29,57,57,0],"gold":136,"neow_bonus":"ONE_RANDOM_RARE_CARD","is_prod":false,"is_daily":false,"chose_seed":false,"campfire_upgraded":3,"win_rate":0,"timestamp":1545893064,"path_taken":["M","?","M","?","M","R","E","M","T","R","$","M","E","M","R","BOSS","M","?","$","?","M","R","E","R","T","E"],"build_version":"2018-12-25","purchased_purges":1,"victory":false,"max_hp_per_floor":[75,80,80,80,80,80,80,80,80,80,80,80,80,80,80,80,80,80,80,80,80,80,80,94,94,94,94],"card_choices":[{"not_picked":["Heavy Blade","Body Slam","Armaments"],"picked":"SKIP","floor":1.0},{"not_picked":["Clothesline","Body Slam","Iron Wave"],"picked":"SKIP","floor":3.0},{"not_picked":["Clothesline","Perfected Strike","Armaments"],"picked":"SKIP","floor":5.0},{"not_picked":["True Grit","Infernal Blade","Headbutt"],"picked":"SKIP","floor":7.0},{"not_picked":["True Grit","Burning Pact"],"picked":"Disarm","floor":8.0},{"not_picked":["Heavy Blade","Exhume"],"picked":"Pommel Strike","floor":12.0},{"not_picked":["Pommel Strike","Pummel"],"picked":"Inflame","floor":13.0},{"not_picked":["Fire Breathing","Havoc","Thunderclap"],"picked":"SKIP","floor":14.0},{"not_picked":["Feel No Pain+1","Cleave+1"],"picked":"Sword Boomerang","floor":18.0},{"not_picked":["Perfected Strike","Cleave","Armaments"],"picked":"SKIP","floor":22.0},{"not_picked":["Searing Blow","Hemokinesis","Pommel Strike"],"picked":"SKIP","floor":24.0},{"not_picked":["Searing Blow","Hemokinesis","Pommel Strike"],"picked":"SKIP","floor":24.0}],"player_experience":1183500,"relics_obtained":[{"floor":7.0,"key":"Mercury Hourglass"},{"floor":9.0,"key":"The Courier"},{"floor":13.0,"key":"Ornamental Fan"},{"floor":24.0,"key":"Mango"},{"floor":26.0,"key":"Centennial Puzzle"}],"event_choices":[{"damage_healed":0.0,"max_hp_gain":5.0,"max_hp_loss":0.0,"gold_gain":0.0,"event_name":"Big Fish","player_choice":"Donut","floor":2.0,"gold_loss":0.0,"damage_taken":0.0},{"damage_healed":0.0,"max_hp_gain":0.0,"max_hp_loss":0.0,"gold_gain":0.0,"event_name":"Golden Idol","player_choice":"Take Damage","floor":4.0,"gold_loss":0.0,"damage_taken":28.0,"relics_obtained":["Golden Idol"]},{"cards_removed":["Strike_R"],"damage_healed":0.0,"max_hp_gain":0.0,"max_hp_loss":0.0,"gold_gain":0.0,"event_name":"Back to Basics","player_choice":"Elegance","floor":19.0,"gold_loss":0.0,"damage_taken":0.0},{"damage_healed":0.0,"max_hp_gain":0.0,"max_hp_loss":0.0,"gold_gain":0.0,"event_name":"Beggar","player_choice":"Ignored","floor":21.0,"gold_loss":0.0,"damage_taken":0.0}],"is_beta":true,"boss_relics":[{"not_picked":["Black Blood","Runic Cube"],"picked":"Sozu"}],"items_purged_floors":[11],"is_endless":false,"potions_floor_spawned":[7,13,14,16,24],"killed_by":"Slavers","ascension_level":20}