{"gold_per_floor":[110,2,16,16,16,46,46,74,74,74,85,85,85,110,110,110],"floor_reached":16,"playtime":613,"items_purged":[],"score":226,"play_id":"ef0d6bd5-1b7c-4384-8a0d-914b9d091935","local_time":"20190428222837","is_ascension_mode":true,"campfire_choices":[{"data":"Flame Barrier","floor":7,"key":"SMITH"},{"data":"Bash","floor":10,"key":"SMITH"},{"data":"Clothesline","floor":12,"key":"SMITH"},{"data":"Iron Wave","floor":15,"key":"SMITH"}],"neow_cost":"NONE","seed_source_timestamp":202013254295800,"circlet_count":0,"master_deck":["AscendersBane","Strike_R","Strike_R","Strike_R","Strike_R","Strike_R","Defend_R","Defend_R","Defend_R","Defend_R","Bash+1","Clothesline+1","Flame Barrier+1","Iron Wave+1","Headbutt","Offering","Shrug It Off"],"relics":["Burning Blood","Singing Bowl","Blood Vial","Bottled Flame","Girya"],"potions_floor_usage":[6,6,6,8],"damage_taken":[{"damage":6,"enemies":"Cultist","floor":1,"turns":3},{"damage":1,"enemies":"2 Louse","floor":3,"turns":3},{"damage":17,"enemies":"3 Sentries","floor":6,"turns":10},{"damage":17,"enemies":"Gremlin Nob","floor":8,"turns":4},{"damage":7,"enemies":"Small Slimes","floor":11,"turns":3},{"damage":25,"enemies":"Lagavulin","floor":14,"turns":5},{"damage":59,"enemies":"The Guardian","floor":16,"turns":12}],"seed_played":"-1796749284131784662","potions_obtained":[{"floor":1,"key":"SkillPotion"},{"floor":3,"key":"EntropicBrew"},{"floor":14,"key":"Ancient Potion"}],"is_trial":false,"path_per_floor":["M","$","M","?","?","E","R","E","T","R","M","R","?","E","R","B"],"character_chosen":"IRONCLAD","items_purchased":["Flame Barrier","Iron Wave"],"campfire_rested":0,"item_purchase_floors":[2,2],"current_hp_per_floor":[75,75,80,80,85,74,74,65,65,65,68,68,68,51,51,0],"gold":110,"neow_bonus":"TEN_PERCENT_HP_BONUS","is_prod":false,"is_daily":false,"chose_seed":false,"campfire_upgraded":4,"win_rate":0,"timestamp":1556479717,"path_taken":["M","$","M","?","?","E","R","E","T","R","M","R","?","E","R","BOSS"],"build_version":"2019-01-23","purchased_purges":0,"victory":false,"max_hp_per_floor":[82,82,82,82,87,87,87,89,89,89,91,91,91,91,91,91],"card_choices":[{"not_picked":["Bloodletting","Anger"],"picked":"Clothesline","floor":1},{"not_picked":["Sentinel","Flex"],"picked":"Headbutt","floor":3},{"not_picked":["Rage","Headbutt"],"picked":"Offering","floor":6},{"not_picked":["Evolve","Anger","Warcry"],"picked":"Singing Bowl","floor":8},{"not_picked":["Intimidate","Thunderclap","Clash"],"picked":"Singing Bowl","floor":11},{"not_picked":["True Grit","Wild Strike"],"picked":"Shrug It Off","floor":14}],"player_experience":353509,"relics_obtained":[{"floor":6,"key":"Singing Bowl"},{"floor":8,"key":"Blood Vial"},{"floor":9,"key":"Bottled Flame"},{"floor":14,"key":"Girya"}],"event_choices":[{"damage_healed":0,"gold_gain":0,"player_choice":"Ignored","damage_taken":0,"max_hp_gain":0,"max_hp_loss":0,"event_name":"Liars Game","floor":4,"gold_loss":0},{"damage_healed":0,"gold_gain":0,"player_choice":"Donut","damage_taken":0,"max_hp_gain":5,"max_hp_loss":0,"event_name":"Big Fish","floor":5,"gold_loss":0},{"damage_healed":0,"gold_gain":0,"player_choice":"Ignored","damage_taken":0,"max_hp_gain":0,"max_hp_loss":0,"event_name":"Golden Idol","floor":13,"gold_loss":0}],"is_beta":false,"boss_relics":[],"items_purged_floors":[],"is_endless":false,"potions_floor_spawned":[1,3,14],"killed_by":"The Guardian","ascension_level":19}