{"gold_per_floor":[112,387,398,416,0,0,19,31,31,62,62,74,102,115,115,193,193,204,129,34,31,43,43,43],"floor_reached":24,"playtime":940,"items_purged":["Regret"],"score":481,"play_id":"cf2f4e56-bb05-418c-bd96-2f7673bba5a9","local_time":"20190104030620","is_ascension_mode":true,"campfire_choices":[{"data":"True Grit","floor":6,"key":"SMITH"},{"data":"Uppercut","floor":11,"key":"SMITH"},{"data":"True Grit","floor":15,"key":"SMITH"},{"data":"Enlightenment","floor":23,"key":"SMITH"}],"neow_cost":"NONE","seed_source_timestamp":1209115086668187,"circlet_count":0,"master_deck":["AscendersBane","Strike_R","Strike_R","Strike_R","Strike_R","Defend_R","Defend_R","Defend_R","Defend_R","Bash","Double Tap","Sword Boomerang","Uppercut+1","Clothesline","True Grit+1","True Grit+1","Cleave","Dual Wield","Offering","Clothesline","Barricade","Cleave+1","Enlightenment+1","Shrug It Off","Evolve"],"relics":["Burning Blood","StoneCalendar","Meat on the Bone","Mercury Hourglass","Mummified Hand","Black Star"],"potions_floor_usage":[12,13,16,22],"damage_taken":[{"damage":6,"enemies":"Jaw Worm","floor":1,"turns":5},{"damage":6,"enemies":"Cultist","floor":3,"turns":3},{"damage":6,"enemies":"2 Louse","floor":4,"turns":3},{"damage":7,"enemies":"Exordium Wildlife","floor":7,"turns":4},{"damage":10,"enemies":"2 Fungi Beasts","floor":8,"turns":4},{"damage":22,"enemies":"Gremlin Nob","floor":10,"turns":5},{"damage":9,"enemies":"Large Slime","floor":12,"turns":4},{"damage":14,"enemies":"Lagavulin","floor":13,"turns":5},{"damage":12,"enemies":"Gremlin Gang","floor":14,"turns":4},{"damage":6,"enemies":"Slime Boss","floor":16,"turns":3},{"damage":25,"enemies":"Chosen","floor":18,"turns":5},{"damage":29,"enemies":"2 Thieves","floor":21,"turns":5},{"damage":12,"enemies":"Snecko","floor":22,"turns":5},{"damage":58,"enemies":"Centurion and Healer","floor":24,"turns":6}],"seed_played":"-8512017567193998941","potions_obtained":[{"floor":3,"key":"Energy Potion"},{"floor":10,"key":"AttackPotion"},{"floor":14,"key":"AttackPotion"},{"floor":16,"key":"FearPotion"},{"floor":21,"key":"EssenceOfSteel"}],"is_trial":false,"path_per_floor":["M","?","M","M","$","R","M","M","T","E","R","M","E","M","R","B",null,"M","?","$","M","M","R","M"],"character_chosen":"IRONCLAD","items_purchased":["StoneCalendar","True Grit","Enlightenment"],"campfire_rested":0,"item_purchase_floors":[5,5,20],"current_hp_per_floor":[68,68,68,68,68,68,67,63,63,47,47,44,48,54,54,54,70,51,51,51,40,46,46,0],"gold":43,"neow_bonus":"ONE_RANDOM_RARE_CARD","is_prod":false,"is_daily":false,"chose_seed":false,"campfire_upgraded":4,"win_rate":0,"timestamp":1546567580,"path_taken":["M","?","?","M","$","R","M","M","T","E","R","M","E","M","R","BOSS","M","?","$","M","M","R","M"],"build_version":"2018-12-20","purchased_purges":1,"victory":false,"max_hp_per_floor":[75,75,75,75,75,75,75,75,75,75,75,75,75,75,75,75,75,75,75,75,75,75,75,75],"card_choices":[{"not_picked":["Headbutt","Entrench"],"picked":"Sword Boomerang","floor":1},{"not_picked":["Armaments","Heavy Blade"],"picked":"Uppercut","floor":3},{"not_picked":["Thunderclap","Pommel Strike"],"picked":"Clothesline","floor":4},{"not_picked":["Iron Wave","Thunderclap"],"picked":"True Grit","floor":7},{"not_picked":["Warcry","Evolve"],"picked":"Cleave","floor":8},{"not_picked":["Body Slam","Infernal Blade"],"picked":"Dual Wield","floor":10},{"not_picked":["Searing Blow","Armaments"],"picked":"Offering","floor":12},{"not_picked":["Searing Blow","Rampage"],"picked":"Clothesline","floor":13},{"not_picked":["Second Wind","Perfected Strike","Flex"],"picked":"SKIP","floor":14},{"not_picked":["Limit Break","Exhume"],"picked":"Barricade","floor":16},{"not_picked":["Pommel Strike","Sentinel"],"picked":"Cleave+1","floor":18},{"not_picked":["Clash+1","Perfected Strike"],"picked":"Shrug It Off","floor":21},{"not_picked":["Sword Boomerang","Anger"],"picked":"Evolve","floor":22}],"player_experience":399412,"relics_obtained":[{"floor":9,"key":"Meat on the Bone"},{"floor":10,"key":"Mercury Hourglass"},{"floor":13,"key":"Mummified Hand"}],"event_choices":[{"damage_healed":0,"gold_gain":275,"player_choice":"Desecrate","damage_taken":0,"max_hp_gain":0,"max_hp_loss":0,"event_name":"Golden Shrine","floor":2,"gold_loss":0,"cards_obtained":["Regret"]},{"cards_removed":["Strike_R"],"damage_healed":0,"gold_gain":0,"player_choice":"Gave Gold","damage_taken":0,"max_hp_gain":0,"max_hp_loss":0,"event_name":"Beggar","floor":19,"gold_loss":75}],"is_beta":false,"boss_relics":[{"not_picked":["Lizard Tail","Runic Cube"],"picked":"Black Star"}],"items_purged_floors":[5],"is_endless":false,"potions_floor_spawned":[3,10,14,16,21],"killed_by":"Centurion and Healer","ascension_level":17}