{"gold_per_floor":[114,129,141,141,158,158,7,7,7,7,18,30,49,49,49,151,151,165,90,90,107,127,127,140,140,140,154,172,172,172,103,103,103],"floor_reached":33,"playtime":1082,"items_purged":[],"score":266,"play_id":"bf47d061-088d-486c-a203-f3eb5449ab2a","local_time":"20190109231923","is_ascension_mode":false,"campfire_choices":[{"data":"Armaments","floor":6,"key":"SMITH"},{"data":"Fiend Fire","floor":10,"key":"SMITH"},{"data":"Searing Blow","floor":15,"key":"SMITH"},{"data":"Searing Blow+1","floor":23,"key":"SMITH"},{"data":"Searing Blow+2","floor":30,"key":"SMITH"},{"data":"Searing Blow+3","floor":32,"key":"SMITH"}],"neow_cost":"NONE","seed_source_timestamp":8151070679463,"circlet_count":0,"master_deck":["Defend_R","Defend_R","Defend_R","Defend_R","Bash","Wild Strike","Metallicize","Shrug It Off","Armaments+1","Fiend Fire+1","Carnage","Searing Blow+4","Offering","Pommel Strike+1","Shrug It Off+1","Fiend Fire+1","Bite","Bite","Bite","Bite","Bite","Metallicize"],"relics":["Cursed Key"],"potions_floor_usage":[21,24,28,33,33,33],"damage_taken":[{"damage":5,"enemies":"Small Slimes","floor":1,"turns":4},{"damage":6,"enemies":"2 Louse","floor":2,"turns":2},{"damage":11,"enemies":"Jaw Worm","floor":3,"turns":2},{"damage":0,"enemies":"Large Slime","floor":5,"turns":7},{"damage":0,"enemies":"Exordium Wildlife","floor":11,"turns":4},{"damage":4,"enemies":"2 Fungi Beasts","floor":12,"turns":3},{"damage":1,"enemies":"Gremlin Gang","floor":13,"turns":3},{"damage":22,"enemies":"Slime Boss","floor":16,"turns":7},{"damage":12,"enemies":"Shell Parasite","floor":18,"turns":5},{"damage":6,"enemies":"2 Thieves","floor":21,"turns":4},{"damage":6,"enemies":"Centurion and Healer","floor":22,"turns":5},{"damage":9,"enemies":"Snake Plant","floor":24,"turns":4},{"damage":6,"enemies":"Snecko","floor":27,"turns":2},{"damage":2,"enemies":"Sentry and Sphere","floor":28,"turns":6},{"damage":71,"enemies":"Collector","floor":33,"turns":10}],"seed_played":"9220595601748793045","potions_obtained":[{"floor":3,"key":"Weak Potion"},{"floor":11,"key":"Poison Potion"},{"floor":13,"key":"Swift Potion"},{"floor":24,"key":"Block Potion"},{"floor":27,"key":"Poison Potion"},{"floor":28,"key":"Weak Potion"}],"is_trial":false,"path_per_floor":["M","M","M","?","M","R","$","?","T","R","M","M","M","?","R","B",null,"M","?","T","M","M","R","M","?","T","M","M","?","R","$","R","B"],"character_chosen":"IRONCLAD","items_purchased":["Fiend Fire","Metallicize"],"campfire_rested":0,"item_purchase_floors":[7,31],"current_hp_per_floor":[75,69,58,58,58,58,58,58,58,58,58,54,53,46,46,24,80,68,68,68,62,56,56,47,47,47,41,39,39,39,39,39,0],"gold":103,"neow_bonus":"BOSS_RELIC","is_prod":false,"is_daily":false,"chose_seed":false,"campfire_upgraded":6,"win_rate":0,"timestamp":1547072363,"path_taken":["M","M","M","?","M","R","$","?","T","R","M","M","M","?","R","BOSS","M","?","?","M","M","R","M","?","T","?","M","?","R","$","R","BOSS"],"build_version":"2019-01-03v4","purchased_purges":0,"victory":false,"max_hp_per_floor":[80,80,80,80,80,80,80,80,80,80,80,80,80,80,80,80,80,80,80,80,80,80,80,80,80,80,80,80,56,56,56,56,56],"card_choices":[{"not_picked":["Thunderclap","Uppercut"],"picked":"Wild Strike","floor":1},{"not_picked":["Shrug It Off","Blood for Blood"],"picked":"Metallicize","floor":2},{"not_picked":["Sword Boomerang","Reckless Charge"],"picked":"Shrug It Off","floor":3},{"not_picked":["Headbutt","Whirlwind"],"picked":"Armaments","floor":5},{"not_picked":["Flex","Hemokinesis","Armaments"],"picked":"SKIP","floor":11},{"not_picked":["Fiend Fire","Havoc"],"picked":"Carnage","floor":12},{"not_picked":["Dropkick","Sword Boomerang"],"picked":"Searing Blow","floor":13},{"not_picked":["Berserk","Feed"],"picked":"Offering","floor":16},{"not_picked":["Wild Strike","Evolve+1","Pommel Strike+1"],"picked":"SKIP","floor":18},{"not_picked":["Wild Strike","Evolve+1"],"picked":"Pommel Strike+1","floor":18},{"not_picked":["Reckless Charge+1","Anger","Entrench"],"picked":"SKIP","floor":21},{"not_picked":["Iron Wave+1","Armaments","Dropkick+1"],"picked":"SKIP","floor":22},{"not_picked":["Blood for Blood","Ghostly Armor"],"picked":"Shrug It Off+1","floor":24},{"not_picked":["Bloodletting","Sword Boomerang","Pommel Strike"],"picked":"SKIP","floor":27},{"not_picked":["Clash+1","Sword Boomerang","Barricade"],"picked":"SKIP","floor":28}],"player_experience":426609,"relics_obtained":[],"event_choices":[{"damage_healed":0,"gold_gain":0,"player_choice":"Fled","damage_taken":0,"max_hp_gain":0,"max_hp_loss":0,"event_name":"Scrap Ooze","floor":4,"gold_loss":0},{"damage_healed":0,"gold_gain":0,"player_choice":"Searched \u00270\u0027 times","damage_taken":0,"max_hp_gain":0,"max_hp_loss":0,"event_name":"Dead Adventurer","floor":8,"gold_loss":0},{"cards_removed":["Strike_R"],"damage_healed":0,"gold_gain":0,"player_choice":"Card Removal","damage_taken":7,"max_hp_gain":0,"max_hp_loss":0,"event_name":"Golden Wing","floor":14,"gold_loss":0},{"cards_removed":["Strike_R"],"damage_healed":0,"gold_gain":0,"player_choice":"Gave Gold","damage_taken":0,"max_hp_gain":0,"max_hp_loss":0,"event_name":"Beggar","floor":19,"gold_loss":75},{"damage_healed":0,"gold_gain":0,"player_choice":"Copied","damage_taken":0,"max_hp_gain":0,"max_hp_loss":0,"event_name":"Duplicator","floor":25,"gold_loss":0,"cards_obtained":["Fiend Fire"]},{"damage_healed":0,"gold_gain":0,"player_choice":"Became a vampire","damage_taken":0,"max_hp_gain":0,"max_hp_loss":24,"event_name":"Vampires","floor":29,"gold_loss":0,"cards_obtained":["Bite","Bite","Bite","Bite","Bite"]}],"is_beta":false,"boss_relics":[{"not_picked":["Black Star","Eternal Feather","Runic Dome"]}],"items_purged_floors":[],"is_endless":false,"potions_floor_spawned":[3,11,13,16,18,24,27,28],"killed_by":"Collector","ascension_level":0}