{"gold_per_floor":[110,110,124,124,199,224,224,253,308,321,334,395,90,101,101,204,204,221,221,221,136,150,150,178,178,178,178,195,225,238,257,257,257],"floor_reached":33,"playtime":3757,"items_purged":["Strike_G"],"score":438,"play_id":"a48ba29a-8b39-46a2-9e75-1448788687b3","local_time":"20181213190250","is_ascension_mode":true,"campfire_choices":[{"data":"Backstab","floor":7,"key":"SMITH"},{"floor":15,"key":"REST"},{"data":"Burst","floor":23,"key":"SMITH"},{"data":"Accuracy","floor":27,"key":"SMITH"},{"floor":32,"key":"REST"}],"neow_cost":"NONE","seed_source_timestamp":1633343380599610,"circlet_count":0,"master_deck":["Defend_G","Defend_G","Defend_G","Defend_G","Defend_G","Strike_G","Strike_G","Strike_G","Strike_G","Survivor","Neutralize","Backstab+1","Backstab","Quick Slash","Dash","Quick Slash","Cloak And Dagger","All Out Attack","Accuracy+1","Escape Plan","Burst+1","Ghostly","Ghostly","Ghostly","Ghostly","Ghostly","Backflip","Blade Dance+1","Acrobatics+1"],"relics":["Ring of the Snake","Boot","Potion Belt","Ancient Tea Set","Tiny Chest","TwistedFunnel","Busted Crown","Darkstone Periapt","Centennial Puzzle","Enchiridion","Bottled Lightning","Toxic Egg 2"],"potions_floor_usage":[1,8,12,24,31,33,33,33,33,33,33,33],"damage_taken":[{"damage":6,"enemies":"Small Slimes","floor":1,"turns":5},{"damage":0,"enemies":"Jaw Worm","floor":3,"turns":4},{"damage":19,"enemies":"3 Sentries","floor":6,"turns":12},{"damage":2,"enemies":"Gremlin Nob","floor":8,"turns":3},{"damage":0,"enemies":"2 Louse","floor":10,"turns":1},{"damage":0,"enemies":"Looter","floor":11,"turns":1},{"damage":26,"enemies":"Lagavulin","floor":12,"turns":6},{"damage":0,"enemies":"Exordium Wildlife","floor":14,"turns":2},{"damage":57,"enemies":"The Guardian","floor":16,"turns":19},{"damage":0,"enemies":"3 Byrds","floor":18,"turns":4},{"damage":0,"enemies":"Chosen","floor":22,"turns":5},{"damage":0,"enemies":"Book of Stabbing","floor":24,"turns":6},{"damage":2,"enemies":"Shelled Parasite and Fungi","floor":28,"turns":7},{"damage":2,"enemies":"Slavers","floor":29,"turns":6},{"damage":0,"enemies":"Chosen and Byrds","floor":30,"turns":7},{"damage":1,"enemies":"Snecko","floor":31,"turns":4},{"damage":32,"enemies":"Champ","floor":33,"turns":8}],"seed_played":"-4480123995273399813","potions_obtained":[{"floor":0,"key":"FairyPotion"},{"floor":0,"key":"FairyPotion"},{"floor":0,"key":"Regen Potion"},{"floor":6,"key":"AttackPotion"},{"floor":10,"key":"Strength Potion"},{"floor":12,"key":"GamblersBrew"},{"floor":18,"key":"Poison Potion"},{"floor":22,"key":"EntropicBrew"},{"floor":30,"key":"AttackPotion"}],"is_trial":false,"path_per_floor":["M","?","M","?","?","E","R","E","T","M","M","E","$","M","R","B",null,"M","?","$","?","M","R","E","?","T","R","M","E","M","M","R","B"],"character_chosen":"THE_SILENT","items_purchased":["TwistedFunnel","Accuracy"],"campfire_rested":2,"item_purchase_floors":[13,13],"current_hp_per_floor":[70,75,75,75,64,45,45,43,43,43,43,17,17,17,39,7,58,58,37,37,37,37,37,37,21,21,21,19,17,17,16,27,0],"gold":257,"neow_bonus":"THREE_SMALL_POTIONS","is_prod":false,"is_daily":false,"chose_seed":false,"campfire_upgraded":3,"win_rate":0,"timestamp":1544745770,"path_taken":["M","?","M","?","?","E","R","E","T","M","M","E","?","M","R","BOSS","M","?","$","?","M","R","E","?","T","R","M","E","M","M","R","BOSS"],"build_version":"2018-12-06","purchased_purges":1,"victory":false,"max_hp_per_floor":[70,75,75,75,75,75,75,75,75,75,75,75,75,75,75,75,75,75,37,37,37,37,37,37,37,37,37,37,37,37,37,37,37],"card_choices":[{"not_picked":["Dagger Throw","Bane"],"picked":"Backstab","floor":1},{"not_picked":["Flying Knee","Leg Sweep"],"picked":"Backstab","floor":3},{"not_picked":["Outmaneuver","Underhanded Strike"],"picked":"Quick Slash","floor":6},{"not_picked":["Tools of the Trade","Outmaneuver"],"picked":"Dash","floor":8},{"not_picked":["Dagger Throw","Terror"],"picked":"Quick Slash","floor":10},{"not_picked":["Deadly Poison","Endless Agony"],"picked":"Cloak And Dagger","floor":11},{"not_picked":["Sucker Punch","Dagger Spray"],"picked":"All Out Attack","floor":12},{"not_picked":["Deadly Poison","Flying Knee"],"picked":"Escape Plan","floor":14},{"not_picked":["Die Die Die","Night Terror"],"picked":"Burst","floor":16},{"not_picked":["Masterful Stab+1"],"picked":"SKIP","floor":18},{"not_picked":[],"picked":"Backflip","floor":22},{"not_picked":["Eviscerate"],"picked":"SKIP","floor":24},{"not_picked":["Dagger Spray"],"picked":"SKIP","floor":28},{"not_picked":[],"picked":"Blade Dance","floor":29},{"not_picked":[],"picked":"Acrobatics+1","floor":30},{"not_picked":["Endless Agony"],"picked":"SKIP","floor":31}],"player_experience":193466,"relics_obtained":[{"floor":6,"key":"Boot"},{"floor":8,"key":"Potion Belt"},{"floor":9,"key":"Ancient Tea Set"},{"floor":12,"key":"Tiny Chest"},{"floor":24,"key":"Centennial Puzzle"},{"floor":25,"key":"Enchiridion"},{"floor":26,"key":"Bottled Lightning"},{"floor":29,"key":"Toxic Egg 2"}],"event_choices":[{"damage_healed":0,"gold_gain":0,"player_choice":"Donut","damage_taken":0,"max_hp_gain":5,"max_hp_loss":0,"event_name":"Big Fish","floor":2,"gold_loss":0},{"damage_healed":0,"gold_gain":0,"player_choice":"Leave","damage_taken":0,"max_hp_gain":0,"max_hp_loss":0,"event_name":"The Cleric","floor":4,"gold_loss":0},{"damage_healed":0,"gold_gain":75,"player_choice":"Gather Gold","damage_taken":11,"max_hp_gain":0,"max_hp_loss":0,"event_name":"World of Goop","floor":5,"gold_loss":0},{"damage_healed":0,"gold_gain":0,"player_choice":"Became a Ghost","damage_taken":0,"max_hp_gain":0,"max_hp_loss":38,"event_name":"Ghosts","floor":19,"gold_loss":0,"cards_obtained":["Ghostly","Ghostly","Ghostly","Ghostly","Ghostly"]},{"damage_healed":0,"gold_gain":0,"player_choice":"Obtained Relic","damage_taken":0,"relics_obtained":["Darkstone Periapt"],"max_hp_gain":0,"max_hp_loss":0,"event_name":"Addict","floor":21,"gold_loss":85},{"damage_healed":0,"gold_gain":0,"player_choice":"Obtained Book","damage_taken":16,"max_hp_gain":0,"max_hp_loss":0,"event_name":"Cursed Tome","floor":25,"gold_loss":0}],"is_beta":false,"boss_relics":[{"not_picked":["Ring of the Serpent","Orrery"],"picked":"Busted Crown"}],"items_purged_floors":[13],"is_endless":false,"potions_floor_spawned":[6,10,12,18,22,30],"killed_by":"Champ","ascension_level":5}