{"gold_per_floor":[117,217,292,19,37,67,67,67,91,91,125,143,156,172,172,275,275,291,48,67,67,77,77],"floor_reached":23,"playtime":1024,"items_purged":["Strike_G","Strike_G"],"score":246,"play_id":"7c8252bf-167b-47e3-94c6-7f8dd7e336c0","local_time":"20180713231536","is_ascension_mode":true,"campfire_choices":[{"data":"Flechettes","floor":7,"key":"SMITH"},{"data":"Bouncing Flask","floor":10,"key":"SMITH"},{"data":"Bouncing Flask","floor":15,"key":"SMITH"}],"neow_cost":"NONE","seed_source_timestamp":228080189035600,"circlet_count":0,"master_deck":["Defend_G","Defend_G","Defend_G","Defend_G","Defend_G","Strike_G","Strike_G","Strike_G","Survivor","Neutralize","Bouncing Flask+1","Bouncing Flask+1","Flechettes+1","PiercingWail+1","Bane","Poisoned Stab","Bouncing Flask+1","Bouncing Flask","Corpse Explosion","Catalyst","Setup","Escape Plan"],"relics":["Ring of the Snake","Art of War","DollysMirror","Frozen Egg 2","Orichalcum","War Paint","Eternal Feather","Anchor"],"potions_floor_usage":[6,13,16,16,18,23],"damage_taken":[{"damage":0,"enemies":"Cultist","floor":1,"turns":5},{"damage":10,"enemies":"Small Slimes","floor":5,"turns":4},{"damage":14,"enemies":"3 Sentries","floor":6,"turns":7},{"damage":10,"enemies":"Gremlin Nob","floor":11,"turns":4},{"damage":0,"enemies":"Jaw Worm","floor":12,"turns":3},{"damage":18,"enemies":"Exordium Wildlife","floor":13,"turns":4},{"damage":0,"enemies":"2 Fungi Beasts","floor":14,"turns":2},{"damage":5,"enemies":"Hexaghost","floor":16,"turns":7},{"damage":6,"enemies":"Chosen","floor":18,"turns":3},{"damage":24,"enemies":"2 Thieves","floor":20,"turns":4},{"damage":8,"enemies":"Sentry and Sphere","floor":22,"turns":4},{"damage":35,"enemies":"Gremlin Leader","floor":23,"turns":5}],"seed_played":"-7364654427314654159","potions_obtained":[{"floor":5,"key":"Swift Potion"},{"floor":12,"key":"SkillPotion"},{"floor":13,"key":"Block Potion"},{"floor":14,"key":"AttackPotion"},{"floor":16,"key":"Poison Potion"},{"floor":18,"key":"Strength Potion"}],"is_trial":false,"path_per_floor":["M","?","?","$","M","E","R","?","T","R","E","M","M","M","R","B",null,"M","$","M","?","M"],"character_chosen":"THE_SILENT","items_purchased":["DollysMirror","Anchor"],"campfire_rested":0,"item_purchase_floors":[4,19],"current_hp_per_floor":[70,70,59,59,49,35,35,52,52,52,42,42,24,24,24,19,70,64,64,40,40,32,0],"gold":77,"neow_bonus":"RANDOM_COMMON_RELIC","is_prod":false,"is_daily":false,"chose_seed":false,"campfire_upgraded":3,"win_rate":0,"timestamp":1531516536,"path_taken":["M","?","?","$","M","E","R","?","T","R","E","M","M","?","R","BOSS","M","$","M","?","M","E"],"build_version":"2018-07-12","purchased_purges":2,"victory":false,"max_hp_per_floor":[70,70,70,70,70,70,70,70,70,70,70,70,70,70,70,70,70,70,70,70,67,67,67],"card_choices":[{"not_picked":["Prepared","Choke"],"picked":"Bouncing Flask","floor":1},{"not_picked":["Backflip","Concentrate"],"picked":"Flechettes","floor":5},{"not_picked":["Dagger Throw","Flying Knee"],"picked":"PiercingWail","floor":6},{"not_picked":["Night Terror","Underhanded Strike"],"picked":"Bane","floor":11},{"not_picked":["Backflip","Flechettes"],"picked":"Poisoned Stab","floor":12},{"not_picked":["Dagger Spray","Masterful Stab"],"picked":"Bouncing Flask","floor":13},{"not_picked":["Cloak And Dagger","Leg Sweep"],"picked":"Bouncing Flask","floor":14},{"not_picked":["Envenom+1","Die Die Die"],"picked":"Corpse Explosion","floor":16},{"not_picked":["Choke","Dagger Spray"],"picked":"Catalyst","floor":18},{"not_picked":["Outmaneuver","Underhanded Strike"],"picked":"Setup","floor":20},{"not_picked":["Quick Slash+1","Cloak And Dagger"],"picked":"Escape Plan","floor":22}],"player_experience":133058,"relics_obtained":[{"floor":6,"key":"Frozen Egg 2"},{"floor":9,"key":"Orichalcum"},{"floor":11,"key":"War Paint"}],"event_choices":[{"event_name":"Wheel of Change","player_choice":"Gold","floor":2,"damage_taken":0},{"event_name":"World of Goop","player_choice":"Gather Gold","floor":3,"damage_taken":0},{"event_name":"Mushrooms","player_choice":"Healed and dodged fight","floor":8,"damage_taken":0},{"event_name":"Fountain of Cleansing","player_choice":"Removed Curse","floor":21,"damage_taken":0}],"boss_relics":[{"not_picked":["Ring of the Serpent","Runic Pyramid"],"picked":"Eternal Feather"}],"items_purged_floors":[4,19],"is_endless":false,"potions_floor_spawned":[5,12,13,14,16,18],"killed_by":"Gremlin Leader","ascension_level":2}