{"gold_per_floor":[114,114,134,153,168,168,343,343,343,293,303,254,254,274,274,274],"floor_reached":16,"playtime":872,"items_purged":[],"score":117,"play_id":"54f645d0-b038-463f-be9a-b9297c2c3b62","local_time":"20181010012039","is_ascension_mode":false,"campfire_choices":[{"floor":6,"key":"REST"},{"floor":8,"key":"REST"},{"data":"Whirlwind","floor":13,"key":"SMITH"},{"data":"Bloodletting","floor":15,"key":"SMITH"}],"neow_cost":"PERCENT_DAMAGE","seed_source_timestamp":175269470195195,"circlet_count":0,"master_deck":["Strike_R","Strike_R","Strike_R","Strike_R","Strike_R","Defend_R","Defend_R","Defend_R","Defend_R","Bash","Sword Boomerang","Bloodletting+1","Whirlwind+1","Thunderclap","Sword Boomerang","Shrug It Off"],"relics":["Burning Blood","Ginger","Meat on the Bone"],"potions_floor_usage":[16,16],"damage_taken":[{"damage":9,"enemies":"Jaw Worm","floor":1,"turns":5},{"damage":7,"enemies":"Small Slimes","floor":3,"turns":3},{"damage":4,"enemies":"Cultist","floor":4,"turns":4},{"damage":11,"enemies":"Blue Slaver","floor":5,"turns":4},{"damage":10,"enemies":"Looter","floor":11,"turns":3},{"damage":11,"enemies":"Gremlin Gang","floor":14,"turns":3},{"damage":102,"enemies":"Hexaghost","floor":16,"turns":11}],"seed_played":"-1853568085530502936","potions_obtained":[{"floor":3,"key":"FairyPotion"},{"floor":4,"key":"Explosive Potion"},{"floor":14,"key":"Explosive Potion"}],"is_trial":false,"path_per_floor":["M","?","M","M","M","R","?","R","T","?","M","$","R","M","R"],"character_chosen":"IRONCLAD","items_purchased":["Shrug It Off"],"campfire_rested":2,"item_purchase_floors":[12],"current_hp_per_floor":[66,48,47,49,44,72,72,96,96,96,92,92,92,87,87,0],"gold":274,"neow_bonus":"TWENTY_PERCENT_HP_BONUS","is_prod":false,"is_daily":false,"chose_seed":false,"campfire_upgraded":2,"win_rate":0.0,"timestamp":1539130839,"path_taken":["M","?","?","M","M","R","?","R","T","?","?","$","R","?","R","BOSS"],"build_version":"2018-10-04v2","purchased_purges":0,"victory":false,"max_hp_per_floor":[96,96,96,96,96,96,96,96,96,96,96,96,96,96,96,96],"card_choices":[{"not_picked":["Body Slam","Second Wind"],"picked":"Sword Boomerang","floor":1},{"not_picked":["Power Through","True Grit"],"picked":"Bloodletting","floor":3},{"not_picked":["Warcry","Anger"],"picked":"Whirlwind","floor":4},{"not_picked":["Heavy Blade","Juggernaut"],"picked":"Thunderclap","floor":5},{"not_picked":["Seeing Red","Thunderclap"],"picked":"Sword Boomerang","floor":11},{"not_picked":["Headbutt","Thunderclap","Disarm"],"picked":"SKIP","floor":14}],"player_experience":21363,"relics_obtained":[{"floor":9,"key":"Meat on the Bone"}],"event_choices":[{"event_name":"Scrap Ooze","player_choice":"success","floor":2,"damage_taken":18},{"event_name":"Liars Game","player_choice":"agreed","floor":7,"damage_taken":0},{"event_name":"The Cleric","player_choice":"Card Removal","floor":10,"damage_taken":0}],"is_beta":false,"boss_relics":[],"items_purged_floors":[],"is_endless":false,"potions_floor_spawned":[3,4,14],"killed_by":"Hexaghost","ascension_level":0}