{"gold_per_floor":[119,138,138,159,159,159,229,247,273,343,343,418,432,455,455,548,548,571,145,133,58,81,81,81,81,104,143,156,156,174,212,212,307,307,330,330,330,348,366,366],"floor_reached":40,"playtime":1847,"items_purged":["Strike_G"],"score":789,"play_id":"e797d1ae-e582-47c5-9a23-83371b106b22","local_time":"20190505154620","is_ascension_mode":true,"campfire_choices":[{"data":"Neutralize","floor":6.0,"key":"SMITH"},{"data":"Envenom","floor":15.0,"key":"SMITH"},{"floor":23.0,"key":"REST"},{"data":"Ghostly","floor":25.0,"key":"SMITH"},{"data":"Ghostly","floor":29.0,"key":"SMITH"},{"data":"Ghostly","floor":32.0,"key":"SMITH"}],"neow_cost":"NONE","seed_source_timestamp":115243578955585,"circlet_count":0,"master_deck":["AscendersBane","Defend_G","Defend_G","Defend_G","Defend_G","Defend_G+1","Strike_G","Survivor+1","Neutralize+1","Footwork","Infinite Blades","Flying Knee","Deadly Poison","Poisoned Stab","Envenom+1","Parasite","PiercingWail","A Thousand Cuts","Dodge and Roll","Noxious Fumes+1","Ghostly+1","Ghostly+1","Ghostly+1","Prepared+1","Calculated Gamble","Backstab","Adrenaline","Dagger Throw+1","Deflect"],"special_seed":0,"relics":["Ring of the Snake","NeowsBlessing","Golden Idol","Tiny Chest","Juzu Bracelet","Lantern","Happy Flower","Empty Cage","PreservedInsect","Bronze Scales","Centennial Puzzle","War Paint","Thread and Needle","Eternal Feather"],"potions_floor_usage":[40],"damage_taken":[{"damage":0.0,"enemies":"2 Louse","floor":1.0,"turns":1.0},{"damage":0.0,"enemies":"Jaw Worm","floor":2.0,"turns":1.0},{"damage":0.0,"enemies":"Small Slimes","floor":4.0,"turns":1.0},{"damage":22.0,"enemies":"3 Sentries","floor":7.0,"turns":10.0},{"damage":13.0,"enemies":"3 Louse","floor":8.0,"turns":4.0},{"damage":10.0,"enemies":"3 Sentries","floor":10.0,"turns":7.0},{"damage":0.0,"enemies":"2 Fungi Beasts","floor":13.0,"turns":3.0},{"damage":11.0,"enemies":"The Guardian","floor":16.0,"turns":11.0},{"damage":5.0,"enemies":"Chosen","floor":18.0,"turns":5.0},{"damage":6.0,"enemies":"2 Thieves","floor":20.0,"turns":4.0},{"damage":22.0,"enemies":"Shelled Parasite and Fungi","floor":22.0,"turns":7.0},{"damage":6.0,"enemies":"Gremlin Leader","floor":27.0,"turns":6.0},{"damage":0.0,"enemies":"Snake Plant","floor":28.0,"turns":5.0},{"damage":0.0,"enemies":"Centurion and Healer","floor":30.0,"turns":8.0},{"damage":0.0,"enemies":"Slavers","floor":31.0,"turns":7.0},{"damage":14.0,"enemies":"Collector","floor":33.0,"turns":12.0},{"damage":8.0,"enemies":"Orb Walker","floor":35.0,"turns":5.0},{"damage":2.0,"enemies":"3 Darklings","floor":38.0,"turns":7.0},{"damage":4.0,"enemies":"Sphere and 2 Shapes","floor":39.0,"turns":6.0},{"damage":13,"enemies":"Reptomancer","floor":40,"turns":6}],"seed_played":"-3342762380395664890","potions_obtained":[{"floor":2.0,"key":"FearPotion"},{"floor":7.0,"key":"AttackPotion"},{"floor":10.0,"key":"Explosive Potion"},{"floor":16.0,"key":"AttackPotion"},{"floor":31.0,"key":"Ancient Potion"},{"floor":38.0,"key":"Energy Potion"}],"is_trial":false,"path_per_floor":["M","M","?","M","?","R","E","M","T","?","?","?","M","T","R","B",null,"M","$","M","$","M","R","?","R","T","E","M","R","M","E","R","B",null,"M","?","?","M","M","E"],"character_chosen":"THE_SILENT","items_purchased":["PreservedInsect","Bronze Scales","Fire Potion","GhostInAJar"],"campfire_rested":1,"item_purchase_floors":[19,19,19,21],"current_hp_per_floor":[59,59,59,59,59,59,37,24,24,14,29,18,18,18,18,7,47,42,42,36,36,14,32,30,30,30,24,24,24,24,24,24,10,25,17,17,17,15,11,0],"gold":366,"neow_bonus":"THREE_ENEMY_KILL","is_prod":false,"is_daily":false,"chose_seed":false,"campfire_upgraded":5,"win_rate":0,"timestamp":1557096380,"path_taken":["M","M","?","M","?","R","E","M","T","?","?","?","M","?","R","BOSS","M","$","M","$","M","R","?","R","T","E","M","R","M","E","R","BOSS","M","?","?","M","M","E"],"build_version":"2019-01-23","purchased_purges":1,"victory":false,"max_hp_per_floor":[66,66,60,60,60,60,60,60,60,60,60,60,60,60,60,60,60,60,60,60,60,60,60,30,30,30,30,30,30,30,30,30,30,30,30,30,30,30,30,30],"card_choices":[{"not_picked":["Blade Dance","Outmaneuver"],"picked":"Footwork","floor":1.0},{"not_picked":["Slice","Prepared"],"picked":"Infinite Blades","floor":2.0},{"not_picked":["Dodge and Roll","Flechettes"],"picked":"Flying Knee","floor":4.0},{"not_picked":["Concentrate","Reflex"],"picked":"Deadly Poison","floor":7.0},{"not_picked":["Sucker Punch","Backflip"],"picked":"Poisoned Stab","floor":8.0},{"not_picked":["Sucker Punch","Bane"],"picked":"Envenom","floor":10.0},{"not_picked":["Choke","Slice"],"picked":"PiercingWail","floor":13.0},{"not_picked":["Storm of Steel","Grand Finale"],"picked":"A Thousand Cuts","floor":16.0},{"not_picked":["PiercingWail","Backstab"],"picked":"Dodge and Roll","floor":18.0},{"not_picked":["Predator","Terror"],"picked":"Noxious Fumes+1","floor":20.0},{"not_picked":["Prepared","Sucker Punch","Quick Slash"],"picked":"SKIP","floor":22.0},{"not_picked":["Accuracy","Deflect"],"picked":"Prepared+1","floor":27.0},{"not_picked":["Skewer","Backflip","Prepared"],"picked":"SKIP","floor":28.0},{"not_picked":["Caltrops","Poisoned Stab"],"picked":"Calculated Gamble","floor":30.0},{"not_picked":["Prepared+1","Caltrops"],"picked":"Backstab","floor":31.0},{"not_picked":["Glass Knife","Die Die Die"],"picked":"Adrenaline","floor":33.0},{"not_picked":["Reflex","Caltrops"],"picked":"Dagger Throw+1","floor":35.0},{"not_picked":["Flying Knee","Underhanded Strike+1"],"picked":"Deflect","floor":38.0},{"not_picked":["Eviscerate","Underhanded Strike","Sucker Punch"],"picked":"SKIP","floor":39.0}],"player_experience":2555379,"relics_obtained":[{"floor":7.0,"key":"Tiny Chest"},{"floor":9.0,"key":"Juzu Bracelet"},{"floor":10.0,"key":"Lantern"},{"floor":14.0,"key":"Happy Flower"},{"floor":26.0,"key":"Centennial Puzzle"},{"floor":27.0,"key":"War Paint"},{"floor":31.0,"key":"Thread and Needle"}],"event_choices":[{"damage_healed":0.0,"max_hp_gain":0.0,"max_hp_loss":6.0,"gold_gain":0.0,"event_name":"Golden Idol","player_choice":"Lose Max HP","floor":3.0,"gold_loss":0.0,"damage_taken":0.0,"relics_obtained":["Golden Idol"]},{"damage_healed":0.0,"max_hp_gain":0.0,"max_hp_loss":0.0,"gold_gain":0.0,"event_name":"Liars Game","player_choice":"Ignored","floor":5.0,"gold_loss":0.0,"damage_taken":0.0},{"damage_healed":0.0,"max_hp_gain":0.0,"max_hp_loss":0.0,"gold_gain":0.0,"event_name":"Dead Adventurer","player_choice":"Searched \u00271\u0027 times","floor":10.0,"gold_loss":0.0,"damage_taken":0.0},{"damage_healed":15.0,"max_hp_gain":0.0,"max_hp_loss":0.0,"gold_gain":0.0,"event_name":"Mushrooms","player_choice":"Healed and dodged fight","floor":11.0,"gold_loss":0.0,"damage_taken":0.0,"cards_obtained":["Parasite"]},{"damage_healed":0.0,"max_hp_gain":0.0,"max_hp_loss":0.0,"gold_gain":75.0,"event_name":"World of Goop","player_choice":"Gather Gold","floor":12.0,"gold_loss":0.0,"damage_taken":11.0},{"damage_healed":0.0,"max_hp_gain":0.0,"max_hp_loss":30.0,"gold_gain":0.0,"event_name":"Ghosts","player_choice":"Became a Ghost","floor":24.0,"gold_loss":0.0,"damage_taken":0.0,"cards_obtained":["Ghostly","Ghostly","Ghostly"]},{"damage_healed":0.0,"max_hp_gain":0.0,"max_hp_loss":0.0,"gold_gain":0.0,"event_name":"Tomb of Lord Red Mask","player_choice":"Ignored","floor":36.0,"gold_loss":0.0,"damage_taken":0.0},{"cards_removed":["Strike_G"],"damage_healed":0.0,"max_hp_gain":0.0,"max_hp_loss":0.0,"gold_gain":0.0,"event_name":"Falling","player_choice":"Removed Attack","floor":37.0,"gold_loss":0.0,"damage_taken":0.0}],"is_beta":false,"boss_relics":[{"not_picked":["Calling Bell","WristBlade"],"picked":"Empty Cage"},{"not_picked":["Coffee Dripper","Lizard Tail"],"picked":"Eternal Feather"}],"items_purged_floors":[19],"is_endless":false,"potions_floor_spawned":[2,7,10,16,22,30,31,38],"killed_by":"Reptomancer","ascension_level":15}