{"gold_per_floor":[110,122,172,98,116,144,144,177,232,232,261,261,278,305,305,377,377,377,377,377,377,377,377,377,377,377,377,377,377,377,377,377,377,377,377,4,4,4,4,4,4,4,4,4,4,4,4,0,0,0,0],"floor_reached":52,"playtime":2560,"items_purged":[],"score":2438,"play_id":"5f2da742-3e05-4831-aa52-3202fc35e39e","local_time":"20190508112802","daily_mods":["SealedDeck","DeadlyEvents","Elite Swarm"],"is_ascension_mode":true,"campfire_choices":[{"data":"Cloak And Dagger","floor":7.0,"key":"SMITH"},{"data":"Cloak And Dagger","floor":10.0,"key":"SMITH"},{"data":"Accuracy","floor":12.0,"key":"SMITH"},{"data":"Terror","floor":15.0,"key":"SMITH"},{"data":"Burst","floor":24.0,"key":"SMITH"},{"floor":28.0,"key":"REST"},{"data":"Footwork","floor":32.0,"key":"SMITH"},{"floor":41.0,"key":"REST"},{"floor":45.0,"key":"REST"},{"floor":47,"key":"REST"},{"floor":49,"key":"REST"}],"neow_cost":"","seed_source_timestamp":0,"circlet_count":0,"master_deck":["AscendersBane","Terror+1","Leg Sweep","Blur","Dodge and Roll","Footwork+1","Cloak And Dagger+1","Cloak And Dagger+1","Dodge and Roll","Blade Dance","Accuracy+1","Cloak And Dagger+1","Infinite Blades","Burst+1","Malaise","Wraith Form v2+1","Finisher+1","PiercingWail","Envenom+1","A Thousand Cuts+1","Backflip","Accuracy+1","After Image+1","Escape Plan+1","After Image+1","Storm of Steel+1","Night Terror+1","Backflip+1","Dodge and Roll+1"],"special_seed":0,"relics":["Ring of the Snake","Letter Opener","Orichalcum","Strawberry","Frozen Egg 2","Bronze Scales","Ectoplasm","Bottled Lightning","Whetstone","Dream Catcher","MawBank","Sundial","Bag of Marbles","Black Star","Ninja Scroll","Snake Skull","The Courier","Pantograph","Toxic Egg 2","Darkstone Periapt","Happy Flower","Anchor","Girya","Singing Bowl","Red Mask"],"potions_floor_usage":[51],"damage_taken":[{"damage":0.0,"enemies":"2 Louse","floor":1.0,"turns":4.0},{"damage":0.0,"enemies":"Cultist","floor":2.0,"turns":3.0},{"damage":0.0,"enemies":"Jaw Worm","floor":5.0,"turns":4.0},{"damage":10.0,"enemies":"3 Sentries","floor":6.0,"turns":9.0},{"damage":0.0,"enemies":"Lagavulin","floor":8.0,"turns":6.0},{"damage":4.0,"enemies":"Gremlin Nob","floor":11.0,"turns":3.0},{"damage":0.0,"enemies":"Gremlin Gang","floor":13.0,"turns":3.0},{"damage":0.0,"enemies":"3 Sentries","floor":14.0,"turns":6.0},{"damage":18.0,"enemies":"Slime Boss","floor":16.0,"turns":6.0},{"damage":0.0,"enemies":"Spheric Guardian","floor":18.0,"turns":4.0},{"damage":2.0,"enemies":"Shell Parasite","floor":20.0,"turns":4.0},{"damage":4.0,"enemies":"Snake Plant","floor":21.0,"turns":6.0},{"damage":5.0,"enemies":"Cultist and Chosen","floor":22.0,"turns":5.0},{"damage":19.0,"enemies":"Book of Stabbing","floor":23.0,"turns":4.0},{"damage":18.0,"enemies":"Slavers","floor":25.0,"turns":6.0},{"damage":2.0,"enemies":"Book of Stabbing","floor":27.0,"turns":3.0},{"damage":22.0,"enemies":"Slavers","floor":29.0,"turns":4.0},{"damage":0.0,"enemies":"Gremlin Leader","floor":30.0,"turns":5.0},{"damage":0.0,"enemies":"Shelled Parasite and Fungi","floor":31.0,"turns":2.0},{"damage":0.0,"enemies":"Collector","floor":33.0,"turns":7.0},{"damage":1.0,"enemies":"3 Shapes","floor":35.0,"turns":3.0},{"damage":0.0,"enemies":"Orb Walker","floor":37.0,"turns":2.0},{"damage":6.0,"enemies":"Jaw Worm Horde","floor":39.0,"turns":2.0},{"damage":36.0,"enemies":"Nemesis","floor":40.0,"turns":5.0},{"damage":7.0,"enemies":"Reptomancer","floor":42.0,"turns":6.0},{"damage":24.0,"enemies":"Nemesis","floor":44.0,"turns":9.0},{"damage":18,"enemies":"Reptomancer","floor":46,"turns":6},{"damage":10,"enemies":"Time Eater","floor":50,"turns":8},{"damage":36,"enemies":"Awakened One","floor":51,"turns":21}],"seed_played":"3043694727796086205","potions_obtained":[{"floor":1.0,"key":"LiquidBronze"},{"floor":5.0,"key":"Strength Potion"},{"floor":13.0,"key":"Block Potion"},{"floor":16.0,"key":"FairyPotion"},{"floor":21.0,"key":"Strength Potion"},{"floor":25.0,"key":"LiquidBronze"},{"floor":29.0,"key":"Block Potion"},{"floor":31.0,"key":"Regen Potion"},{"floor":35.0,"key":"FearPotion"},{"floor":46,"key":"Block Potion"}],"is_trial":true,"path_per_floor":["M","M","?","$","M","E","R","E","T","R","E","R","M","E","R","B",null,"M","?","M","M","M","E","R","E","T","E","R","E","E","M","R","B",null,"M","$","M","?","M","E","R","E","T","E","R","E","R","?","R","B","B",null],"character_chosen":"THE_SILENT","items_purchased":["Infinite Blades","Ninja Scroll","Accuracy+1"],"campfire_rested":5,"item_purchase_floors":[4,36,36],"current_hp_per_floor":[59,59,59,59,59,49,49,49,56,56,52,52,52,52,52,34,63,63,63,61,57,52,33,33,15,15,13,34,12,12,12,12,27,62,61,61,61,61,55,19,40,33,33,9,30,12,33,33,54,63,37],"gold":0,"neow_bonus":"","is_prod":false,"is_daily":false,"chose_seed":false,"campfire_upgraded":6,"win_rate":0,"timestamp":1557340082,"path_taken":["M","M","?","?","M","E","R","E","T","R","E","R","M","E","R","BOSS","M","?","M","?","M","E","R","E","T","E","R","?","E","M","R","BOSS","M","$","M","?","M","E","R","E","T","E","R","?","R","?","R","BOSS","BOSS"],"build_version":"2019-01-23","purchased_purges":0,"victory":true,"max_hp_per_floor":[66,66,66,66,66,66,66,66,73,73,73,73,73,73,73,73,73,73,73,73,73,73,73,73,73,73,73,73,73,73,73,73,73,73,73,73,73,73,73,73,73,73,73,73,73,73,73,73,73,73,73],"card_choices":[{"not_picked":["Bane","Eviscerate","Calculated Gamble"],"picked":"SKIP","floor":1.0},{"not_picked":["Choke","Slice"],"picked":"Cloak And Dagger","floor":2.0},{"not_picked":["Sucker Punch","Dagger Throw","Blur"],"picked":"SKIP","floor":5.0},{"not_picked":["Bullet Time","Unload","Envenom"],"picked":"SKIP","floor":6.0},{"not_picked":["Corpse Explosion","Venomology"],"picked":"Burst","floor":8.0},{"not_picked":["Grand Finale","Doppelganger","Wraith Form v2"],"picked":"SKIP","floor":11.0},{"not_picked":["Caltrops+1","Prepared","Dagger Spray"],"picked":"SKIP","floor":13.0},{"not_picked":["Tools of the Trade+1","Die Die Die"],"picked":"Malaise","floor":14.0},{"not_picked":["Glass Knife","Venomology"],"picked":"Wraith Form v2+1","floor":16.0},{"not_picked":["Acrobatics","Predator"],"picked":"Finisher","floor":18.0},{"not_picked":["Quick Slash","Leg Sweep"],"picked":"PiercingWail","floor":20.0},{"not_picked":["Acrobatics","Bane","Underhanded Strike"],"picked":"SKIP","floor":21.0},{"not_picked":["Bane","Acrobatics+1","Underhanded Strike"],"picked":"SKIP","floor":22.0},{"not_picked":["Tools of the Trade+1","Phantasmal Killer"],"picked":"Envenom+1","floor":23.0},{"not_picked":["Envenom+1","Doppelganger","Phantasmal Killer"],"picked":"SKIP","floor":25.0},{"not_picked":["Doppelganger","Unload"],"picked":"A Thousand Cuts+1","floor":27.0},{"not_picked":["Bullet Time","Storm of Steel","Malaise"],"picked":"SKIP","floor":29.0},{"not_picked":["Die Die Die","Corpse Explosion","Wraith Form v2+1"],"picked":"SKIP","floor":30.0},{"not_picked":["PiercingWail","Dodge and Roll","Endless Agony"],"picked":"SKIP","floor":31.0},{"not_picked":["Deflect","Prepared"],"picked":"Backflip","floor":35.0},{"not_picked":["Flying Knee","Skewer","Dodge and Roll"],"picked":"SKIP","floor":37.0},{"not_picked":["Blade Dance+1","Prepared","Deadly Poison+1"],"picked":"SKIP","floor":39.0},{"not_picked":["Malaise","Venomology"],"picked":"After Image+1","floor":40.0},{"not_picked":["Deflect","Cloak And Dagger+1"],"picked":"Escape Plan+1","floor":41.0},{"not_picked":["Die Die Die","Burst"],"picked":"After Image+1","floor":42.0},{"not_picked":["Phantasmal Killer+1","Venomology+1"],"picked":"Storm of Steel+1","floor":44.0},{"not_picked":["Venomology+1","Storm of Steel+1"],"picked":"Night Terror+1","floor":46},{"not_picked":["Terror+1","Flying Knee+1"],"picked":"Backflip+1","floor":47},{"not_picked":["Blade Dance+1","Sucker Punch+1"],"picked":"Dodge and Roll+1","floor":49}],"player_experience":2595721,"relics_obtained":[{"floor":6.0,"key":"Letter Opener"},{"floor":8.0,"key":"Orichalcum"},{"floor":9.0,"key":"Strawberry"},{"floor":11.0,"key":"Frozen Egg 2"},{"floor":14.0,"key":"Bronze Scales"},{"floor":23.0,"key":"Bottled Lightning"},{"floor":25.0,"key":"Whetstone"},{"floor":26.0,"key":"Dream Catcher"},{"floor":27.0,"key":"MawBank"},{"floor":29.0,"key":"Sundial"},{"floor":30.0,"key":"Bag of Marbles"},{"floor":40.0,"key":"Snake Skull"},{"floor":40.0,"key":"The Courier"},{"floor":42.0,"key":"Pantograph"},{"floor":42.0,"key":"Toxic Egg 2"},{"floor":43.0,"key":"Darkstone Periapt"},{"floor":44.0,"key":"Happy Flower"},{"floor":44.0,"key":"Anchor"},{"floor":46,"key":"Girya"},{"floor":46,"key":"Singing Bowl"}],"event_choices":[{"damage_healed":0.0,"max_hp_gain":0.0,"max_hp_loss":0.0,"gold_gain":50.0,"event_name":"Golden Shrine","player_choice":"Pray","floor":3.0,"gold_loss":0.0,"damage_taken":0.0},{"damage_healed":0.0,"max_hp_gain":0.0,"max_hp_loss":0.0,"gold_gain":0.0,"event_name":"Cursed Tome","player_choice":"Ignored","floor":19.0,"gold_loss":0.0,"damage_taken":0.0},{"damage_healed":0.0,"max_hp_gain":0.0,"max_hp_loss":0.0,"gold_gain":0.0,"event_name":"Accursed Blacksmith","player_choice":"Forge","floor":38.0,"gold_loss":0.0,"damage_taken":0.0,"cards_upgraded":["Cloak And Dagger"]},{"damage_healed":0,"gold_gain":0,"player_choice":"Paid","damage_taken":0,"relics_obtained":["Red Mask"],"max_hp_gain":0,"max_hp_loss":0,"event_name":"Tomb of Lord Red Mask","floor":48,"gold_loss":4}],"is_beta":false,"boss_relics":[{"not_picked":["Orrery","Calling Bell"],"picked":"Ectoplasm"},{"not_picked":["Velvet Choker","Busted Crown"],"picked":"Black Star"}],"items_purged_floors":[],"is_endless":false,"potions_floor_spawned":[1,5,13,14,16,21,25,29,31,35,40,46],"ascension_level":20}