{"gold_per_floor":[112,128,128,128,145,145,100,127,127,127,137,162,162],"floor_reached":13,"playtime":353,"items_purged":[],"score":190,"play_id":"2c82079a-5040-420e-92d2-f36d9a8ad2e8","local_time":"25620120172640","is_ascension_mode":true,"campfire_choices":[{"data":"ReplayTheSpireMod:Strike From Hell","floor":6,"key":"SMITH"},{"data":"True Grit","floor":10,"key":"SMITH"}],"neow_cost":"NONE","seed_source_timestamp":22192668778365,"circlet_count":0,"master_deck":["AscendersBane","Strike_R","Strike_R","Strike_R","Strike_R","Strike_R","Defend_R","Defend_R","Defend_R","Defend_R","Bash+1","Headbutt","Disarm","ReplayTheSpireMod:Strike From Hell+1","Abandon","True Grit+1","Infernal Blade","Sentinel"],"relics":["Burning Blood","NeowsBlessing","hubris:OldNail","Centennial Puzzle","infinitespire:Lychee Nut","Shuriken"],"potions_floor_usage":[7,8],"damage_taken":[{"damage":0,"enemies":"Cultist","floor":1,"turns":1},{"damage":0,"enemies":"Small Slimes","floor":2,"turns":1},{"damage":0,"enemies":"2 Louse","floor":5,"turns":1},{"damage":34,"enemies":"Exordium Thugs","floor":7,"turns":5},{"damage":32,"enemies":"Gremlin Nob","floor":8,"turns":4},{"damage":1,"enemies":"2 Fungi Beasts","floor":11,"turns":4},{"damage":24,"enemies":"Lagavulin","floor":12,"turns":5},{"damage":17,"enemies":"Lagavulin Event","floor":13,"turns":3}],"seed_played":"-989479743254515296","potions_obtained":[{"floor":1,"key":"Energy Potion"},{"floor":2,"key":"Milkshake"},{"floor":11,"key":"Fire Potion"}],"is_trial":false,"path_per_floor":["M","M","?","?","M","R","M","E","T","R","M","E","?"],"character_chosen":"IRONCLAD","items_purchased":[],"campfire_rested":0,"item_purchase_floors":[],"current_hp_per_floor":[74,75,75,75,75,75,47,21,21,21,32,20,8],"gold":162,"neow_bonus":"THREE_ENEMY_KILL","is_prod":false,"is_daily":false,"chose_seed":false,"campfire_upgraded":2,"win_rate":0,"timestamp":1547980000,"path_taken":["M","?","?","?","M","R","M","E","T","R","?","E","?"],"build_version":"2019-01-17v2","purchased_purges":0,"victory":false,"max_hp_per_floor":[75,75,75,75,75,75,75,75,56,56,56,56,56],"card_choices":[{"not_picked":["Clash","Feel No Pain"],"picked":"Headbutt","floor":1},{"not_picked":["Run Through","Rupture"],"picked":"Disarm","floor":2},{"not_picked":["Perfected Strike","Cleave"],"picked":"ReplayTheSpireMod:Strike From Hell","floor":5},{"not_picked":["Body Slam","ReplayTheSpireMod:Limb From Limb"],"picked":"Abandon","floor":7},{"not_picked":["Evolve","ReplayTheSpireMod:LeadingStrike"],"picked":"True Grit","floor":8},{"not_picked":["Thunderclap","Warcry"],"picked":"Infernal Blade","floor":11},{"not_picked":["hubris:SharpeningStone","ReplayTheSpireMod:Strike From Hell"],"picked":"Sentinel","floor":12}],"player_experience":253263,"relics_obtained":[{"floor":3,"key":"hubris:OldNail"},{"floor":8,"key":"Centennial Puzzle"},{"floor":9,"key":"infinitespire:Lychee Nut"},{"floor":12,"key":"Shuriken"}],"event_choices":[{"damage_healed":0,"gold_gain":0,"player_choice":"Searched \u00271\u0027 times","damage_taken":0,"max_hp_gain":0,"max_hp_loss":0,"event_name":"Dead Adventurer","floor":13,"gold_loss":0}],"is_beta":false,"boss_relics":[],"items_purged_floors":[],"is_endless":false,"potions_floor_spawned":[1,2,11],"killed_by":"Lagavulin Event","ascension_level":20}