{"gold_per_floor":[166,166,14,33,52,86,86,57,57,57,71,96,108,23,23,97,97,117,70,70,70,80,80,100,100,100,100,113,113],"floor_reached":29,"playtime":1493,"items_purged":["Strike_G"],"score":570,"play_id":"1c4d4cfc-89f4-4df6-8789-98ff0957e287","local_time":"20181201025122","is_ascension_mode":true,"campfire_choices":[{"data":"Neutralize","floor":7.0,"key":"SMITH"},{"floor":10.0,"key":"REST"},{"data":"Bouncing Flask","floor":15.0,"key":"SMITH"},{"floor":23,"key":"REST"},{"floor":25,"key":"REST"},{"data":"Acrobatics","floor":27,"key":"SMITH"}],"neow_cost":"NONE","seed_source_timestamp":16152988352888,"circlet_count":0,"master_deck":["AscendersBane","Defend_G","Defend_G","Defend_G","Defend_G","Defend_G","Strike_G+1","Strike_G","Strike_G","Survivor","Neutralize+1","Quick Slash","Predator","Footwork","Dash","Tools of the Trade","Acrobatics+1","Bouncing Flask+1","Poisoned Stab","Adrenaline","Blur","Malaise","Acrobatics","Blade Dance","Slice","Infinite Blades"],"special_seed":0,"relics":["Tiny House","Bottled Flame","Kunai","Dream Catcher","Sozu","Nilry\u0027s Codex","Letter Opener"],"potions_floor_usage":[22,22],"damage_taken":[{"damage":7.0,"enemies":"Jaw Worm","floor":1.0,"turns":6.0},{"damage":1.0,"enemies":"Cultist","floor":4.0,"turns":4.0},{"damage":1.0,"enemies":"2 Louse","floor":5.0,"turns":2.0},{"damage":39.0,"enemies":"Gremlin Nob","floor":6.0,"turns":6.0},{"damage":22.0,"enemies":"Lots of Slimes","floor":11.0,"turns":5.0},{"damage":7.0,"enemies":"Lagavulin","floor":12.0,"turns":9.0},{"damage":0.0,"enemies":"Blue Slaver","floor":13.0,"turns":4.0},{"damage":0.0,"enemies":"Hexaghost","floor":16.0,"turns":10.0},{"damage":3.0,"enemies":"Shell Parasite","floor":18.0,"turns":9.0},{"damage":17.0,"enemies":"2 Thieves","floor":19.0,"turns":5.0},{"damage":15,"enemies":"Cultist and Chosen","floor":22,"turns":9},{"damage":21,"enemies":"Snecko","floor":24,"turns":9},{"damage":0,"enemies":"Centurion and Healer","floor":28,"turns":7},{"damage":28,"enemies":"Gremlin Leader","floor":29,"turns":7}],"seed_played":"-8246977606365802020","potions_obtained":[{"floor":0.0,"key":"GamblersBrew"},{"floor":4.0,"key":"SkillPotion"},{"floor":11.0,"key":"Explosive Potion"},{"floor":12.0,"key":"Fruit Juice"},{"floor":16.0,"key":"SteroidPotion"}],"is_trial":false,"path_per_floor":["M","?","$","M","M","E","R","$","T","R","M","E","M","$","R","B",null,"M","M","?","?","M","R","M","R","T","R","M","E"],"character_chosen":"THE_SILENT","items_purchased":["Footwork","Acrobatics","GhostInAJar"],"campfire_rested":3,"item_purchase_floors":[3,8,14],"current_hp_per_floor":[57,57,57,56,55,16,16,16,16,37,15,13,13,13,13,13,60,57,40,19,19,4,26,5,27,27,27,27,0],"gold":113,"neow_bonus":"BOSS_RELIC","is_prod":false,"is_daily":false,"chose_seed":false,"campfire_upgraded":3,"win_rate":0,"timestamp":1543603882,"path_taken":["M","?","$","M","M","E","R","$","T","R","M","E","M","?","R","BOSS","M","M","?","?","M","R","M","R","T","R","?","E"],"build_version":"2018-11-15","purchased_purges":1,"victory":false,"max_hp_per_floor":[71,71,71,71,71,71,71,71,71,71,71,76,76,76,76,76,76,76,76,76,76,76,76,76,76,76,76,76,76],"card_choices":[{"not_picked":["Endless Agony","Acrobatics"],"picked":"Quick Slash","floor":0.0},{"not_picked":["Blade Dance","Slice"],"picked":"Predator","floor":1.0},{"not_picked":["Outmaneuver","Footwork","Dagger Throw"],"picked":"SKIP","floor":4.0},{"not_picked":["Crippling Poison","Bullet Time"],"picked":"Dash","floor":5.0},{"not_picked":["Bane","Blur"],"picked":"Tools of the Trade","floor":6.0},{"not_picked":["Bane","Slice"],"picked":"Bouncing Flask","floor":11.0},{"not_picked":["Dodge and Roll","Sucker Punch","Quick Slash"],"picked":"SKIP","floor":12.0},{"not_picked":["Deadly Poison","Setup"],"picked":"Poisoned Stab","floor":13.0},{"not_picked":["Bullet Time","Malaise"],"picked":"Adrenaline","floor":16.0},{"not_picked":["Blade Dance","Dagger Throw","Quick Slash"],"picked":"SKIP","floor":18.0},{"not_picked":["Blade Dance","Dagger Throw","Quick Slash"],"picked":"SKIP","floor":18.0},{"not_picked":["Dagger Spray","Poisoned Stab","Concentrate"],"picked":"SKIP","floor":19.0},{"not_picked":["All Out Attack","PiercingWail"],"picked":"Acrobatics","floor":22},{"not_picked":["Acrobatics","PiercingWail"],"picked":"Blade Dance","floor":23},{"not_picked":["Grand Finale","Footwork"],"picked":"Slice","floor":24},{"not_picked":["Cloak And Dagger","Flying Knee+1"],"picked":"Infinite Blades","floor":28}],"player_experience":2229059,"relics_obtained":[{"floor":6.0,"key":"Bottled Flame"},{"floor":9.0,"key":"Kunai"},{"floor":12.0,"key":"Dream Catcher"},{"floor":20.0,"key":"Nilry\u0027s Codex"},{"floor":26,"key":"Letter Opener"}],"event_choices":[{"cards_removed":["Strike_G"],"damage_healed":0.0,"max_hp_gain":0.0,"max_hp_loss":0.0,"gold_gain":0.0,"event_name":"Purifier","player_choice":"Purged","floor":2.0,"gold_loss":0.0,"damage_taken":0.0},{"damage_healed":0.0,"max_hp_gain":0.0,"max_hp_loss":0.0,"gold_gain":0.0,"event_name":"Cursed Tome","player_choice":"Obtained Book","floor":20.0,"gold_loss":0.0,"damage_taken":21.0},{"damage_healed":0.0,"max_hp_gain":0.0,"max_hp_loss":0.0,"gold_gain":0.0,"event_name":"Match and Keep!","player_choice":"2 cards matched","floor":21.0,"gold_loss":0.0,"damage_taken":0.0,"cards_obtained":["Blur","Malaise"]}],"is_beta":false,"boss_relics":[{"not_picked":["Ectoplasm","Calling Bell"],"picked":"Sozu"}],"items_purged_floors":[3],"is_endless":false,"potions_floor_spawned":[4,11,12,16,19,24,28],"killed_by":"Gremlin Leader","ascension_level":20}