{"gold_per_floor":[112,112,57,76,86,111,111,136,136,151,182,182,200,226,226,303,303,317,317,317,98,115,115,142,154,219,266,278,324,364,396,408,498,510,538,600,632,677,689,738,750,787,799,841,873,885,923,502,502,502,502,502,502,189,220,220],"floor_reached":57,"playtime":3522,"items_purged":[],"score":3529,"play_id":"c815d205-843e-44fb-a75a-8e5b5fde8136","local_time":"20190130212127","daily_mods":["SealedDeck","DeadlyEvents","Elite Swarm"],"is_ascension_mode":true,"campfire_choices":[{"data":"Creative AI","floor":7.0,"key":"SMITH"},{"data":"Go for the Eyes","floor":12.0,"key":"SMITH"},{"data":"Biased Cognition","floor":15.0,"key":"SMITH"},{"data":"Fission","floor":23.0,"key":"SMITH"},{"data":"Buffer","floor":25.0,"key":"SMITH"},{"data":"Electrodynamics","floor":32.0,"key":"SMITH"},{"data":"Multi-Cast","floor":41,"key":"SMITH"},{"data":"Buffer","floor":46,"key":"SMITH"},{"floor":49,"key":"RECALL"},{"data":"Creative AI","floor":53,"key":"SMITH"}],"neow_cost":"","seed_source_timestamp":0,"circlet_count":0,"master_deck":["AscendersBane","Hologram","Go for the Eyes+1","Doom and Gloom","Conserve Battery","Glacier","Ball Lightning","Coolheaded","Cold Snap","Cold Snap","Creative AI+1","Rainbow","Biased Cognition+1","Fission+1","Genetic Algorithm","Buffer+1","Echo Form","Electrodynamics+1","Self Repair+1","Multi-Cast+1","Buffer+1","Reinforced Body+1","Creative AI+1","Capacitor","Leap","Capacitor","Stack","Seek"],"special_seed":0,"relics":["Cracked Core","Omamori","Bottled Flame","Oddly Smooth Stone","Shuriken","Matryoshka","Cursed Key","Runic Capacitor","MawBank","Happy Flower","Tiny Chest","Singing Bowl","Ginger","Sundial","Black Star","Blue Candle","DataDisk","Letter Opener","Strawberry","Kunai","Pocketwatch","Cables","Mummified Hand","Dead Branch","Incense Burner","Smiling Mask","Medical Kit","Anchor","Mango","Bird Faced Urn"],"potions_floor_usage":[44,51,56,56],"damage_taken":[{"damage":5.0,"enemies":"Jaw Worm","floor":1.0,"turns":3.0},{"damage":0.0,"enemies":"Cultist","floor":4.0,"turns":3.0},{"damage":0.0,"enemies":"2 Louse","floor":5.0,"turns":3.0},{"damage":7.0,"enemies":"3 Sentries","floor":6.0,"turns":7.0},{"damage":14.0,"enemies":"Gremlin Nob","floor":8.0,"turns":4.0},{"damage":0.0,"enemies":"Red Slaver","floor":10.0,"turns":4.0},{"damage":0.0,"enemies":"Lagavulin","floor":11.0,"turns":8.0},{"damage":8.0,"enemies":"Lots of Slimes","floor":13.0,"turns":3.0},{"damage":3.0,"enemies":"Gremlin Nob","floor":14.0,"turns":4.0},{"damage":8.0,"enemies":"Hexaghost","floor":16.0,"turns":8.0},{"damage":6.0,"enemies":"Shell Parasite","floor":18.0,"turns":5.0},{"damage":0.0,"enemies":"3 Byrds","floor":22.0,"turns":4.0},{"damage":15.0,"enemies":"Gremlin Leader","floor":24.0,"turns":5.0},{"damage":0.0,"enemies":"Book of Stabbing","floor":27.0,"turns":6.0},{"damage":3.0,"enemies":"Gremlin Leader","floor":29.0,"turns":6.0},{"damage":7.0,"enemies":"Slavers","floor":30.0,"turns":6.0},{"damage":0.0,"enemies":"Snecko","floor":31.0,"turns":4.0},{"damage":17.0,"enemies":"Collector","floor":33.0,"turns":7.0},{"damage":2.0,"enemies":"3 Darklings","floor":35.0,"turns":6.0},{"damage":0.0,"enemies":"Orb Walker","floor":37.0,"turns":1.0},{"damage":0.0,"enemies":"Giant Head","floor":38.0,"turns":11.0},{"damage":9.0,"enemies":"Reptomancer","floor":40.0,"turns":5.0},{"damage":0,"enemies":"Giant Head","floor":42,"turns":9},{"damage":36,"enemies":"Nemesis","floor":44,"turns":7},{"damage":20,"enemies":"3 Darklings","floor":45,"turns":3},{"damage":0,"enemies":"Reptomancer","floor":47,"turns":5},{"damage":0,"enemies":"Donu and Deca","floor":50,"turns":4},{"damage":16,"enemies":"Awakened One","floor":51,"turns":11},{"damage":0,"enemies":"Shield and Spear","floor":55,"turns":7},{"damage":8,"enemies":"The Heart","floor":56,"turns":9}],"seed_played":"-6082195017786651568","potions_obtained":[{"floor":4.0,"key":"SteroidPotion"},{"floor":8.0,"key":"Strength Potion"},{"floor":13.0,"key":"FocusPotion"},{"floor":29.0,"key":"Regen Potion"},{"floor":30.0,"key":"EssenceOfSteel"},{"floor":33.0,"key":"AttackPotion"},{"floor":47,"key":"FearPotion"}],"is_trial":true,"path_per_floor":["M","?","$","M","M","E","R","E","T","M","E","R","M","E","R","B",null,"M","$","?","$","M","R","E","R","T","E","$","E","E","M","R","B",null,"M","?","M","E","$","E","R","E","T","E","M","R","E","$","R","B","B",null,"R","$","E","B",null],"character_chosen":"DEFECT","items_purchased":["PowerPotion","Runic Capacitor","Capacitor","FocusPotion","Leap","Medical Kit","Anchor","Capacitor","Block Potion","Stack"],"campfire_rested":0,"item_purchase_floors":[3,21,48,48,48,48,54,54,54,54],"current_hp_per_floor":[59,59,59,59,59,52,52,38,38,38,38,38,30,27,27,19,58,52,52,52,52,52,52,37,37,37,37,37,34,44,44,44,39,66,77,77,79,81,81,88,88,90,90,64,44,44,54,54,54,64,68,85,85,85,104,104],"gold":220,"neow_bonus":"","is_prod":false,"is_daily":false,"chose_seed":false,"campfire_upgraded":9,"win_rate":0,"timestamp":1548912087,"path_taken":["M","?","$","M","M","E","R","E","T","M","E","R","M","E","R","BOSS","M","$","?","?","M","R","E","R","T","E","$","E","?","M","R","BOSS","M","?","M","?","$","E","R","E","T","E","M","R","E","$","R","BOSS","BOSS","R","$","E","BOSS"],"build_version":"2019-01-23","purchased_purges":0,"victory":true,"max_hp_per_floor":[71,71,71,71,71,71,71,71,71,71,71,71,71,71,71,71,71,71,71,71,71,71,71,71,71,71,71,71,71,73,73,73,75,75,77,77,79,81,81,88,88,90,90,90,90,90,90,90,90,90,90,90,90,90,104,104],"card_choices":[{"not_picked":["Go for the Eyes","Cold Snap","Conserve Battery"],"picked":"SKIP","floor":1.0},{"not_picked":["Ball Lightning","Storm","Go for the Eyes"],"picked":"SKIP","floor":4.0},{"not_picked":["Auto Shields","Sweeping Beam","Ball Lightning"],"picked":"SKIP","floor":5.0},{"not_picked":["Seek","Multi-Cast"],"picked":"Creative AI","floor":6.0},{"not_picked":["Hyperbeam","Reboot"],"picked":"Rainbow","floor":8.0},{"not_picked":["Ball Lightning","Cold Snap","Double Energy"],"picked":"SKIP","floor":10.0},{"not_picked":["Seek","Thunder Strike"],"picked":"Biased Cognition","floor":11.0},{"not_picked":["Coolheaded","Leap","Go for the Eyes"],"picked":"SKIP","floor":13.0},{"not_picked":["Reboot","All For One","Seek"],"picked":"SKIP","floor":14.0},{"not_picked":["Creative AI","Meteor Strike"],"picked":"Fission","floor":16.0},{"not_picked":["Loop","Chill+1"],"picked":"Genetic Algorithm","floor":18.0},{"not_picked":["Doom and Gloom","Go for the Eyes","Turbo"],"picked":"SKIP","floor":22.0},{"not_picked":["Creative AI","Thunder Strike"],"picked":"Buffer","floor":24.0},{"not_picked":["Buffer","Machine Learning"],"picked":"Echo Form","floor":27.0},{"not_picked":["Machine Learning","Rainbow"],"picked":"Electrodynamics","floor":29.0},{"not_picked":["Amplify","Echo Form","Buffer"],"picked":"Singing Bowl","floor":30.0},{"not_picked":["Ball Lightning","Redo"],"picked":"Self Repair+1","floor":31.0},{"not_picked":["Amplify","Biased Cognition","Reboot"],"picked":"Singing Bowl","floor":33.0},{"not_picked":["Gash","Ball Lightning+1","Scrape"],"picked":"Singing Bowl","floor":35.0},{"not_picked":["White Noise","Ball Lightning+1","Fusion+1"],"picked":"Singing Bowl","floor":37.0},{"not_picked":["All For One","Electrodynamics","Machine Learning"],"picked":"Singing Bowl","floor":38.0},{"not_picked":["Echo Form","Rainbow"],"picked":"Multi-Cast","floor":40},{"not_picked":["All For One","Meteor Strike","Echo Form"],"picked":"Singing Bowl","floor":42},{"not_picked":["Core Surge","Reboot"],"picked":"Buffer","floor":44},{"not_picked":["Go for the Eyes","Steam Power"],"picked":"Reinforced Body+1","floor":45},{"not_picked":["Echo Form","Machine Learning"],"picked":"Creative AI","floor":47},{"not_picked":["Buffer","Amplify"],"picked":"Seek","floor":55}],"player_experience":2103737,"relics_obtained":[{"floor":6.0,"key":"Omamori"},{"floor":8.0,"key":"Bottled Flame"},{"floor":9.0,"key":"Oddly Smooth Stone"},{"floor":11.0,"key":"Shuriken"},{"floor":14.0,"key":"Matryoshka"},{"floor":24.0,"key":"MawBank"},{"floor":26.0,"key":"Happy Flower"},{"floor":26.0,"key":"Tiny Chest"},{"floor":27.0,"key":"Singing Bowl"},{"floor":29.0,"key":"Ginger"},{"floor":30.0,"key":"Sundial"},{"floor":38.0,"key":"Blue Candle"},{"floor":38.0,"key":"DataDisk"},{"floor":40,"key":"Letter Opener"},{"floor":40,"key":"Strawberry"},{"floor":42,"key":"Kunai"},{"floor":42,"key":"Pocketwatch"},{"floor":43,"key":"Cables"},{"floor":44,"key":"Mummified Hand"},{"floor":44,"key":"Dead Branch"},{"floor":47,"key":"Incense Burner"},{"floor":47,"key":"Smiling Mask"},{"floor":55,"key":"Mango"},{"floor":55,"key":"Bird Faced Urn"}],"event_choices":[{"damage_healed":0.0,"max_hp_gain":0.0,"max_hp_loss":0.0,"gold_gain":0.0,"event_name":"Purifier","player_choice":"Ignored","floor":2.0,"gold_loss":0.0,"damage_taken":0.0},{"cards_removed":["Chill"],"damage_healed":0.0,"max_hp_gain":0.0,"max_hp_loss":0.0,"gold_gain":0.0,"event_name":"Back to Basics","player_choice":"Elegance","floor":20.0,"gold_loss":0.0,"damage_taken":0.0},{"damage_healed":0.0,"max_hp_gain":0.0,"max_hp_loss":0.0,"gold_gain":50.0,"event_name":"Golden Shrine","player_choice":"Pray","floor":36.0,"gold_loss":0.0,"damage_taken":0.0}],"is_beta":false,"boss_relics":[{"not_picked":["Orrery","Coffee Dripper"],"picked":"Cursed Key"},{"not_picked":["Runic Pyramid","Runic Dome"],"picked":"Black Star"}],"items_purged_floors":[],"is_endless":false,"potions_floor_spawned":[4,8,10,13,22,29,30,33,37,38,47,55],"ascension_level":20}