{"gold_per_floor":[110,120,133,133,147,72,99,99,99,112,144,94,121,136,136,237,287,303,303,316,12,27,27],"floor_reached":23,"playtime":891,"items_purged":["Strike_R","Strike_R","Writhe"],"score":234,"play_id":"411bb21c-aad1-4ee3-a16f-30a7ceb09aca","local_time":"25610720184559","is_ascension_mode":true,"campfire_choices":[{"data":"Carnage","floor":8,"key":"SMITH"},{"data":"Armaments","floor":15,"key":"SMITH"}],"neow_cost":"NONE","seed_source_timestamp":27011622342254,"circlet_count":0,"master_deck":["Strike_R","Strike_R","Strike_R","Defend_R+1","Defend_R+1","Defend_R+1","Bash","Metallicize","Carnage+1","Ghostly Armor","Limit Break","Armaments+1","Carnage","Double Tap","Warcry+1","Headbutt+1"],"relics":["Burning Blood","Smiling Mask","Shuriken","War Paint","Meat on the Bone","Tiny House","Blue Candle","Molten Egg 2"],"potions_floor_usage":[7,7,7,7,7,14,16,18,18,20,22,23,23],"damage_taken":[{"damage":2,"enemies":"2 Louse","floor":1,"turns":3},{"damage":6,"enemies":"Cultist","floor":2,"turns":4},{"damage":10,"enemies":"Small Slimes","floor":3,"turns":3},{"damage":11,"enemies":"3 Louse","floor":5,"turns":3},{"damage":13,"enemies":"Gremlin Nob","floor":7,"turns":5},{"damage":35,"enemies":"Exordium Thugs","floor":10,"turns":6},{"damage":8,"enemies":"3 Sentries","floor":11,"turns":8},{"damage":18,"enemies":"Gremlin Nob","floor":13,"turns":4},{"damage":12,"enemies":"Large Slime","floor":14,"turns":6},{"damage":34,"enemies":"The Guardian","floor":16,"turns":12},{"damage":41,"enemies":"3 Byrds","floor":18,"turns":8},{"damage":30,"enemies":"2 Thieves","floor":20,"turns":5},{"damage":50,"enemies":"Slaver and Parasite","floor":22,"turns":6},{"damage":47,"enemies":"Gremlin Leader","floor":23,"turns":6}],"seed_played":"6710677361860682422","potions_obtained":[{"floor":1,"key":"AttackPotion"},{"floor":2,"key":"EntropicBrew"},{"floor":13,"key":"AttackPotion"},{"floor":14,"key":"Dexterity Potion"},{"floor":16,"key":"SteroidPotion"},{"floor":17,"key":"EntropicBrew"},{"floor":20,"key":"Regen Potion"},{"floor":22,"key":"Weak Potion"}],"is_trial":false,"path_per_floor":["M","M","M","?","M","$","E","R","T","M","E","$","E","M","R","B",null,"M","?","M","$","M"],"character_chosen":"IRONCLAD","items_purchased":["Molten Egg 2"],"campfire_rested":0,"item_purchase_floors":[21],"current_hp_per_floor":[88,88,84,84,79,79,81,81,81,52,50,50,38,44,44,28,93,58,58,46,46,29,0],"gold":27,"neow_bonus":"TEN_PERCENT_HP_BONUS","is_prod":false,"is_daily":false,"chose_seed":false,"campfire_upgraded":2,"win_rate":0,"timestamp":1532087159,"path_taken":["M","M","M","?","M","$","E","R","T","?","E","?","E","M","R","BOSS","M","?","M","$","M","E"],"build_version":"2018-07-19v2","purchased_purges":3,"victory":false,"max_hp_per_floor":[88,88,88,88,88,88,88,88,88,88,88,88,88,88,88,88,93,93,93,93,93,93,93],"card_choices":[{"not_picked":["Searing Blow","Shrug It Off"],"picked":"Metallicize","floor":1},{"not_picked":["Headbutt","Uppercut"],"picked":"Carnage","floor":2},{"not_picked":["Pommel Strike","Hemokinesis"],"picked":"Ghostly Armor","floor":3},{"not_picked":["Clash","Wild Strike","Havoc"],"picked":"SKIP","floor":5},{"not_picked":["Headbutt","Flex"],"picked":"Limit Break","floor":7},{"not_picked":["Anger","Iron Wave","Disarm"],"picked":"SKIP","floor":10},{"not_picked":["Clash","Dual Wield","True Grit"],"picked":"SKIP","floor":11},{"not_picked":["Battle Trance","Havoc"],"picked":"Armaments","floor":13},{"not_picked":["Pommel Strike","Hemokinesis"],"picked":"Carnage","floor":14},{"not_picked":["Fiend Fire","Feed"],"picked":"Double Tap","floor":16},{"not_picked":["Clothesline","Inflame"],"picked":"Warcry+1","floor":18},{"not_picked":["Pummel","True Grit"],"picked":"Headbutt+1","floor":20},{"not_picked":["Battle Trance","Perfected Strike+1","Dropkick+1"],"picked":"SKIP","floor":22}],"player_experience":99086,"relics_obtained":[{"floor":7,"key":"Smiling Mask"},{"floor":9,"key":"Shuriken"},{"floor":11,"key":"War Paint"},{"floor":13,"key":"Meat on the Bone"}],"event_choices":[{"event_name":"Living Wall","player_choice":"Forget","floor":4,"damage_taken":0},{"event_name":"The Mausoleum","player_choice":"Yes","floor":19,"damage_taken":0}],"is_beta":false,"boss_relics":[{"not_picked":["White Beast Statue","Runic Dome"],"picked":"Tiny House"}],"items_purged_floors":[6,12,21],"is_endless":false,"potions_floor_spawned":[1,2,13,14,16,20,22],"killed_by":"Gremlin Leader","ascension_level":2}