{"gold_per_floor":[139,157,157,173,173,204,224,224,224,224,239,270,17,50,50,126,126,140,140,153,53,53,53,53,71,124,150,150,169,169,203,203,276,276,296,315,18,18,18,18,33,255,302,152,169,202,302,321,321,321,321,321,321,93,118,118],"floor_reached":57,"playtime":4253,"items_purged":["Strike_G","Strike_G","Bane","Glass Knife","Grand Finale"],"score":2961,"play_id":"38e04dfb-0287-4ce6-a73d-5ccd1c76909b","local_time":"20190405031708","is_ascension_mode":true,"campfire_choices":[{"data":"Flechettes","floor":8.0,"key":"SMITH"},{"data":"Neutralize","floor":15.0,"key":"SMITH"},{"data":"Acrobatics","floor":24.0,"key":"SMITH"},{"floor":28.0,"key":"REST"},{"data":"Calculated Gamble","floor":30.0,"key":"SMITH"},{"data":"Tactician","floor":32.0,"key":"SMITH"},{"floor":40.0,"key":"RECALL"},{"data":"Grand Finale","floor":49.0,"key":"SMITH"},{"floor":53.0,"key":"REST"}],"neow_cost":"TEN_PERCENT_HP_LOSS","seed_source_timestamp":0,"circlet_count":0,"master_deck":["AscendersBane","Survivor","Neutralize+1","Magnetism+1","Bouncing Flask","Acrobatics+1","Grand Finale+1","Calculated Gamble+1","After Image+1","Forethought+1","Backstab+1","Backflip","Escape Plan","Tactician+1","Wraith Form v2+1","Noxious Fumes+1","Storm of Steel","Infinite Blades+1","Blade Dance"],"special_seed":0,"relics":["Ring of the Snake","Regal Pillow","Gambling Chip","Frozen Egg 2","Astrolabe","Girya","Pen Nib","Unceasing Top","Red Mask","Pandora\u0027s Box","Omamori","Potion Belt","Lantern","Molten Egg 2","Mango","Snake Skull"],"potions_floor_usage":[56,56,56,56],"damage_taken":[{"damage":6.0,"enemies":"Jaw Worm","floor":1.0,"turns":9.0},{"damage":7.0,"enemies":"Small Slimes","floor":2.0,"turns":5.0},{"damage":0.0,"enemies":"Cultist","floor":4.0,"turns":4.0},{"damage":6.0,"enemies":"Gremlin Nob","floor":6.0,"turns":3.0},{"damage":7.0,"enemies":"2 Fungi Beasts","floor":7.0,"turns":4.0},{"damage":4.0,"enemies":"Large Slime","floor":11.0,"turns":4.0},{"damage":9.0,"enemies":"Lagavulin","floor":12.0,"turns":6.0},{"damage":27.0,"enemies":"3 Sentries","floor":14.0,"turns":6.0},{"damage":0.0,"enemies":"Hexaghost","floor":16.0,"turns":9.0},{"damage":0.0,"enemies":"3 Byrds","floor":18.0,"turns":4.0},{"damage":7.0,"enemies":"2 Thieves","floor":20.0,"turns":2.0},{"damage":6.0,"enemies":"Snake Plant","floor":25.0,"turns":3.0},{"damage":24.0,"enemies":"Gremlin Leader","floor":27.0,"turns":6.0},{"damage":6.0,"enemies":"Cultist and Chosen","floor":29.0,"turns":3.0},{"damage":0.0,"enemies":"Masked Bandits","floor":31.0,"turns":1.0},{"damage":8.0,"enemies":"Automaton","floor":33.0,"turns":12.0},{"damage":0.0,"enemies":"3 Shapes","floor":35.0,"turns":1.0},{"damage":0.0,"enemies":"Orb Walker","floor":36.0,"turns":1.0},{"damage":0.0,"enemies":"4 Shapes","floor":41.0,"turns":1.0},{"damage":0.0,"enemies":"Sphere and 2 Shapes","floor":45.0,"turns":1.0},{"damage":4.0,"enemies":"Reptomancer","floor":46.0,"turns":3.0},{"damage":0.0,"enemies":"Mind Bloom Boss Battle","floor":47.0,"turns":3.0},{"damage":14.0,"enemies":"Maw","floor":48.0,"turns":7.0},{"damage":0.0,"enemies":"Awakened One","floor":50.0,"turns":5.0},{"damage":51.0,"enemies":"Time Eater","floor":51.0,"turns":8.0},{"damage":9.0,"enemies":"Shield and Spear","floor":55.0,"turns":5.0},{"damage":33,"enemies":"The Heart","floor":56,"turns":6}],"seed_played":"1279747045635752623","potions_obtained":[{"floor":4.0,"key":"Strength Potion"},{"floor":5.0,"key":"SmokeBomb"},{"floor":5.0,"key":"FearPotion"},{"floor":11.0,"key":"SkillPotion"},{"floor":14.0,"key":"SneckoOil"},{"floor":16.0,"key":"EssenceOfSteel"},{"floor":18.0,"key":"Swift Potion"},{"floor":25.0,"key":"PowerPotion"},{"floor":29.0,"key":"SteroidPotion"},{"floor":31.0,"key":"SpeedPotion"},{"floor":41.0,"key":"Poison Potion"},{"floor":45.0,"key":"LiquidBronze"},{"floor":46.0,"key":"Regen Potion"},{"floor":48.0,"key":"Dexterity Potion"},{"floor":55.0,"key":"Swift Potion"}],"is_trial":false,"path_per_floor":["M","M","?","M","?","E","M","R","T","?","M","E","$","E","R","B",null,"M","?","M","$","?","T","R","M","T","E","R","M","R","?","R","B",null,"M","M","$","?","?","R","M","?","T","$","M","E","?","M","R","B","B",null,"R","$","E","B",null],"character_chosen":"THE_SILENT","items_purchased":["Grand Finale","Omamori","PowerPotion"],"campfire_rested":2,"item_purchase_floors":[13,37,54],"current_hp_per_floor":[56,53,35,39,39,33,30,30,30,30,30,25,25,2,2,6,47,47,47,40,40,40,40,40,34,34,10,43,37,37,37,37,29,52,52,52,52,52,52,52,52,52,52,52,52,48,62,60,60,60,9,58,74,74,65,32],"gold":118,"neow_bonus":"RANDOM_COLORLESS_2","is_prod":false,"is_daily":false,"chose_seed":false,"campfire_upgraded":6,"win_rate":0,"timestamp":1554405428,"path_taken":["M","M","?","M","?","E","?","R","T","?","M","E","$","E","R","BOSS","M","?","M","$","?","?","R","M","T","E","R","M","R","?","R","BOSS","M","M","$","?","?","R","?","?","T","?","M","E","?","M","R","BOSS","BOSS","R","$","E","BOSS"],"build_version":"2019-01-23","purchased_purges":5,"victory":true,"max_hp_per_floor":[60,60,60,60,60,60,60,60,60,60,60,60,60,60,60,60,60,60,60,60,60,60,60,60,60,60,60,60,60,60,60,60,60,60,60,60,60,60,60,60,60,60,60,60,60,60,74,74,74,74,74,74,74,74,74,74],"card_choices":[{"not_picked":["Dagger Spray","Slice"],"picked":"Flechettes","floor":1.0},{"not_picked":["Outmaneuver","Deflect","Slice"],"picked":"SKIP","floor":2.0},{"not_picked":["Heel Hook","Dodge and Roll"],"picked":"Predator","floor":4.0},{"not_picked":["Backstab","Flying Knee","Masterful Stab"],"picked":"SKIP","floor":6.0},{"not_picked":["All Out Attack","Prepared","Storm of Steel"],"picked":"SKIP","floor":7.0},{"not_picked":["Dodge and Roll","Setup"],"picked":"Bouncing Flask","floor":11.0},{"not_picked":["Underhanded Strike","Blade Dance"],"picked":"Acrobatics","floor":12.0},{"not_picked":["Dodge and Roll","Infinite Blades"],"picked":"Calculated Gamble","floor":14.0},{"not_picked":["Grand Finale","Malaise"],"picked":"After Image+1","floor":16.0},{"not_picked":["Distraction","Masterful Stab"],"picked":"Backflip","floor":18.0},{"not_picked":["Riddle With Holes","Flechettes"],"picked":"Escape Plan","floor":20.0},{"not_picked":["Backflip","Backstab","Blur"],"picked":"SKIP","floor":25.0},{"not_picked":["Bane","Escape Plan","Dagger Spray"],"picked":"SKIP","floor":27.0},{"not_picked":["Venomology","Blade Dance","Outmaneuver"],"picked":"SKIP","floor":29.0},{"not_picked":["Malaise","Die Die Die"],"picked":"Wraith Form v2+1","floor":33.0},{"not_picked":["Backflip","Dodge and Roll","Crippling Poison"],"picked":"SKIP","floor":35.0},{"not_picked":["Sucker Punch","PiercingWail","Dagger Spray"],"picked":"SKIP","floor":36.0},{"not_picked":["Underhanded Strike","Flying Knee+1","Sucker Punch+1"],"picked":"SKIP","floor":41.0},{"not_picked":["Prepared","Sucker Punch+1","Blade Dance+1"],"picked":"SKIP","floor":45.0},{"not_picked":["Bane","Heel Hook","Caltrops+1"],"picked":"SKIP","floor":46.0},{"not_picked":["Bane","Heel Hook","Caltrops+1"],"picked":"SKIP","floor":46.0},{"not_picked":["Slice+1","Dagger Spray+1","Dodge and Roll"],"picked":"SKIP","floor":48.0},{"not_picked":["Dagger Throw+1","Quick Slash+1","Unload+1"],"picked":"SKIP","floor":55.0}],"player_experience":2927407,"relics_obtained":[{"floor":6.0,"key":"Regal Pillow"},{"floor":12.0,"key":"Gambling Chip"},{"floor":14.0,"key":"Frozen Egg 2"},{"floor":23.0,"key":"Girya"},{"floor":26.0,"key":"Pen Nib"},{"floor":27.0,"key":"Unceasing Top"},{"floor":31.0,"key":"Red Mask"},{"floor":43.0,"key":"Lantern"},{"floor":46.0,"key":"Molten Egg 2"},{"floor":47.0,"key":"Mango"},{"floor":55.0,"key":"Snake Skull"}],"event_choices":[{"damage_healed":0.0,"max_hp_gain":0.0,"max_hp_loss":0.0,"gold_gain":0.0,"event_name":"Shining Light","player_choice":"Entered Light","floor":3.0,"gold_loss":0.0,"damage_taken":18.0,"cards_upgraded":["Defend_G","Magnetism"]},{"damage_healed":0.0,"max_hp_gain":0.0,"max_hp_loss":0.0,"gold_gain":0.0,"event_name":"Lab","player_choice":"Got Potions","floor":5.0,"gold_loss":0.0,"damage_taken":0.0},{"damage_healed":0.0,"max_hp_gain":0.0,"max_hp_loss":0.0,"gold_gain":0.0,"event_name":"Liars Game","player_choice":"Ignored","floor":10.0,"gold_loss":0.0,"damage_taken":0.0},{"damage_healed":0.0,"max_hp_gain":0.0,"max_hp_loss":0.0,"gold_gain":0.0,"event_name":"The Mausoleum","player_choice":"Ignored","floor":19.0,"gold_loss":0.0,"damage_taken":0.0},{"damage_healed":0.0,"max_hp_gain":0.0,"max_hp_loss":0.0,"gold_gain":0.0,"event_name":"The Library","player_choice":"Read","floor":22.0,"gold_loss":0.0,"damage_taken":0.0,"cards_obtained":["Tactician"]},{"damage_healed":0.0,"max_hp_gain":0.0,"max_hp_loss":0.0,"gold_gain":0.0,"event_name":"Masked Bandits","player_choice":"Fought Bandits","floor":31.0,"gold_loss":0.0,"damage_taken":0.0},{"cards_removed":["Flechettes"],"damage_healed":0.0,"max_hp_gain":0.0,"max_hp_loss":0.0,"gold_gain":0.0,"event_name":"Falling","player_choice":"Removed Attack","floor":38.0,"gold_loss":0.0,"damage_taken":0.0},{"cards_removed":["Flying Knee"],"damage_healed":0.0,"max_hp_gain":0.0,"max_hp_loss":0.0,"gold_gain":0.0,"event_name":"WeMeetAgain","player_choice":"Gave Card","floor":39.0,"gold_loss":0.0,"damage_taken":0.0,"relics_obtained":["Potion Belt"]},{"damage_healed":0.0,"max_hp_gain":0.0,"max_hp_loss":0.0,"gold_gain":222.0,"event_name":"Tomb of Lord Red Mask","player_choice":"Wore Mask","floor":42.0,"gold_loss":0.0,"damage_taken":0.0},{"damage_healed":0.0,"max_hp_gain":0.0,"max_hp_loss":0.0,"gold_gain":0.0,"event_name":"MindBloom","player_choice":"Fight","floor":47.0,"gold_loss":0.0,"damage_taken":0.0}],"is_beta":false,"boss_relics":[{"not_picked":["Ring of the Serpent","Tiny House"],"picked":"Astrolabe"},{"not_picked":["Empty Cage","Lizard Tail"],"picked":"Pandora\u0027s Box"}],"items_purged_floors":[13,21,37,44,54],"is_endless":false,"potions_floor_spawned":[4,11,14,16,18,25,29,31,41,45,46,48,55],"ascension_level":20}