{"gold_per_floor":[113,132,152,73,90,117,137,137,182,182,212,212,44,78,78,154,154,169,179,198,211,261,289,289,289,289,289,303,321,347,92,92,168,168,183,200,214,214,231,231,247,267,267,286,286,286],"floor_reached":46,"playtime":2286,"items_purged":["Strike_G"],"score":963,"play_id":"ef9978e7-3167-457d-8332-6ad899b0dc8a","local_time":"20181025031013","is_ascension_mode":true,"campfire_choices":[{"data":"Malaise","floor":8.0,"key":"SMITH"},{"data":"Neutralize","floor":10.0,"key":"SMITH"},{"floor":12.0,"key":"REST"},{"data":"Cloak And Dagger","floor":15.0,"key":"SMITH"},{"data":"Cloak And Dagger","floor":25.0,"key":"SMITH"},{"data":"Calculated Gamble","floor":27.0,"key":"SMITH"},{"floor":32.0,"key":"REST"},{"data":"Blade Dance","floor":40.0,"key":"SMITH"},{"data":"Footwork","floor":45,"key":"SMITH"}],"neow_cost":"NONE","seed_source_timestamp":1771816349125,"circlet_count":0,"master_deck":["Defend_G","Defend_G","Defend_G","Defend_G","Defend_G","Strike_G","Survivor","Neutralize+1","AscendersBane","Cloak And Dagger+1","Well Laid Plans","Dagger Spray","Riddle With Holes","Flying Knee","Malaise+1","Deflect","Escape Plan","Cloak And Dagger+1","Footwork+1","Blade Dance+1","Adrenaline","Dagger Spray+1","Sucker Punch+1","Glass Knife+1","Leg Sweep","PiercingWail","Calculated Gamble+1","Dash+1","Terror+1","Adrenaline","Backflip+1","Choke+1","Quick Slash+1","Acrobatics","Dodge and Roll","Slice+1"],"special_seed":0,"relics":["Runic Dome","The Courier","PreservedInsect","Shuriken","Potion Belt","Astrolabe","Art of War","Mummified Hand","Bottled Lightning","Molten Egg 2","Cursed Key"],"potions_floor_usage":[],"damage_taken":[{"damage":0.0,"enemies":"Cultist","floor":1.0,"turns":5.0},{"damage":3.0,"enemies":"Small Slimes","floor":2.0,"turns":5.0},{"damage":0.0,"enemies":"2 Louse","floor":3.0,"turns":3.0},{"damage":1.0,"enemies":"Looter","floor":5.0,"turns":3.0},{"damage":5.0,"enemies":"Lagavulin","floor":6.0,"turns":8.0},{"damage":6.0,"enemies":"3 Louse","floor":7.0,"turns":4.0},{"damage":19.0,"enemies":"Gremlin Nob","floor":11.0,"turns":4.0},{"damage":0.0,"enemies":"Lagavulin","floor":14.0,"turns":7.0},{"damage":16.0,"enemies":"The Guardian","floor":16.0,"turns":10.0},{"damage":12.0,"enemies":"Chosen","floor":18.0,"turns":3.0},{"damage":3.0,"enemies":"3 Byrds","floor":19.0,"turns":5.0},{"damage":2.0,"enemies":"3 Cultists","floor":20.0,"turns":5.0},{"damage":4.0,"enemies":"Snake Plant","floor":21.0,"turns":7.0},{"damage":0.0,"enemies":"Gremlin Leader","floor":23.0,"turns":5.0},{"damage":3.0,"enemies":"Centurion and Healer","floor":28.0,"turns":6.0},{"damage":0.0,"enemies":"3 Cultists","floor":29.0,"turns":4.0},{"damage":7.0,"enemies":"Slavers","floor":30.0,"turns":5.0},{"damage":32.0,"enemies":"Champ","floor":33.0,"turns":12.0},{"damage":4.0,"enemies":"3 Shapes","floor":35.0,"turns":3.0},{"damage":10.0,"enemies":"Orb Walker","floor":36.0,"turns":3.0},{"damage":16.0,"enemies":"Jaw Worm Horde","floor":37.0,"turns":4.0},{"damage":4.0,"enemies":"4 Shapes","floor":39.0,"turns":10.0},{"damage":6.0,"enemies":"Spire Growth","floor":41.0,"turns":5.0},{"damage":0.0,"enemies":"Jaw Worm Horde","floor":42.0,"turns":5.0},{"damage":12,"enemies":"3 Darklings","floor":44,"turns":5},{"damage":43,"enemies":"Nemesis","floor":46,"turns":4}],"seed_played":"-3864955148486276412","potions_obtained":[{"floor":1.0,"key":"Explosive Potion"},{"floor":5.0,"key":"EssenceOfSteel"},{"floor":7.0,"key":"Dexterity Potion"},{"floor":16.0,"key":"Energy Potion"},{"floor":20.0,"key":"Explosive Potion"},{"floor":23.0,"key":"EssenceOfSteel"},{"floor":28.0,"key":"Ancient Potion"},{"floor":41.0,"key":"SteroidPotion"}],"is_trial":false,"path_per_floor":["M","M","M","$","M","E","M","R","T","R","E","R","$","E","R","B",null,"M","M","M","M","?","E","?","R","T","R","M","M","E","$","R","B",null,"M","M","M","?","M","R","M","M","T","M","R"],"character_chosen":"THE_SILENT","items_purchased":["Dagger Spray","Riddle With Holes","Escape Plan","Cloak And Dagger","Footwork","Molten Egg 2"],"campfire_rested":2,"item_purchase_floors":[4,4,13,13,13,31],"current_hp_per_floor":[59,56,56,56,55,50,44,44,44,44,25,44,44,44,44,28,57,45,42,40,36,36,36,49,49,49,49,46,46,39,39,58,26,56,52,42,26,54,50,50,44,44,44,32,32,0],"gold":286,"neow_bonus":"BOSS_RELIC","is_prod":false,"is_daily":false,"chose_seed":false,"campfire_upgraded":7,"win_rate":0,"timestamp":1540462213,"path_taken":["M","M","?","$","M","E","M","R","T","R","E","R","$","E","R","BOSS","M","M","?","M","?","E","?","R","T","R","M","M","E","$","R","BOSS","M","M","?","?","M","R","M","M","T","?","R","E"],"build_version":"2018-10-18","purchased_purges":1,"victory":false,"max_hp_per_floor":[66,66,66,66,66,66,66,66,66,66,66,66,66,66,66,66,66,66,66,66,66,66,66,66,66,66,66,66,66,66,66,66,66,66,66,66,66,54,54,54,54,54,54,54,54,54],"card_choices":[{"not_picked":["Endless Agony","Deflect"],"picked":"Cloak And Dagger","floor":1.0},{"not_picked":["Underhanded Strike","Acrobatics","Slice"],"picked":"SKIP","floor":2.0},{"not_picked":["Bane","Caltrops"],"picked":"Well Laid Plans","floor":3.0},{"not_picked":["Escape Plan","Concentrate"],"picked":"Flying Knee","floor":5.0},{"not_picked":["Choke","Heel Hook"],"picked":"Malaise","floor":6.0},{"not_picked":["Acrobatics","Flying Knee","Catalyst"],"picked":"SKIP","floor":7.0},{"not_picked":["Flechettes","Bane"],"picked":"Deflect","floor":11.0},{"not_picked":["Acrobatics","Heel Hook"],"picked":"Blade Dance","floor":14.0},{"not_picked":["Glass Knife","Unload"],"picked":"Adrenaline","floor":16.0},{"not_picked":["Outmaneuver+1","Blur"],"picked":"Leg Sweep","floor":18.0},{"not_picked":["Dodge and Roll","Deflect"],"picked":"PiercingWail","floor":19.0},{"not_picked":["Sucker Punch","Deflect","Quick Slash"],"picked":"SKIP","floor":20.0},{"not_picked":["Blade Dance","Quick Slash"],"picked":"Calculated Gamble","floor":21.0},{"not_picked":["Flechettes","Prepared","Blade Dance"],"picked":"SKIP","floor":23.0},{"not_picked":["Flying Knee","Accuracy"],"picked":"Dash+1","floor":28.0},{"not_picked":["Dagger Spray","Underhanded Strike","Quick Slash"],"picked":"SKIP","floor":29.0},{"not_picked":["Poisoned Stab","Backstab"],"picked":"Terror+1","floor":30.0},{"not_picked":["Bullet Time","Venomology"],"picked":"Adrenaline","floor":33.0},{"not_picked":["Sucker Punch+1","Tactician"],"picked":"Backflip+1","floor":35.0},{"not_picked":["Outmaneuver+1","Accuracy"],"picked":"Choke+1","floor":36.0},{"not_picked":["Eviscerate+1","Infinite Blades"],"picked":"Quick Slash+1","floor":37.0},{"not_picked":["All Out Attack+1","Prepared"],"picked":"Acrobatics","floor":39.0},{"not_picked":["Endless Agony+1","Deflect"],"picked":"Dodge and Roll","floor":41.0},{"not_picked":["Leg Sweep","Choke+1","Bane+1"],"picked":"SKIP","floor":42.0},{"not_picked":["Acrobatics","Endless Agony+1"],"picked":"Slice+1","floor":44}],"player_experience":1455692,"relics_obtained":[{"floor":6.0,"key":"The Courier"},{"floor":9.0,"key":"PreservedInsect"},{"floor":11.0,"key":"Shuriken"},{"floor":14.0,"key":"Potion Belt"},{"floor":23.0,"key":"Art of War"},{"floor":26.0,"key":"Mummified Hand"},{"floor":30.0,"key":"Bottled Lightning"}],"event_choices":[{"damage_healed":0.0,"max_hp_gain":0.0,"max_hp_loss":0.0,"gold_gain":50.0,"event_name":"Nest","player_choice":"Stole From Cult","floor":22.0,"gold_loss":0.0,"damage_taken":0.0},{"damage_healed":13.0,"max_hp_gain":0.0,"max_hp_loss":0.0,"gold_gain":0.0,"event_name":"The Library","player_choice":"Heal","floor":24.0,"gold_loss":0.0,"damage_taken":0.0},{"damage_healed":54.0,"max_hp_gain":0.0,"max_hp_loss":12.0,"gold_gain":0.0,"event_name":"The Moai Head","player_choice":"Heal","floor":38.0,"gold_loss":0.0,"damage_taken":0.0}],"is_beta":false,"boss_relics":[{"not_picked":["Coffee Dripper","Lizard Tail"],"picked":"Astrolabe"},{"not_picked":["Busted Crown","Orrery"],"picked":"Cursed Key"}],"items_purged_floors":[31],"is_endless":false,"potions_floor_spawned":[1,5,7,11,16,20,23,28,29,33,39,41,44],"killed_by":"Nemesis","ascension_level":15}