{"gold_per_floor":[118,134,146,161,161,192,192,204,204,216,262,274,303,347,359,443,455,485,497,520,550,402,402,418,418,466,486,486,519,519,554,554,626,626,644,658,633,648,660,691,691,691,717,270,299,312,312,326,326,326,326],"floor_reached":52,"playtime":2195,"items_purged":[],"score":1948,"play_id":"0ca6c46d-9b32-4ab8-8554-dd15593b047f","local_time":"20181205194839","daily_mods":["SealedDeck"],"is_ascension_mode":true,"campfire_choices":[{"data":"Cloak And Dagger","floor":7.0,"key":"SMITH"},{"data":"Blade Dance","floor":10.0,"key":"SMITH"},{"floor":12.0,"key":"REST"},{"data":"Cloak And Dagger","floor":15.0,"key":"SMITH"},{"data":"Envenom","floor":23.0,"key":"SMITH"},{"data":"Terror","floor":25.0,"key":"SMITH"},{"data":"Cloak And Dagger","floor":28,"key":"SMITH"},{"floor":30,"key":"REST"},{"floor":32,"key":"REST"},{"data":"Malaise","floor":41,"key":"SMITH"},{"data":"Dodge and Roll","floor":47,"key":"SMITH"},{"floor":49,"key":"REST"}],"neow_cost":"","seed_source_timestamp":0,"circlet_count":0,"master_deck":["AscendersBane","Dagger Throw+1","Backflip","Dodge and Roll","Quick Slash","Flying Knee","Blade Dance+1","Calculated Gamble","Dodge and Roll+1","Cloak And Dagger+1","Deflect","Sucker Punch","Footwork+1","Finisher+1","Terror+1","Cloak And Dagger+1","Envenom+1","Cloak And Dagger+1","Malaise+1","PiercingWail","Backflip","Leg Sweep+1","Footwork+1"],"special_seed":0,"relics":["Ring of the Snake","Orichalcum","MawBank","Whetstone","Question Card","WristBlade","Bag of Marbles","Snake Skull","Shuriken","Boot","Sozu","Ice Cream","Vajra","Ornamental Fan","PreservedInsect","Ancient Tea Set"],"potions_floor_usage":[27,29,31,33,35],"damage_taken":[{"damage":0.0,"enemies":"Cultist","floor":1.0,"turns":2.0},{"damage":0.0,"enemies":"Small Slimes","floor":2.0,"turns":3.0},{"damage":0.0,"enemies":"Jaw Worm","floor":3.0,"turns":4.0},{"damage":6.0,"enemies":"Lots of Slimes","floor":4.0,"turns":5.0},{"damage":24.0,"enemies":"Gremlin Nob","floor":6.0,"turns":5.0},{"damage":8.0,"enemies":"Gremlin Gang","floor":8.0,"turns":4.0},{"damage":4.0,"enemies":"3 Sentries","floor":11.0,"turns":9.0},{"damage":0.0,"enemies":"Looter","floor":13.0,"turns":3.0},{"damage":4.0,"enemies":"Gremlin Nob","floor":14.0,"turns":3.0},{"damage":4.0,"enemies":"Slime Boss","floor":16.0,"turns":5.0},{"damage":2.0,"enemies":"Spheric Guardian","floor":18.0,"turns":3.0},{"damage":2.0,"enemies":"3 Byrds","floor":20.0,"turns":4.0},{"damage":1.0,"enemies":"Centurion and Healer","floor":21.0,"turns":6.0},{"damage":13.0,"enemies":"3 Cultists","floor":24.0,"turns":5.0},{"damage":0,"enemies":"Snake Plant","floor":27,"turns":1},{"damage":26,"enemies":"Slavers","floor":29,"turns":4},{"damage":22,"enemies":"Book of Stabbing","floor":31,"turns":3},{"damage":12,"enemies":"Champ","floor":33,"turns":5},{"damage":0,"enemies":"3 Shapes","floor":35,"turns":2},{"damage":3,"enemies":"3 Darklings","floor":36,"turns":4},{"damage":0,"enemies":"Transient","floor":38,"turns":6},{"damage":2,"enemies":"Maw","floor":39,"turns":5},{"damage":2,"enemies":"Reptomancer","floor":40,"turns":6},{"damage":0,"enemies":"Nemesis","floor":45,"turns":4},{"damage":12,"enemies":"Jaw Worm Horde","floor":46,"turns":4},{"damage":0,"enemies":"3 Darklings","floor":48,"turns":3},{"damage":16,"enemies":"Time Eater","floor":50,"turns":12},{"damage":11,"enemies":"Awakened One","floor":51,"turns":11}],"seed_played":"4888256085603564672","potions_obtained":[{"floor":6.0,"key":"Poison Potion"},{"floor":8.0,"key":"GamblersBrew"},{"floor":13.0,"key":"Weak Potion"},{"floor":19.0,"key":"Strength Potion"},{"floor":21.0,"key":"SkillPotion"},{"floor":27,"key":"PowerPotion"},{"floor":29,"key":"PowerPotion"},{"floor":33,"key":"Block Potion"}],"is_trial":true,"path_per_floor":["M","M","M","M","?","E","R","M","T","R","E","R","M","E","R","B",null,"M","?","M","M","$","R","M","R","T","M","R","E","R","E","R","B",null,"M","M","$","M","M","E","R","?","T","$","E","M","R","M","R","B","B",null],"character_chosen":"THE_SILENT","items_purchased":["Bag of Marbles","Backflip","Ornamental Fan","PreservedInsect"],"campfire_rested":4,"item_purchase_floors":[22,37,44,44],"current_hp_per_floor":[59,59,59,53,53,29,29,21,21,21,17,36,36,32,32,28,57,55,55,53,52,52,52,39,39,39,39,39,13,32,10,29,17,54,54,51,51,51,49,47,47,47,47,47,47,35,35,35,54,38,27],"gold":326,"neow_bonus":"","is_prod":false,"is_daily":false,"chose_seed":false,"campfire_upgraded":8,"win_rate":0,"timestamp":1544068119,"path_taken":["M","?","M","M","?","E","R","?","T","R","E","R","M","E","R","BOSS","M","?","?","M","$","R","M","R","T","M","R","E","R","E","R","BOSS","M","M","$","M","?","E","R","?","T","$","E","M","R","M","R","BOSS","BOSS"],"build_version":"2018-11-15","purchased_purges":0,"victory":true,"max_hp_per_floor":[66,66,66,66,66,66,66,66,66,66,66,66,66,66,66,66,66,66,66,66,66,66,66,66,66,66,66,66,66,66,66,66,66,66,66,66,66,66,66,66,66,66,66,66,66,66,66,66,66,66,66],"card_choices":[{"not_picked":["Quick Slash","Deadly Poison"],"picked":"Sucker Punch","floor":1.0},{"not_picked":["Underhanded Strike","Dagger Spray"],"picked":"Footwork","floor":2.0},{"not_picked":["Sucker Punch","Dagger Spray","Underhanded Strike"],"picked":"SKIP","floor":3.0},{"not_picked":["Blade Dance","Acrobatics","Choke"],"picked":"SKIP","floor":4.0},{"not_picked":["Escape Plan","Tactician"],"picked":"Finisher","floor":6.0},{"not_picked":["Bouncing Flask","Outmaneuver","Quick Slash"],"picked":"SKIP","floor":8.0},{"not_picked":["Bouncing Flask","Glass Knife","Riddle With Holes"],"picked":"SKIP","floor":11.0},{"not_picked":["Deflect","All Out Attack"],"picked":"Terror","floor":13.0},{"not_picked":["Backstab","Dagger Spray"],"picked":"Cloak And Dagger","floor":14.0},{"not_picked":["Glass Knife","Night Terror","Phantasmal Killer"],"picked":"Envenom","floor":16.0},{"not_picked":["Flying Knee","Outmaneuver","Poisoned Stab","Eviscerate"],"picked":"SKIP","floor":18.0},{"not_picked":["Sucker Punch","Backflip","Prepared"],"picked":"Cloak And Dagger","floor":20.0},{"not_picked":["Riddle With Holes","Blur","Bane+1","Predator"],"picked":"SKIP","floor":21.0},{"not_picked":["Blade Dance","Endless Agony","Noxious Fumes"],"picked":"Backstab","floor":24.0},{"not_picked":["Cloak And Dagger","Concentrate","Unload","Bane"],"picked":"SKIP","floor":27},{"not_picked":["Flying Knee","Glass Knife","Quick Slash","Cloak And Dagger"],"picked":"SKIP","floor":29},{"not_picked":["Deflect","Dagger Throw","Bane+1","Backstab"],"picked":"SKIP","floor":31},{"not_picked":["Night Terror","Phantasmal Killer","Venomology"],"picked":"Malaise","floor":33},{"not_picked":["Quick Slash","Prepared","Bane+1","Dagger Throw"],"picked":"SKIP","floor":35},{"not_picked":["Dodge and Roll+1","Predator+1","Endless Agony"],"picked":"PiercingWail","floor":36},{"not_picked":["Bane+1","Terror","Setup","Eviscerate"],"picked":"SKIP","floor":38},{"not_picked":["Dagger Throw","Dodge and Roll","Flechettes","Underhanded Strike"],"picked":"SKIP","floor":39},{"not_picked":["Venomology","Sucker Punch","Concentrate","Noxious Fumes"],"picked":"SKIP","floor":40},{"not_picked":["Setup+1","Dodge and Roll","Backstab","Eviscerate"],"picked":"SKIP","floor":45},{"not_picked":["Blade Dance","Accuracy","Sucker Punch+1"],"picked":"Leg Sweep+1","floor":46},{"not_picked":["Dodge and Roll","Acrobatics","Masterful Stab"],"picked":"Footwork+1","floor":48}],"player_experience":1735865,"relics_obtained":[{"floor":6.0,"key":"Orichalcum"},{"floor":9.0,"key":"MawBank"},{"floor":11.0,"key":"Whetstone"},{"floor":14.0,"key":"Question Card"},{"floor":26.0,"key":"Snake Skull"},{"floor":29,"key":"Shuriken"},{"floor":31,"key":"Boot"},{"floor":40,"key":"Ice Cream"},{"floor":43,"key":"Vajra"},{"floor":45,"key":"Ancient Tea Set"}],"event_choices":[{"damage_healed":0.0,"max_hp_gain":0.0,"max_hp_loss":0.0,"gold_gain":0.0,"event_name":"Upgrade Shrine","player_choice":"Upgraded","floor":5.0,"gold_loss":0.0,"damage_taken":0.0,"cards_upgraded":["Footwork"]},{"damage_healed":0.0,"max_hp_gain":0.0,"max_hp_loss":0.0,"gold_gain":0.0,"event_name":"Lab","player_choice":"Got Potions","floor":19.0,"gold_loss":0.0,"damage_taken":0.0},{"cards_removed":["Backstab"],"damage_healed":0,"gold_gain":0,"player_choice":"Removed Attack","damage_taken":0,"max_hp_gain":0,"max_hp_loss":0,"event_name":"Falling","floor":42,"gold_loss":0}],"is_beta":false,"boss_relics":[{"not_picked":["Snecko Eye","Tiny House"],"picked":"WristBlade"},{"not_picked":["White Beast Statue","HoveringKite"],"picked":"Sozu"}],"items_purged_floors":[],"is_endless":false,"potions_floor_spawned":[6,8,13,14,16,21,27,29,33,35,36,40,48],"ascension_level":20}