{"gold_per_floor":[111,111,111,125,138,138,194,206,230,230,247,247,259,272,272,371,371,391,404,417,497,513,513,613,640,640,650,650,663,674,1001,1001,1001],"floor_reached":33,"playtime":2058,"items_purged":[],"score":343,"play_id":"0cbc9f83-65e2-4c8d-b3db-915aa01a1d9f","local_time":"20181002235844","is_ascension_mode":false,"campfire_choices":[{"data":"Underhanded Strike","floor":6,"key":"SMITH"},{"data":"Backstab","floor":10,"key":"SMITH"},{"floor":15,"key":"REST"},{"data":"Prepared","floor":23,"key":"SMITH"},{"floor":32,"key":"REST"}],"neow_cost":"TEN_PERCENT_HP_LOSS","seed_source_timestamp":1391086240455011,"circlet_count":0,"master_deck":["Defend_G","Defend_G","Defend_G","Defend_G","Defend_G","Strike_G","Strike_G","Strike_G","Strike_G","Strike_G","Survivor","Neutralize","Infinite Blades+1","Underhanded Strike+1","PiercingWail","Backstab+1","All Out Attack","Dagger Throw","Dash","Backstab","Corpse Explosion","Prepared+1","Dodge and Roll","Quick Slash","Underhanded Strike+1","Backstab+1","Slice+1","Finisher+1","Escape Plan","Acrobatics","Eviscerate"],"relics":["Ring of the Snake","The Specimen","Tiny Chest","Bag of Preparation","Matryoshka","Eternal Feather","Smiling Mask","Kunai","Calipers","Frozen Egg 2","Pen Nib","Oddly Smooth Stone","Ninja Scroll","Old Coin"],"potions_floor_usage":[7,16,16,24,31,33,33],"damage_taken":[{"damage":0,"enemies":"Cultist","floor":1,"turns":5},{"damage":0,"enemies":"Jaw Worm","floor":4,"turns":4},{"damage":1,"enemies":"2 Louse","floor":5,"turns":3},{"damage":24,"enemies":"Lagavulin","floor":7,"turns":10},{"damage":6,"enemies":"Exordium Thugs","floor":8,"turns":5},{"damage":10,"enemies":"Large Slime","floor":11,"turns":5},{"damage":3,"enemies":"2 Fungi Beasts","floor":13,"turns":4},{"damage":0,"enemies":"3 Louse","floor":14,"turns":1},{"damage":25,"enemies":"The Guardian","floor":16,"turns":15},{"damage":5,"enemies":"Spheric Guardian","floor":18,"turns":3},{"damage":0,"enemies":"Chosen","floor":19,"turns":4},{"damage":11,"enemies":"Snake Plant","floor":20,"turns":5},{"damage":8,"enemies":"Centurion and Healer","floor":22,"turns":4},{"damage":5,"enemies":"Colosseum Slavers","floor":24,"turns":3},{"damage":0,"enemies":"Colosseum Nobs","floor":24,"turns":2},{"damage":15,"enemies":"Gremlin Leader","floor":25,"turns":7},{"damage":10,"enemies":"Chosen and Byrds","floor":27,"turns":2},{"damage":7,"enemies":"Snake Plant","floor":29,"turns":3},{"damage":2,"enemies":"Sentry and Sphere","floor":30,"turns":3},{"damage":0,"enemies":"Book of Stabbing","floor":31,"turns":1},{"damage":57,"enemies":"Collector","floor":33,"turns":6}],"seed_played":"7744473906096935535","potions_obtained":[{"floor":1,"key":"Explosive Potion"},{"floor":7,"key":"Block Potion"},{"floor":13,"key":"Dexterity Potion"},{"floor":14,"key":"Fire Potion"},{"floor":18,"key":"SteroidPotion"},{"floor":25,"key":"AttackPotion"},{"floor":29,"key":"GhostInAJar"}],"is_trial":false,"path_per_floor":["M","?","?","M","M","R","E","M","T","R","M","T","M","M","R","B",null,"M","M","M","T","M","R","?","E","T","M","?","M","M","E","R"],"character_chosen":"THE_SILENT","items_purchased":[],"campfire_rested":2,"item_purchase_floors":[],"current_hp_per_floor":[63,63,63,63,62,62,38,32,32,32,22,22,19,19,37,12,63,58,58,47,47,39,54,49,34,34,24,24,17,15,15,51,0],"gold":1001,"neow_bonus":"ONE_RARE_RELIC","is_prod":false,"is_daily":false,"chose_seed":false,"campfire_upgraded":3,"win_rate":0.0,"timestamp":1538517524,"path_taken":["M","?","?","M","M","R","E","M","T","R","M","?","M","M","R","BOSS","M","M","M","?","M","R","?","E","T","M","?","M","M","E","R","BOSS"],"build_version":"2018-09-27","purchased_purges":0,"victory":false,"max_hp_per_floor":[63,63,63,63,63,63,63,63,63,63,63,63,63,63,63,63,63,63,63,63,63,63,63,63,63,63,63,63,63,63,63,63,63],"card_choices":[{"not_picked":["Poisoned Stab","Deflect"],"picked":"Infinite Blades","floor":1},{"not_picked":["Escape Plan","Expertise"],"picked":"Underhanded Strike","floor":4},{"not_picked":["Expertise","Slice"],"picked":"PiercingWail","floor":5},{"not_picked":["Flechettes","Bullet Time"],"picked":"Backstab","floor":7},{"not_picked":["Deflect","Dodge and Roll"],"picked":"All Out Attack","floor":8},{"not_picked":["Distraction","Dodge and Roll"],"picked":"Dagger Throw","floor":11},{"not_picked":["Crippling Poison","PiercingWail"],"picked":"Dash","floor":13},{"not_picked":["Dagger Spray","Finisher"],"picked":"Backstab","floor":14},{"not_picked":["Wraith Form v2","Doppelganger"],"picked":"Corpse Explosion","floor":16},{"not_picked":["Deadly Poison","Poisoned Stab"],"picked":"Prepared","floor":18},{"not_picked":["Tactician","Bane"],"picked":"Dodge and Roll","floor":19},{"not_picked":["Sucker Punch","Deadly Poison+1"],"picked":"Quick Slash","floor":20},{"not_picked":["Noxious Fumes","Backflip"],"picked":"Underhanded Strike+1","floor":22},{"not_picked":["Venomology","Footwork+1"],"picked":"Backstab+1","floor":24},{"not_picked":["Prepared","Escape Plan"],"picked":"Slice+1","floor":25},{"not_picked":["Leg Sweep","Deadly Poison"],"picked":"Finisher+1","floor":27},{"not_picked":["Backflip","Deflect"],"picked":"Escape Plan","floor":29},{"not_picked":["Poisoned Stab","Backflip"],"picked":"Acrobatics","floor":30},{"not_picked":["Dagger Throw","Deflect+1"],"picked":"Eviscerate","floor":31}],"player_experience":39944,"relics_obtained":[{"floor":7,"key":"Tiny Chest"},{"floor":9,"key":"Bag of Preparation"},{"floor":12,"key":"Matryoshka"},{"floor":21,"key":"Smiling Mask"},{"floor":21,"key":"Kunai"},{"floor":24,"key":"Calipers"},{"floor":24,"key":"Frozen Egg 2"},{"floor":25,"key":"Pen Nib"},{"floor":26,"key":"Oddly Smooth Stone"},{"floor":26,"key":"Ninja Scroll"},{"floor":31,"key":"Old Coin"}],"event_choices":[{"event_name":"Upgrade Shrine","player_choice":"Upgraded","floor":2,"damage_taken":0},{"event_name":"Liars Game","player_choice":"disagreed","floor":3,"damage_taken":0},{"event_name":"Colosseum","player_choice":"Fight","floor":24,"damage_taken":0},{"event_name":"Colosseum","player_choice":"Fought Nobs","floor":24,"damage_taken":0},{"event_name":"Ghosts","player_choice":"Ignored","floor":28,"damage_taken":0}],"is_beta":false,"boss_relics":[{"not_picked":["Sozu","Orrery"],"picked":"Eternal Feather"}],"items_purged_floors":[],"is_endless":false,"potions_floor_spawned":[1,7,13,14,18,24,25,29,30],"killed_by":"Collector","ascension_level":0}