{"gold_per_floor":[111,111,186,204,216,216,16,47,94,113,140,140,167,187,187,259,259,272,284,296,296,296],"floor_reached":22,"playtime":783,"items_purged":[],"score":448,"play_id":"b25de2b2-0162-4427-b7d5-c91288d0dd88","local_time":"20181109172349","is_ascension_mode":true,"campfire_choices":[{"data":"Dualcast","floor":6.0,"key":"SMITH"},{"data":"Defragment","floor":12.0,"key":"SMITH"},{"data":"Buffer","floor":15.0,"key":"SMITH"}],"neow_cost":"NONE","seed_source_timestamp":33527378758857,"circlet_count":0,"master_deck":["AscendersBane","Strike_B+1","Strike_B+1","Strike_B+1","Strike_B+1","Defend_B+1","Defend_B+1","Defend_B+1","Defend_B+1","Zap+1","Dualcast+1","Gash","Leap","Cold Snap","Defragment+1","Rip and Tear","Go for the Eyes","Cold Snap","Echo Form","Buffer+1","Sweeping Beam","All For One","Ball Lightning+1","Leap"],"special_seed":0,"relics":["Cracked Core","Blood Vial","Regal Pillow","Strawberry","Bag of Marbles","Nuclear Battery"],"potions_floor_usage":[19,20,22],"damage_taken":[{"damage":0.0,"enemies":"Jaw Worm","floor":1.0,"turns":3.0},{"damage":0.0,"enemies":"Small Slimes","floor":4.0,"turns":2.0},{"damage":1.0,"enemies":"2 Louse","floor":5.0,"turns":2.0},{"damage":11.0,"enemies":"3 Sentries","floor":8.0,"turns":7.0},{"damage":0.0,"enemies":"Exordium Wildlife","floor":10.0,"turns":3.0},{"damage":4.0,"enemies":"Lagavulin","floor":11.0,"turns":6.0},{"damage":6.0,"enemies":"Gremlin Nob","floor":13.0,"turns":3.0},{"damage":8.0,"enemies":"Lots of Slimes","floor":14.0,"turns":4.0},{"damage":0.0,"enemies":"Slime Boss","floor":16.0,"turns":8.0},{"damage":17.0,"enemies":"2 Thieves","floor":18.0,"turns":4.0},{"damage":0,"enemies":"Spheric Guardian","floor":19,"turns":3},{"damage":31,"enemies":"Cultist and Chosen","floor":20,"turns":7},{"damage":33,"enemies":"Masked Bandits","floor":22,"turns":3}],"seed_played":"1437572443743850039","potions_obtained":[{"floor":5.0,"key":"Block Potion"},{"floor":8.0,"key":"AttackPotion"},{"floor":13.0,"key":"Fire Potion"},{"floor":19,"key":"GamblersBrew"},{"floor":20,"key":"Fire Potion"}],"is_trial":false,"path_per_floor":["M","?","?","M","M","R","$","E","T","M","E","R","E","M","R","B",null,"M","M","M","?","?"],"character_chosen":"DEFECT","items_purchased":["Defragment","Rip and Tear","Fire Potion"],"campfire_rested":0,"item_purchase_floors":[7,7,7],"current_hp_per_floor":[64,64,53,53,52,52,52,41,41,43,48,48,44,38,38,40,69,54,56,27,27,0],"gold":296,"neow_bonus":"UPGRADE_CARD","is_prod":false,"is_daily":false,"chose_seed":false,"campfire_upgraded":3,"win_rate":0,"timestamp":1541813029,"path_taken":["M","?","?","M","M","R","$","E","T","M","E","R","E","M","R","BOSS","M","M","M","?","?"],"build_version":"2018-11-08","purchased_purges":0,"victory":false,"max_hp_per_floor":[71,71,71,71,71,71,71,71,71,71,78,78,78,78,78,78,78,78,78,78,78,78],"card_choices":[{"not_picked":["Storm","Hologram"],"picked":"Gash","floor":1.0},{"not_picked":["Force Field","Double Energy"],"picked":"Leap","floor":4.0},{"not_picked":["Beam Cell","Fusion"],"picked":"Cold Snap","floor":5.0},{"not_picked":["Melter","Sunder"],"picked":"Go for the Eyes","floor":8.0},{"not_picked":["Genetic Algorithm","Conserve Battery"],"picked":"Cold Snap","floor":10.0},{"not_picked":["Hologram","Ball Lightning"],"picked":"Echo Form","floor":11.0},{"not_picked":["Genetic Algorithm","BootSequence"],"picked":"Buffer","floor":13.0},{"not_picked":["Leap","Rebound"],"picked":"Sweeping Beam","floor":14.0},{"not_picked":["Echo Form","Machine Learning"],"picked":"All For One","floor":16.0},{"not_picked":["Rebound","Go for the Eyes+1"],"picked":"Ball Lightning+1","floor":18.0},{"not_picked":["Force Field","Reprogram","Double Energy"],"picked":"SKIP","floor":19},{"not_picked":["Skim","Hologram"],"picked":"Leap","floor":20}],"player_experience":1611474,"relics_obtained":[{"floor":8.0,"key":"Blood Vial"},{"floor":9.0,"key":"Regal Pillow"},{"floor":11.0,"key":"Strawberry"},{"floor":13.0,"key":"Bag of Marbles"}],"event_choices":[{"damage_healed":0.0,"max_hp_gain":0.0,"max_hp_loss":0.0,"gold_gain":0.0,"event_name":"Liars Game","player_choice":"Ignored","floor":2.0,"gold_loss":0.0,"damage_taken":0.0},{"damage_healed":0.0,"max_hp_gain":0.0,"max_hp_loss":0.0,"gold_gain":75.0,"event_name":"World of Goop","player_choice":"Gather Gold","floor":3.0,"gold_loss":0.0,"damage_taken":11.0},{"damage_healed":0,"gold_gain":0,"player_choice":"Simplicity","damage_taken":0,"max_hp_gain":0,"max_hp_loss":0,"event_name":"Back to Basics","floor":21,"gold_loss":0,"cards_upgraded":["Strike_B","Strike_B","Strike_B","Strike_B","Defend_B","Defend_B","Defend_B","Defend_B"]},{"damage_healed":0,"gold_gain":0,"player_choice":"Fought Bandits","damage_taken":0,"max_hp_gain":0,"max_hp_loss":0,"event_name":"Masked Bandits","floor":22,"gold_loss":0}],"is_beta":false,"boss_relics":[{"not_picked":["Runic Dome","FrozenCore"],"picked":"Nuclear Battery"}],"items_purged_floors":[],"is_endless":false,"potions_floor_spawned":[5,8,11,13,19,20],"killed_by":"Masked Bandits","ascension_level":15}