{"gold_per_floor":[112,112,112,127,137,170,170,205,205,223,238,238,253,288,288,366,366,376,301,301,311,76,103,103,122,122,149,72,72,89,124,124,124],"floor_reached":33,"playtime":2056,"items_purged":["Strike_R"],"score":700,"play_id":"a076ef16-5f54-4685-b2d0-bf7253f296fa","local_time":"20190329021529","is_ascension_mode":true,"campfire_choices":[{"data":"Bash","floor":7,"key":"SMITH"},{"floor":12,"key":"REST"},{"floor":15,"key":"REST"},{"floor":24,"key":"RECALL"},{"floor":29,"key":"REST"},{"floor":32,"key":"REST"}],"neow_cost":"PERCENT_DAMAGE","seed_source_timestamp":764453174042700,"circlet_count":0,"master_deck":["AscendersBane","Strike_R","Strike_R","Strike_R","Defend_R","Defend_R","Defend_R","Defend_R","Bash+1","Bludgeon","Carnage","Shrug It Off+1","Shrug It Off+1","Offering+1","Intimidate+1","Armaments+1","Shrug It Off+1","Reaper","Double Tap+1","Shockwave+1","Flame Barrier+1","Corruption","Seeing Red+1","Spot Weakness+1","True Grit+1"],"relics":["Burning Blood","Toxic Egg 2","WarpedTongs","Singing Bowl","Kunai","Bottled Lightning","Letter Opener","Fusion Hammer","PreservedInsect","Prayer Wheel","Centennial Puzzle","Darkstone Periapt","Bird Faced Urn"],"potions_floor_usage":[6,27,33,33],"damage_taken":[{"damage":7,"enemies":"Jaw Worm","floor":1,"turns":2},{"damage":2,"enemies":"Cultist","floor":4,"turns":3},{"damage":1,"enemies":"2 Louse","floor":5,"turns":2},{"damage":9,"enemies":"Gremlin Nob","floor":6,"turns":3},{"damage":20,"enemies":"Lagavulin","floor":8,"turns":4},{"damage":10,"enemies":"Exordium Thugs","floor":10,"turns":4},{"damage":6,"enemies":"Red Slaver","floor":11,"turns":2},{"damage":7,"enemies":"2 Fungi Beasts","floor":13,"turns":2},{"damage":44,"enemies":"3 Sentries","floor":14,"turns":12},{"damage":14,"enemies":"The Guardian","floor":16,"turns":16},{"damage":17,"enemies":"2 Thieves","floor":18,"turns":4},{"damage":6,"enemies":"Spheric Guardian","floor":21,"turns":1},{"damage":6,"enemies":"Book of Stabbing","floor":23,"turns":2},{"damage":6,"enemies":"Chosen and Byrds","floor":25,"turns":6},{"damage":29,"enemies":"Gremlin Leader","floor":27,"turns":7},{"damage":6,"enemies":"Snecko","floor":30,"turns":3},{"damage":7,"enemies":"Slavers","floor":31,"turns":3},{"damage":123,"enemies":"Champ","floor":33,"turns":14}],"seed_played":"-4309865901868615193","potions_obtained":[{"floor":4,"key":"AttackPotion"},{"floor":10,"key":"Explosive Potion"},{"floor":14,"key":"Weak Potion"},{"floor":30,"key":"Block Potion"}],"is_trial":false,"path_per_floor":["M","?","?","M","M","E","R","E","T","M","M","R","M","E","R","B",null,"M","?","?","M","$","E","R","M","T","E","$","R","M","E","R","B"],"character_chosen":"IRONCLAD","items_purchased":["PreservedInsect","Corruption"],"campfire_rested":4,"item_purchase_floors":[22,28],"current_hp_per_floor":[49,44,44,48,53,50,50,36,36,32,34,57,56,18,41,33,66,59,59,59,61,61,61,61,72,72,51,51,76,81,80,85,0],"gold":124,"neow_bonus":"THREE_RARE_CARDS","is_prod":false,"is_daily":false,"chose_seed":false,"campfire_upgraded":1,"win_rate":0,"timestamp":1553825729,"path_taken":["M","?","?","M","M","E","R","E","T","M","?","R","M","E","R","BOSS","M","?","?","?","?","E","R","M","T","E","$","R","M","E","R","BOSS"],"build_version":"2019-01-23","purchased_purges":1,"victory":false,"max_hp_per_floor":[75,75,75,75,75,75,75,75,75,75,77,77,77,77,77,77,77,77,77,77,79,79,79,79,83,83,85,85,85,85,85,85,85],"card_choices":[{"not_picked":["Brutality","Dark Embrace"],"picked":"Bludgeon","floor":0},{"not_picked":["Flex","Perfected Strike"],"picked":"Carnage","floor":1},{"not_picked":["Clothesline","Cleave"],"picked":"Shrug It Off+1","floor":4},{"not_picked":["Infernal Blade+1","Rupture"],"picked":"Shrug It Off+1","floor":5},{"not_picked":["Searing Blow","Disarm+1"],"picked":"Offering+1","floor":6},{"not_picked":["Iron Wave","Sword Boomerang"],"picked":"Intimidate+1","floor":8},{"not_picked":["Body Slam","Thunderclap"],"picked":"Armaments+1","floor":10},{"not_picked":["Blood for Blood","Anger","Clash"],"picked":"Singing Bowl","floor":11},{"not_picked":["Uppercut","Battle Trance+1"],"picked":"Shrug It Off+1","floor":13},{"not_picked":["Perfected Strike","Wild Strike"],"picked":"Reaper","floor":14},{"not_picked":["Limit Break+1","Berserk"],"picked":"Double Tap+1","floor":16},{"not_picked":["Fire Breathing","Metallicize"],"picked":"Shockwave+1","floor":18},{"not_picked":["Pommel Strike","Body Slam","Pummel"],"picked":"Singing Bowl","floor":21},{"not_picked":["Intimidate+1","Battle Trance+1"],"picked":"Flame Barrier+1","floor":23},{"not_picked":["Entrench+1","Cleave","Warcry+1"],"picked":"Singing Bowl","floor":25},{"not_picked":["Twin Strike","Infernal Blade+1","Bloodletting+1"],"picked":"Singing Bowl","floor":25},{"not_picked":["Cleave","Sword Boomerang","Armaments+1"],"picked":"Singing Bowl","floor":27},{"not_picked":["Perfected Strike","Heavy Blade"],"picked":"Seeing Red+1","floor":30},{"not_picked":["Twin Strike","Flex+1"],"picked":"Spot Weakness+1","floor":30},{"not_picked":["Berserk","Armaments+1"],"picked":"True Grit+1","floor":31}],"player_experience":2360221,"relics_obtained":[{"floor":6,"key":"Singing Bowl"},{"floor":8,"key":"Kunai"},{"floor":9,"key":"Bottled Lightning"},{"floor":14,"key":"Letter Opener"},{"floor":23,"key":"Prayer Wheel"},{"floor":26,"key":"Centennial Puzzle"},{"floor":27,"key":"Darkstone Periapt"},{"floor":31,"key":"Bird Faced Urn"}],"event_choices":[{"damage_healed":0,"gold_gain":0,"player_choice":"Success","damage_taken":5,"relics_obtained":["Toxic Egg 2"],"max_hp_gain":0,"max_hp_loss":0,"event_name":"Scrap Ooze","floor":2,"gold_loss":0},{"damage_healed":0,"gold_gain":0,"player_choice":"Rummage","damage_taken":0,"relics_obtained":["WarpedTongs"],"max_hp_gain":0,"max_hp_loss":0,"event_name":"Accursed Blacksmith","floor":3,"gold_loss":0,"cards_obtained":["Pain"]},{"cards_removed":["Pain"],"damage_healed":0,"gold_gain":0,"player_choice":"Gave Gold","damage_taken":0,"max_hp_gain":0,"max_hp_loss":0,"event_name":"Beggar","floor":19,"gold_loss":75},{"cards_removed":["Strike_R"],"damage_healed":0,"gold_gain":0,"player_choice":"Purged","damage_taken":0,"max_hp_gain":0,"max_hp_loss":0,"event_name":"Purifier","floor":20,"gold_loss":0}],"is_beta":false,"boss_relics":[{"not_picked":["Philosopher\u0027s Stone","Calling Bell"],"picked":"Fusion Hammer"}],"items_purged_floors":[22],"is_endless":false,"potions_floor_spawned":[4,10,14,16,18,21,25,30],"killed_by":"Champ","ascension_level":20}