{"gold_per_floor":[115,25,38,56,76,76,93,120,120,120,136,136],"floor_reached":12,"playtime":526,"items_purged":[],"score":160,"play_id":"eba395a1-a99d-4e7f-846c-eba97283d5f1","local_time":"20180917155004","is_ascension_mode":true,"campfire_choices":[{"floor":6,"key":"REST"}],"neow_cost":"","seed_source_timestamp":12113150542810,"circlet_count":0,"master_deck":["Defend_G","Defend_G","Defend_G","Defend_G","Defend_G","Strike_G","Strike_G","Strike_G","Strike_G","Strike_G","Survivor","Neutralize+1","AscendersBane","Poisoned Stab","Bouncing Flask","Endless Agony","Sucker Punch","Noxious Fumes","Dagger Spray","Quick Slash","Footwork"],"relics":["Ring of the Snake","Ancient Tea Set","Bag of Marbles"],"potions_floor_usage":[8,11,12],"damage_taken":[{"damage":2,"enemies":"Cultist","floor":1,"turns":5},{"damage":6,"enemies":"Small Slimes","floor":3,"turns":4},{"damage":1,"enemies":"2 Louse","floor":4,"turns":4},{"damage":25,"enemies":"Exordium Thugs","floor":5,"turns":8},{"damage":8,"enemies":"Blue Slaver","floor":7,"turns":4},{"damage":27,"enemies":"3 Sentries","floor":8,"turns":8},{"damage":0,"enemies":"Looter","floor":11,"turns":2},{"damage":18,"enemies":"Lagavulin","floor":12,"turns":5}],"seed_played":"102834235424376300","potions_obtained":[{"floor":1,"key":"EssenceOfSteel"},{"floor":3,"key":"Strength Potion"},{"floor":11,"key":"AttackPotion"}],"is_trial":false,"path_per_floor":["M","$","M","M","M","R","M","E","T","?","M"],"character_chosen":"THE_SILENT","items_purchased":["Bouncing Flask"],"campfire_rested":1,"item_purchase_floors":[2],"current_hp_per_floor":[57,57,51,50,25,44,36,9,9,9,9,0],"gold":136,"neow_bonus":"","is_prod":false,"is_daily":false,"chose_seed":false,"campfire_upgraded":0,"win_rate":0,"timestamp":1537224604,"path_taken":["M","?","M","M","?","R","M","E","T","?","M","E"],"build_version":"2018-09-06","purchased_purges":0,"victory":false,"max_hp_per_floor":[66,66,66,66,66,66,66,66,66,66,66,66],"card_choices":[{"not_picked":["Finisher","Deflect"],"picked":"Poisoned Stab","floor":1},{"not_picked":["Predator","Flechettes"],"picked":"Endless Agony","floor":3},{"not_picked":["Cloak And Dagger","Accuracy"],"picked":"Sucker Punch","floor":4},{"not_picked":["Deflect","Deadly Poison"],"picked":"Noxious Fumes","floor":5},{"not_picked":["Calculated Gamble","Riddle With Holes"],"picked":"Dagger Spray","floor":7},{"not_picked":["Prepared","Calculated Gamble"],"picked":"Quick Slash","floor":8},{"not_picked":["Prepared","PiercingWail"],"picked":"Footwork","floor":11}],"player_experience":1153534,"relics_obtained":[{"floor":8,"key":"Ancient Tea Set"},{"floor":9,"key":"Bag of Marbles"}],"event_choices":[{"event_name":"Living Wall","player_choice":"Grow","floor":10,"damage_taken":0}],"is_beta":false,"boss_relics":[],"items_purged_floors":[],"is_endless":false,"potions_floor_spawned":[1,3,4,11],"killed_by":"Lagavulin","ascension_level":19}