{"gold_per_floor":[214,224,297,48,48,48,81,81,105,120,158,158,201,201,201,296,296,314,24,37,37,50,89,89,110,110,156,186,213,225,271,283,386,398,430,466,501,537,138,178,178,222,222,260,260,150,191,214,214,214],"floor_reached":51,"playtime":2858,"items_purged":["Strike_B+1"],"score":1683,"play_id":"a1146593-0c06-48f2-9fa9-f231e98df706","local_time":"20190508101152","is_ascension_mode":true,"campfire_choices":[{"data":"Streamline","floor":6.0,"key":"SMITH"},{"data":"Zap","floor":8.0,"key":"SMITH"},{"floor":15.0,"key":"REST"},{"floor":24.0,"key":"REST"},{"data":"Defragment","floor":30.0,"key":"SMITH"},{"data":"Blizzard","floor":32.0,"key":"SMITH"},{"floor":41,"key":"REST"},{"data":"Fission","floor":45,"key":"SMITH"},{"data":"Chill","floor":49,"key":"SMITH"}],"neow_cost":"NONE","seed_source_timestamp":234115516903043,"circlet_count":0,"master_deck":["AscendersBane","Strike_B+1","Strike_B+1","Defend_B+1","Defend_B+1","Defend_B+1","Defend_B+1","Zap+1","Dualcast","Streamline+1","Defragment+1","Gash+1","Glacier","Cold Snap+1","Hologram","Echo Form+1","Chill+1","Undo+1","Biased Cognition+1","Glacier","Blizzard+1","Core Surge+1","Fission+1","Ball Lightning+1","Heatsinks+1","Compile Driver","Finesse","Self Repair+1"],"special_seed":0,"relics":["Cracked Core","Runic Capacitor","Golden Idol","Happy Flower","Regal Pillow","Odd Mushroom","Centennial Puzzle","Frozen Egg 2","Nuclear Battery","Mummified Hand","Whetstone","MawBank","Bag of Marbles","Darkstone Periapt","Busted Crown","Oddly Smooth Stone","Prayer Wheel","Smiling Mask","Bottled Lightning","Singing Bowl","Anchor"],"potions_floor_usage":[50],"damage_taken":[{"damage":9.0,"enemies":"2 Louse","floor":1.0,"turns":2.0},{"damage":8.0,"enemies":"Small Slimes","floor":2.0,"turns":3.0},{"damage":14.0,"enemies":"Gremlin Nob","floor":7.0,"turns":4.0},{"damage":7.0,"enemies":"Jaw Worm","floor":10.0,"turns":3.0},{"damage":18.0,"enemies":"The Mushroom Lair","floor":11.0,"turns":5.0},{"damage":0.0,"enemies":"3 Sentries","floor":13.0,"turns":6.0},{"damage":23.0,"enemies":"The Guardian","floor":16.0,"turns":13.0},{"damage":3.0,"enemies":"Shell Parasite","floor":18.0,"turns":5.0},{"damage":7.0,"enemies":"3 Byrds","floor":20.0,"turns":6.0},{"damage":8.0,"enemies":"Snake Plant","floor":22.0,"turns":4.0},{"damage":14.0,"enemies":"Book of Stabbing","floor":23.0,"turns":6.0},{"damage":0.0,"enemies":"Snecko","floor":25.0,"turns":5.0},{"damage":4.0,"enemies":"Slavers","floor":27.0,"turns":8.0},{"damage":8.0,"enemies":"Chosen and Byrds","floor":28.0,"turns":8.0},{"damage":0.0,"enemies":"Cultist and Chosen","floor":29.0,"turns":8.0},{"damage":3.0,"enemies":"Book of Stabbing","floor":31.0,"turns":6.0},{"damage":10.0,"enemies":"Champ","floor":33.0,"turns":12.0},{"damage":6.0,"enemies":"Orb Walker","floor":35.0,"turns":4.0},{"damage":0,"enemies":"3 Darklings","floor":36,"turns":6},{"damage":5,"enemies":"Spire Growth","floor":37,"turns":7},{"damage":0,"enemies":"4 Shapes","floor":38,"turns":10},{"damage":9,"enemies":"Giant Head","floor":40,"turns":10},{"damage":7,"enemies":"Nemesis","floor":42,"turns":7},{"damage":0,"enemies":"Giant Head","floor":44,"turns":11},{"damage":0,"enemies":"Reptomancer","floor":47,"turns":7},{"damage":0,"enemies":"Maw","floor":48,"turns":6},{"damage":0,"enemies":"Awakened One","floor":50,"turns":13}],"seed_played":"4165377171770861300","potions_obtained":[{"floor":7.0,"key":"SkillPotion"},{"floor":11.0,"key":"SteroidPotion"},{"floor":16.0,"key":"SteroidPotion"},{"floor":20.0,"key":"GamblersBrew"},{"floor":22.0,"key":"PowerPotion"},{"floor":27.0,"key":"Explosive Potion"},{"floor":29.0,"key":"Ancient Potion"}],"is_trial":false,"path_per_floor":["M","M","?","$","?","R","E","R","T","M","?","?","E","T","R","B",null,"M","$","M","?","M","E","R","M","T","E","M","M","R","E","R","B",null,"M","M","M","M","$","E","R","E","T","E","R","?","E","M","R","B",null],"character_chosen":"DEFECT","items_purchased":["Runic Capacitor","Block Potion","Mummified Hand","Chill","Heatsinks+1","Compile Driver","Oddly Smooth Stone","Finesse"],"campfire_rested":3,"item_purchase_floors":[4,4,19,19,39,39,39,39],"current_hp_per_floor":[55,47,47,47,47,47,33,33,33,26,8,8,8,8,42,19,53,50,50,43,43,35,21,55,55,55,51,43,43,43,40,40,30,56,50,50,45,45,45,36,64,57,57,66,66,66,68,72,72,72],"gold":214,"neow_bonus":"HUNDRED_GOLD","is_prod":false,"is_daily":false,"chose_seed":false,"campfire_upgraded":6,"win_rate":0,"timestamp":1557335512,"path_taken":["M","M","?","$","?","R","E","R","T","M","?","?","E","?","R","BOSS","M","$","M","?","M","E","R","M","T","E","M","M","R","E","R","BOSS","M","M","M","M","$","E","R","E","T","E","R","?","E","?","R","BOSS"],"build_version":"2019-01-23","purchased_purges":1,"victory":true,"max_hp_per_floor":[71,71,71,71,64,64,64,64,64,64,64,64,64,64,64,64,64,64,64,64,64,64,64,64,64,64,64,64,64,64,64,64,64,64,64,64,64,64,64,64,64,64,64,66,66,66,68,72,72,72],"card_choices":[{"not_picked":["Gash","Skim"],"picked":"Streamline","floor":1.0},{"not_picked":["Conserve Battery","Go for the Eyes"],"picked":"Defragment","floor":2.0},{"not_picked":["FTL","Self Repair"],"picked":"Gash","floor":7.0},{"not_picked":["Reprogram","Tempest"],"picked":"Glacier","floor":10.0},{"not_picked":["Core Surge","Doom and Gloom"],"picked":"Cold Snap","floor":11.0},{"not_picked":["Streamline","Barrage"],"picked":"Hologram","floor":13.0},{"not_picked":["Rainbow","All For One"],"picked":"Echo Form+1","floor":16.0},{"not_picked":["Streamline","Reprogram","Undo"],"picked":"SKIP","floor":18.0},{"not_picked":["Gash","Hologram","Streamline"],"picked":"SKIP","floor":20.0},{"not_picked":["Auto Shields","Turbo"],"picked":"Undo+1","floor":22.0},{"not_picked":["Barrage","Sunder"],"picked":"Biased Cognition+1","floor":23.0},{"not_picked":["Rebound+1","Reprogram"],"picked":"Glacier","floor":25.0},{"not_picked":["Rebound","Hologram","Gash"],"picked":"SKIP","floor":27.0},{"not_picked":["Force Field","Steam","Gash"],"picked":"SKIP","floor":28.0},{"not_picked":["Hologram","Lockon+1"],"picked":"Blizzard","floor":29.0},{"not_picked":["Leap","Recycle"],"picked":"Core Surge","floor":31.0},{"not_picked":["Meteor Strike","Core Surge"],"picked":"Fission","floor":33.0},{"not_picked":[],"picked":"Ball Lightning+1","floor":35.0},{"not_picked":["Redo"],"picked":"SKIP","floor":36},{"not_picked":["Lockon"],"picked":"SKIP","floor":37},{"not_picked":["Double Energy"],"picked":"SKIP","floor":38},{"not_picked":["Rebound+1"],"picked":"SKIP","floor":40},{"not_picked":[],"picked":"Self Repair+1","floor":42},{"not_picked":["Streamline"],"picked":"Singing Bowl","floor":44},{"not_picked":["Amplify"],"picked":"Singing Bowl","floor":47},{"not_picked":["Gash"],"picked":"Singing Bowl","floor":48},{"not_picked":["Scrape+1"],"picked":"Singing Bowl","floor":48}],"player_experience":2592863,"relics_obtained":[{"floor":7.0,"key":"Happy Flower"},{"floor":9.0,"key":"Regal Pillow"},{"floor":11.0,"key":"Odd Mushroom"},{"floor":13.0,"key":"Centennial Puzzle"},{"floor":14.0,"key":"Frozen Egg 2"},{"floor":23.0,"key":"Whetstone"},{"floor":26.0,"key":"MawBank"},{"floor":27.0,"key":"Bag of Marbles"},{"floor":31.0,"key":"Darkstone Periapt"},{"floor":40,"key":"Prayer Wheel"},{"floor":42,"key":"Smiling Mask"},{"floor":43,"key":"Bottled Lightning"},{"floor":44,"key":"Singing Bowl"},{"floor":47,"key":"Anchor"}],"event_choices":[{"damage_healed":0.0,"max_hp_gain":0.0,"max_hp_loss":0.0,"gold_gain":73.0,"event_name":"Golden Wing","player_choice":"Gained Gold","floor":3.0,"gold_loss":0.0,"damage_taken":0.0},{"damage_healed":0.0,"max_hp_gain":0.0,"max_hp_loss":7.0,"gold_gain":0.0,"event_name":"Golden Idol","player_choice":"Lose Max HP","floor":5.0,"gold_loss":0.0,"damage_taken":0.0,"relics_obtained":["Golden Idol"]},{"damage_healed":0.0,"max_hp_gain":0.0,"max_hp_loss":0.0,"gold_gain":0.0,"event_name":"Mushrooms","player_choice":"Fought Mushrooms","floor":11.0,"gold_loss":0.0,"damage_taken":0.0},{"damage_healed":0.0,"max_hp_gain":0.0,"max_hp_loss":0.0,"gold_gain":0.0,"event_name":"Shining Light","player_choice":"Ignored","floor":12.0,"gold_loss":0.0,"damage_taken":0.0},{"damage_healed":0.0,"max_hp_gain":0.0,"max_hp_loss":0.0,"gold_gain":0.0,"event_name":"Back to Basics","player_choice":"Simplicity","floor":21.0,"gold_loss":0.0,"damage_taken":0.0,"cards_upgraded":["Strike_B","Strike_B","Strike_B","Strike_B","Defend_B","Defend_B","Defend_B","Defend_B"]},{"cards_removed":["Strike_B"],"damage_healed":0,"gold_gain":0,"player_choice":"Upgrade and Remove","damage_taken":0,"max_hp_gain":0,"max_hp_loss":0,"event_name":"Designer","floor":46,"gold_loss":110,"cards_upgraded":["Core Surge"]}],"is_beta":false,"boss_relics":[{"not_picked":["Coffee Dripper","Runic Pyramid"],"picked":"Nuclear Battery"},{"not_picked":["Snecko Eye","Calling Bell"],"picked":"Busted Crown"}],"items_purged_floors":[39],"is_endless":false,"potions_floor_spawned":[7,11,16,20,22,27,29,36,40,48],"ascension_level":15}