{"gold_per_floor":[117,137,87,87,107,137,137,137,137,137,155,155,171,183,183,284,284,301,400,162,72,87,87,116,116,143,157,157,173,173,187,187,187],"floor_reached":33,"playtime":901,"items_purged":["Strike_R"],"score":267,"play_id":"1afd3a86-8dd9-48b9-8f2b-202ad5877a14","local_time":"20181217203221","is_ascension_mode":false,"campfire_choices":[{"data":"Uppercut","floor":7,"key":"SMITH"},{"data":"Inflame","floor":10,"key":"SMITH"},{"data":"True Grit","floor":15,"key":"SMITH"},{"data":"Apotheosis","floor":23,"key":"SMITH"},{"data":"Pummel","floor":25,"key":"SMITH"},{"data":"Bash","floor":28,"key":"SMITH"},{"data":"Heavy Blade","floor":32,"key":"SMITH"}],"neow_cost":"NONE","seed_source_timestamp":129510870606628,"circlet_count":0,"master_deck":["Strike_R","Defend_R","Defend_R","Defend_R","Defend_R","Bash+1","Uppercut+1","Inflame+1","Twin Strike","True Grit+1","Pummel+1","Reaper+1","Sword Boomerang+1","Apotheosis+1","Shrug It Off+1","Pommel Strike+1","Iron Wave","Heavy Blade+1"],"relics":["Sozu"],"potions_floor_usage":[],"damage_taken":[{"damage":1,"enemies":"Jaw Worm","floor":1,"turns":3},{"damage":0,"enemies":"Small Slimes","floor":2,"turns":3},{"damage":0,"enemies":"Cultist","floor":5,"turns":2},{"damage":10,"enemies":"Gremlin Nob","floor":6,"turns":3},{"damage":0,"enemies":"2 Fungi Beasts","floor":11,"turns":3},{"damage":4,"enemies":"Exordium Wildlife","floor":13,"turns":2},{"damage":1,"enemies":"Red Slaver","floor":14,"turns":3},{"damage":21,"enemies":"Hexaghost","floor":16,"turns":10},{"damage":9,"enemies":"Shell Parasite","floor":18,"turns":5},{"damage":15,"enemies":"3 Byrds","floor":22,"turns":5},{"damage":26,"enemies":"Book of Stabbing","floor":24,"turns":6},{"damage":8,"enemies":"Cultist and Chosen","floor":27,"turns":4},{"damage":10,"enemies":"Snake Plant","floor":29,"turns":6},{"damage":12,"enemies":"3 Cultists","floor":31,"turns":5},{"damage":59,"enemies":"Champ","floor":33,"turns":9}],"seed_played":"5543417936706674726","potions_obtained":[],"is_trial":false,"path_per_floor":["M","M","?","?","M","E","R","$","T","R","M","?","M","M","R","B",null,"M","?","$","?","M","R","E","R","T","M","R","M","?","M","R","B"],"character_chosen":"IRONCLAD","items_purchased":["Apotheosis"],"campfire_rested":0,"item_purchase_floors":[20],"current_hp_per_floor":[79,79,79,72,72,62,62,62,62,62,62,62,58,57,57,36,80,71,71,71,71,68,68,54,54,54,58,58,57,57,45,45,0],"gold":187,"neow_bonus":"BOSS_RELIC","is_prod":false,"is_daily":false,"chose_seed":false,"campfire_upgraded":7,"win_rate":0,"timestamp":1545107541,"path_taken":["M","M","?","?","M","E","R","?","T","R","M","?","?","M","R","BOSS","M","?","$","?","?","R","E","R","T","M","R","M","?","?","R","BOSS"],"build_version":"2018-12-13","purchased_purges":1,"victory":false,"max_hp_per_floor":[80,80,80,80,80,80,80,80,80,80,80,80,80,80,80,80,80,80,80,80,80,80,80,80,80,80,80,80,80,80,80,80,80],"card_choices":[{"not_picked":["Warcry","Hemokinesis"],"picked":"Uppercut","floor":1},{"not_picked":["Clash","Headbutt"],"picked":"Inflame","floor":2},{"not_picked":["Heavy Blade","Warcry"],"picked":"Twin Strike","floor":5},{"not_picked":["Heavy Blade","Entrench"],"picked":"True Grit","floor":6},{"not_picked":["Twin Strike","Thunderclap"],"picked":"Pummel","floor":11},{"not_picked":["Infernal Blade","Clash","Sever Soul"],"picked":"SKIP","floor":13},{"not_picked":["Perfected Strike","Cleave","Sword Boomerang"],"picked":"SKIP","floor":14},{"not_picked":["Brutality","Bludgeon"],"picked":"Reaper","floor":16},{"not_picked":["Dual Wield","Corruption+1"],"picked":"Sword Boomerang+1","floor":18},{"not_picked":["Anger","Pommel Strike"],"picked":"Shrug It Off+1","floor":22},{"not_picked":["Warcry","Juggernaut"],"picked":"Pommel Strike+1","floor":24},{"not_picked":["Bloodletting","Heavy Blade","Evolve+1"],"picked":"SKIP","floor":27},{"not_picked":["Flex+1","Pommel Strike"],"picked":"Iron Wave","floor":29},{"not_picked":["Clothesline","Wild Strike+1"],"picked":"Heavy Blade","floor":31}],"player_experience":1839134,"relics_obtained":[],"event_choices":[{"cards_removed":["Strike_R"],"damage_healed":0,"gold_gain":0,"player_choice":"Card Removal","damage_taken":0,"max_hp_gain":0,"max_hp_loss":0,"event_name":"The Cleric","floor":3,"gold_loss":50},{"cards_removed":["Strike_R"],"damage_healed":0,"gold_gain":0,"player_choice":"Card Removal","damage_taken":7,"max_hp_gain":0,"max_hp_loss":0,"event_name":"Golden Wing","floor":4,"gold_loss":0},{"damage_healed":0,"gold_gain":0,"player_choice":"Got Potions","damage_taken":0,"max_hp_gain":0,"max_hp_loss":0,"event_name":"Lab","floor":12,"gold_loss":0},{"damage_healed":0,"gold_gain":99,"player_choice":"Stole From Cult","damage_taken":0,"max_hp_gain":0,"max_hp_loss":0,"event_name":"Nest","floor":19,"gold_loss":0},{"cards_removed":["Strike_R"],"damage_healed":0,"gold_gain":0,"player_choice":"Upgrade and Remove","damage_taken":0,"max_hp_gain":0,"max_hp_loss":0,"event_name":"Designer","floor":21,"gold_loss":90,"cards_upgraded":["Reaper"]},{"damage_healed":0,"gold_gain":0,"player_choice":"Bought 0 Potions","damage_taken":0,"max_hp_gain":0,"max_hp_loss":0,"event_name":"The Woman in Blue","floor":30,"gold_loss":0}],"is_beta":false,"boss_relics":[{"not_picked":["Fusion Hammer","White Beast Statue","Runic Dome"]}],"items_purged_floors":[20],"is_endless":false,"potions_floor_spawned":[2,5,14,22,24,27,29],"killed_by":"Champ","ascension_level":0}