{"gold_per_floor":[20,34,184,184,184,184,214,224,224,224,239,249,282,303,303,376,376,393,393,404,404,18,18,44,54,54,74,84,84,102,114,114,192,192,202,221,234,250,51,51,86,136,136,167,184,196,196,216,216,216],"floor_reached":51,"playtime":2075,"items_purged":[],"score":1428,"play_id":"d7de743d-de60-418b-a836-76e7ea08d83d","local_time":"25611214210216","is_ascension_mode":true,"campfire_choices":[{"data":"Whirlwind","floor":6.0,"key":"SMITH"},{"data":"Spot Weakness","floor":10.0,"key":"SMITH"},{"data":"Heavy Blade","floor":15.0,"key":"SMITH"},{"data":"Dual Wield","floor":29.0,"key":"SMITH"},{"data":"Iron Wave","floor":32.0,"key":"SMITH"},{"data":"Bash","floor":40.0,"key":"SMITH"},{"data":"Seeing Red","floor":47,"key":"SMITH"},{"data":"Bite","floor":49,"key":"SMITH"}],"neow_cost":"NO_GOLD","seed_source_timestamp":5449718240409,"circlet_count":0,"master_deck":["AscendersBane","Defend_R","Defend_R","Defend_R","Bash+1","Dual Wield+1","Seeing Red+1","Whirlwind+1","Spot Weakness+1","Reaper","Entrench+1","Heavy Blade+1","Iron Wave+1","Battle Trance+1","Double Tap+1","Flex+1","Bite","Bite","Bite","Bite","Bite+1","Shrug It Off+1","True Grit+1","Offering+1","Shockwave+1","Offering+1","Seeing Red+1","Bloodletting+1","Heavy Blade+1","Rupture+1","Pommel Strike+1","True Grit+1","Good Instincts+1","Shrug It Off+1","Shrug It Off+1"],"special_seed":0,"relics":["Burning Blood","Toxic Egg 2","Bag of Marbles","Odd Mushroom","Philosopher\u0027s Stone","Pen Nib","Sling","Molten Egg 2","Pear","Mark of Pain","Bottled Flame","Frozen Egg 2","Meat on the Bone"],"potions_floor_usage":[45,50,50],"damage_taken":[{"damage":11.0,"enemies":"Jaw Worm","floor":1.0,"turns":5.0},{"damage":0.0,"enemies":"2 Louse","floor":2.0,"turns":1.0},{"damage":20.0,"enemies":"Gremlin Nob","floor":7.0,"turns":4.0},{"damage":25.0,"enemies":"Small Slimes","floor":8.0,"turns":3.0},{"damage":12.0,"enemies":"Exordium Wildlife","floor":11.0,"turns":3.0},{"damage":10.0,"enemies":"Large Slime","floor":12.0,"turns":5.0},{"damage":25.0,"enemies":"3 Sentries","floor":13.0,"turns":4.0},{"damage":1.0,"enemies":"The Mushroom Lair","floor":14.0,"turns":2.0},{"damage":72.0,"enemies":"Slime Boss","floor":16.0,"turns":9.0},{"damage":8.0,"enemies":"Chosen","floor":18.0,"turns":3.0},{"damage":0.0,"enemies":"2 Thieves","floor":20.0,"turns":1.0},{"damage":16.0,"enemies":"Slavers","floor":24.0,"turns":6.0},{"damage":38.0,"enemies":"Snecko","floor":25.0,"turns":4.0},{"damage":7.0,"enemies":"Sentry and Sphere","floor":27.0,"turns":3.0},{"damage":22.0,"enemies":"Centurion and Healer","floor":28.0,"turns":4.0},{"damage":19.0,"enemies":"Cultist and Chosen","floor":30.0,"turns":5.0},{"damage":12.0,"enemies":"Snecko","floor":31.0,"turns":5.0},{"damage":62.0,"enemies":"Champ","floor":33.0,"turns":8.0},{"damage":6.0,"enemies":"3 Darklings","floor":35.0,"turns":2.0},{"damage":31.0,"enemies":"3 Shapes","floor":36.0,"turns":3.0},{"damage":51.0,"enemies":"Transient","floor":37.0,"turns":6.0},{"damage":38.0,"enemies":"3 Darklings","floor":38.0,"turns":3.0},{"damage":10.0,"enemies":"Reptomancer","floor":41.0,"turns":3.0},{"damage":42,"enemies":"Giant Head","floor":44,"turns":6},{"damage":0,"enemies":"Spire Growth","floor":45,"turns":2},{"damage":0,"enemies":"Sphere and 2 Shapes","floor":46,"turns":1},{"damage":0,"enemies":"Jaw Worm Horde","floor":48,"turns":1},{"damage":84,"enemies":"Awakened One","floor":50,"turns":11}],"seed_played":"-8112332362451805745","potions_obtained":[{"floor":2.0,"key":"BloodPotion"},{"floor":7.0,"key":"BloodPotion"},{"floor":11.0,"key":"BloodPotion"},{"floor":12.0,"key":"FearPotion"},{"floor":16.0,"key":"GamblersBrew"},{"floor":23.0,"key":"Ancient Potion"},{"floor":23.0,"key":"Regen Potion"},{"floor":27.0,"key":"LiquidBronze"},{"floor":30.0,"key":"Weak Potion"},{"floor":36.0,"key":"FearPotion"},{"floor":41.0,"key":"Dexterity Potion"},{"floor":44,"key":"Fire Potion"},{"floor":46,"key":"Energy Potion"}],"is_trial":false,"path_per_floor":["M","M","?","?","?","R","E","M","T","R","M","M","E","?","R","B",null,"M","?","M","?","$","?","E","M","T","M","M","R","M","M","R","B",null,"M","M","M","M","$","R","E","?","T","E","M","M","R","M","R","B",null],"character_chosen":"IRONCLAD","items_purchased":["Pen Nib","Sling","Pommel Strike+1","True Grit+1","Good Instincts+1"],"campfire_rested":0,"item_purchase_floors":[22,22,39,39,39],"current_hp_per_floor":[63,69,69,74,67,67,53,56,56,56,66,76,59,66,66,16,64,70,70,76,76,76,76,80,52,62,78,76,76,85,90,90,58,82,88,73,56,90,90,90,90,90,90,64,82,88,88,90,90,66],"gold":216,"neow_bonus":"TRANSFORM_TWO_CARDS","is_prod":false,"is_daily":false,"chose_seed":false,"campfire_upgraded":8,"win_rate":0,"timestamp":1544796136,"path_taken":["M","M","?","?","?","R","E","M","T","R","?","M","E","?","R","BOSS","M","?","M","?","$","?","E","M","T","M","?","R","M","M","R","BOSS","M","M","?","?","$","R","E","?","T","E","M","?","R","M","R","BOSS"],"build_version":"2018-12-13","purchased_purges":0,"victory":true,"max_hp_per_floor":[75,75,75,80,80,80,80,80,80,80,80,80,80,80,80,80,80,80,80,80,80,80,80,80,80,90,90,90,90,90,90,90,90,90,90,90,90,90,90,90,90,90,90,90,90,90,90,90,90,90],"card_choices":[{"not_picked":["Perfected Strike","Iron Wave"],"picked":"Whirlwind","floor":1.0},{"not_picked":["Warcry","Hemokinesis"],"picked":"Spot Weakness","floor":2.0},{"not_picked":["Thunderclap","Flex"],"picked":"Reaper","floor":7.0},{"not_picked":["Perfected Strike","Clothesline"],"picked":"Entrench+1","floor":8.0},{"not_picked":["Cleave","Blood for Blood"],"picked":"Heavy Blade","floor":11.0},{"not_picked":["Spot Weakness+1","Havoc+1"],"picked":"Iron Wave","floor":12.0},{"not_picked":["Rampage","Clash"],"picked":"Battle Trance+1","floor":13.0},{"not_picked":["Impervious+1","Exhume+1"],"picked":"Double Tap+1","floor":16.0},{"not_picked":["Anger","Disarm+1"],"picked":"Flex+1","floor":18.0},{"not_picked":["Uppercut","Sword Boomerang"],"picked":"Shrug It Off+1","floor":20.0},{"not_picked":["Clash","Cleave","Perfected Strike"],"picked":"SKIP","floor":24.0},{"not_picked":["Pommel Strike+1","Wild Strike+1","Dual Wield+1"],"picked":"SKIP","floor":25.0},{"not_picked":["Twin Strike+1","Flex+1"],"picked":"Offering+1","floor":27.0},{"not_picked":["Uppercut+1","Cleave+1"],"picked":"Shockwave+1","floor":28.0},{"not_picked":["Rupture","Headbutt+1","Body Slam+1"],"picked":"SKIP","floor":30.0},{"not_picked":["Flex+1","Headbutt+1","Wild Strike+1"],"picked":"SKIP","floor":31.0},{"not_picked":["Fiend Fire+1","Feed+1"],"picked":"Offering+1","floor":33.0},{"not_picked":["Headbutt+1","Sword Boomerang+1"],"picked":"Seeing Red+1","floor":35.0},{"not_picked":["Shockwave+1","Thunderclap+1"],"picked":"Bloodletting+1","floor":36.0},{"not_picked":["Iron Wave+1","Havoc+1"],"picked":"Heavy Blade+1","floor":37.0},{"not_picked":["Clash+1","Combust"],"picked":"Rupture+1","floor":38.0},{"not_picked":["Heavy Blade+1","Corruption","Clothesline+1"],"picked":"SKIP","floor":41.0},{"not_picked":["Armaments+1","Headbutt+1"],"picked":"Shrug It Off+1","floor":44},{"not_picked":["Twin Strike+1","Rampage+1","Flex+1"],"picked":"SKIP","floor":45},{"not_picked":["Carnage+1","Clash+1","Juggernaut+1"],"picked":"SKIP","floor":46},{"not_picked":["True Grit+1","Intimidate+1"],"picked":"Shrug It Off+1","floor":48}],"player_experience":206226,"relics_obtained":[{"floor":7.0,"key":"Toxic Egg 2"},{"floor":9.0,"key":"Blood Vial"},{"floor":13.0,"key":"Bag of Marbles"},{"floor":14.0,"key":"Odd Mushroom"},{"floor":24.0,"key":"Molten Egg 2"},{"floor":26.0,"key":"Pear"},{"floor":41.0,"key":"Bottled Flame"},{"floor":43.0,"key":"Frozen Egg 2"},{"floor":44,"key":"Meat on the Bone"}],"event_choices":[{"damage_healed":0.0,"max_hp_gain":0.0,"max_hp_loss":0.0,"gold_gain":150.0,"event_name":"Liars Game","player_choice":"AGREE","floor":3.0,"gold_loss":0.0,"damage_taken":0.0,"cards_obtained":["Doubt"]},{"damage_healed":0.0,"max_hp_gain":5.0,"max_hp_loss":0.0,"gold_gain":0.0,"event_name":"Big Fish","player_choice":"Donut","floor":4.0,"gold_loss":0.0,"damage_taken":0.0},{"cards_removed":["Doubt"],"damage_healed":0.0,"max_hp_gain":0.0,"max_hp_loss":0.0,"gold_gain":0.0,"event_name":"Golden Wing","player_choice":"Card Removal","floor":5.0,"gold_loss":0.0,"damage_taken":7.0},{"damage_healed":0.0,"max_hp_gain":0.0,"max_hp_loss":0.0,"gold_gain":0.0,"event_name":"Mushrooms","player_choice":"Fought Mushrooms","floor":14.0,"gold_loss":0.0,"damage_taken":0.0},{"damage_healed":0.0,"max_hp_gain":0.0,"max_hp_loss":0.0,"gold_gain":0.0,"event_name":"Vampires","player_choice":"Became a vampire (Vial)","floor":19.0,"relics_lost":["Blood Vial"],"gold_loss":0.0,"damage_taken":0.0,"cards_obtained":["Bite","Bite","Bite","Bite","Bite"]},{"damage_healed":0.0,"max_hp_gain":0.0,"max_hp_loss":0.0,"gold_gain":0.0,"event_name":"The Library","player_choice":"Read","floor":21.0,"gold_loss":0.0,"damage_taken":0.0,"cards_obtained":["True Grit"]},{"damage_healed":0.0,"max_hp_gain":0.0,"max_hp_loss":0.0,"gold_gain":0.0,"event_name":"Lab","player_choice":"Got Potions","floor":23.0,"gold_loss":0.0,"damage_taken":0.0},{"damage_healed":0.0,"max_hp_gain":0.0,"max_hp_loss":0.0,"gold_gain":50.0,"event_name":"Golden Shrine","player_choice":"Pray","floor":42.0,"gold_loss":0.0,"damage_taken":0.0}],"is_beta":false,"boss_relics":[{"not_picked":["Tiny House","Ectoplasm"],"picked":"Philosopher\u0027s Stone"},{"not_picked":["Sozu","Snecko Eye"],"picked":"Mark of Pain"}],"items_purged_floors":[],"is_endless":false,"potions_floor_spawned":[2,7,11,12,14,16,24,27,30,36,41,44,46],"ascension_level":17}