{"gold_per_floor":[113,188,188,188,263,297,297,324,324,337,367,382,399,416,416,490,490,510,560,560,65,65,95,111,111],"floor_reached":25,"playtime":941,"items_purged":["Pain"],"score":578,"play_id":"abca7c58-2795-4efe-aa0c-692ec7895541","local_time":"20190201090414","is_ascension_mode":true,"campfire_choices":[{"data":"Zap","floor":7.0,"key":"SMITH"},{"data":"Sunder","floor":15.0,"key":"SMITH"}],"neow_cost":"NONE","seed_source_timestamp":0,"circlet_count":0,"master_deck":["AscendersBane","Strike_B+1","Strike_B","Strike_B","Strike_B","Defend_B+1","Defend_B","Defend_B","Defend_B","Zap+1","Dualcast","Leap","Echo Form","Sunder+1","Sweeping Beam","Rebound","Double Energy","Gash","Hyperbeam","Writhe","Regret","Conserve Battery+1","Turbo+1","Conserve Battery+1","Go for the Eyes","Defragment","Double Energy+1","Coolheaded+1"],"special_seed":0,"relics":["Cracked Core","NeowsBlessing","Darkstone Periapt","Bag of Marbles","Shuriken","Kunai","Bronze Scales","Calling Bell","Orichalcum","Toxic Egg 2","Prayer Wheel","Dead Branch","Ornamental Fan","Question Card"],"potions_floor_usage":[23,24],"damage_taken":[{"damage":0.0,"enemies":"2 Louse","floor":1.0,"turns":1.0},{"damage":0.0,"enemies":"3 Sentries","floor":6.0,"turns":1.0},{"damage":0.0,"enemies":"Lagavulin","floor":8.0,"turns":1.0},{"damage":7.0,"enemies":"Jaw Worm","floor":10.0,"turns":3.0},{"damage":10.0,"enemies":"3 Sentries","floor":11.0,"turns":7.0},{"damage":0.0,"enemies":"Small Slimes","floor":12.0,"turns":3.0},{"damage":12.0,"enemies":"Exordium Wildlife","floor":13.0,"turns":3.0},{"damage":14.0,"enemies":"Exordium Thugs","floor":14.0,"turns":3.0},{"damage":8.0,"enemies":"Hexaghost","floor":16.0,"turns":8.0},{"damage":5.0,"enemies":"3 Byrds","floor":18.0,"turns":2.0},{"damage":57,"enemies":"Book of Stabbing","floor":23,"turns":7},{"damage":2,"enemies":"Chosen","floor":24,"turns":4},{"damage":10,"enemies":"Snake Plant","floor":25,"turns":2}],"seed_played":"6501168503750982383","potions_obtained":[{"floor":1.0,"key":"GamblersBrew"},{"floor":8.0,"key":"GamblersBrew"},{"floor":11.0,"key":"LiquidBronze"},{"floor":23,"key":"Swift Potion"}],"is_trial":false,"path_per_floor":["M","?","?","?","T","E","R","E","T","M","E","M","M","M","R","B",null,"M","?","?","$","T","E","M","M"],"character_chosen":"DEFECT","items_purchased":["Dead Branch","Go for the Eyes","GamblersBrew"],"campfire_rested":0,"item_purchase_floors":[21,21,21],"current_hp_per_floor":[64,53,32,55,55,55,55,55,55,48,38,38,26,12,12,4,72,67,67,67,67,67,10,8,0],"gold":111,"neow_bonus":"THREE_ENEMY_KILL","is_prod":false,"is_daily":false,"chose_seed":true,"campfire_upgraded":2,"win_rate":0,"timestamp":1548983054,"path_taken":["M","?","?","?","?","E","R","E","T","M","E","?","M","M","R","BOSS","M","?","?","$","?","E","?","M"],"build_version":"2019-01-23","purchased_purges":1,"victory":false,"max_hp_per_floor":[71,71,71,71,71,71,71,71,71,71,71,71,71,71,71,71,89,89,89,89,89,89,89,89,89],"card_choices":[{"not_picked":["Loop","Redo"],"picked":"Leap","floor":1.0},{"not_picked":["Coolheaded","Undo"],"picked":"Echo Form","floor":6.0},{"not_picked":["Ball Lightning","Redo"],"picked":"Sunder","floor":8.0},{"not_picked":["Reprogram","Undo"],"picked":"Sweeping Beam","floor":10.0},{"not_picked":["Consume","Rebound","Redo"],"picked":"SKIP","floor":11.0},{"not_picked":["Scrape","Fusion"],"picked":"Rebound","floor":12.0},{"not_picked":["Scrape","Self Repair"],"picked":"Double Energy","floor":13.0},{"not_picked":["Steam","Stack"],"picked":"Gash","floor":14.0},{"not_picked":["Machine Learning","Seek"],"picked":"Hyperbeam","floor":16.0},{"not_picked":["Storm","Stack+1"],"picked":"Conserve Battery+1","floor":18.0},{"not_picked":["Lockon","Stack+1"],"picked":"Turbo+1","floor":18.0},{"not_picked":["Force Field+1","Sunder+1"],"picked":"Defragment","floor":23},{"not_picked":["Cold Snap","Rebound","Stack+1"],"picked":"Double Energy+1","floor":24},{"not_picked":["Redo+1","Machine Learning","Steam+1"],"picked":"Coolheaded+1","floor":24}],"player_experience":1247253,"relics_obtained":[{"floor":5.0,"key":"Darkstone Periapt"},{"floor":6.0,"key":"Bag of Marbles"},{"floor":8.0,"key":"Shuriken"},{"floor":9.0,"key":"Kunai"},{"floor":11.0,"key":"Bronze Scales"},{"floor":17.0,"key":"Orichalcum"},{"floor":17.0,"key":"Toxic Egg 2"},{"floor":17.0,"key":"Prayer Wheel"},{"floor":22.0,"key":"Ornamental Fan"},{"floor":23,"key":"Question Card"}],"event_choices":[{"damage_healed":0.0,"max_hp_gain":0.0,"max_hp_loss":0.0,"gold_gain":75.0,"event_name":"World of Goop","player_choice":"Gather Gold","floor":2.0,"gold_loss":0.0,"damage_taken":11.0},{"damage_healed":0.0,"max_hp_gain":0.0,"max_hp_loss":0.0,"gold_gain":0.0,"event_name":"Shining Light","player_choice":"Entered Light","floor":3.0,"gold_loss":0.0,"damage_taken":21.0,"cards_upgraded":["Defend_B","Strike_B"]},{"damage_healed":23.0,"max_hp_gain":0.0,"max_hp_loss":0.0,"gold_gain":0.0,"event_name":"Big Fish","player_choice":"Banana","floor":4.0,"gold_loss":0.0,"damage_taken":0.0},{"damage_healed":0.0,"max_hp_gain":0.0,"max_hp_loss":0.0,"gold_gain":50.0,"event_name":"Nest","player_choice":"Stole From Cult","floor":19.0,"gold_loss":0.0,"damage_taken":0.0},{"damage_healed":0.0,"max_hp_gain":0.0,"max_hp_loss":0.0,"gold_gain":0.0,"event_name":"The Library","player_choice":"Read","floor":20.0,"gold_loss":0.0,"damage_taken":0.0,"cards_obtained":["Conserve Battery"]}],"is_beta":true,"boss_relics":[{"not_picked":["Philosopher\u0027s Stone","Velvet Choker"],"picked":"Calling Bell"}],"items_purged_floors":[21],"is_endless":false,"potions_floor_spawned":[1,8,11,13,23],"killed_by":"Snake Plant","ascension_level":20}