{"gold_per_floor":[117,127,127,127,402,431,445,445],"floor_reached":8,"playtime":151,"items_purged":[],"score":56,"play_id":"57c6ee68-ca6a-4636-8de7-1cdee895227b","local_time":"20190110003355","is_ascension_mode":false,"campfire_choices":[],"neow_cost":"NONE","seed_source_timestamp":13554538739498,"circlet_count":0,"master_deck":["Strike_R","Strike_R","Strike_R","Strike_R","Strike_R","Defend_R+1","Defend_R","Defend_R","Defend_R+1","Bash","Thunderclap","Sword Boomerang","Regret","Regret","Second Wind","Iron Wave"],"relics":["Black Star","Blood Vial","Kunai","The Courier"],"potions_floor_usage":[6],"damage_taken":[{"damage":6,"enemies":"Cultist","floor":1,"turns":3},{"damage":0,"enemies":"Small Slimes","floor":2,"turns":3},{"damage":61,"enemies":"Lagavulin","floor":6,"turns":6},{"damage":4,"enemies":"2 Louse","floor":7,"turns":2},{"damage":10,"enemies":"Lots of Slimes","floor":8,"turns":1}],"seed_played":"-3713516651570861911","potions_obtained":[{"floor":1,"key":"BloodPotion"},{"floor":7,"key":"SpeedPotion"}],"is_trial":false,"path_per_floor":["M","M","?","?","?","E","M","M"],"character_chosen":"IRONCLAD","items_purchased":[],"campfire_rested":0,"item_purchase_floors":[],"current_hp_per_floor":[74,74,74,58,58,7,5,0],"gold":445,"neow_bonus":"BOSS_RELIC","is_prod":false,"is_daily":false,"chose_seed":false,"campfire_upgraded":0,"win_rate":0,"timestamp":1547076835,"path_taken":["M","M","?","?","?","E","M","M"],"build_version":"2019-01-03v4","purchased_purges":0,"victory":false,"max_hp_per_floor":[80,80,80,80,80,80,80,80],"card_choices":[{"not_picked":["Burning Pact","Shrug It Off"],"picked":"Thunderclap","floor":1},{"not_picked":["Heavy Blade","Corruption"],"picked":"Sword Boomerang","floor":2},{"not_picked":["Heavy Blade","Burning Pact"],"picked":"Second Wind","floor":6},{"not_picked":["Entrench","Body Slam"],"picked":"Iron Wave","floor":7}],"player_experience":430146,"relics_obtained":[{"floor":6,"key":"Kunai"},{"floor":6,"key":"The Courier"}],"event_choices":[{"damage_healed":0,"gold_gain":0,"player_choice":"Box","damage_taken":0,"relics_obtained":["Blood Vial"],"max_hp_gain":0,"max_hp_loss":0,"event_name":"Big Fish","floor":3,"gold_loss":0,"cards_obtained":["Regret"]},{"damage_healed":0,"gold_gain":0,"player_choice":"Entered Light","damage_taken":16,"max_hp_gain":0,"max_hp_loss":0,"event_name":"Shining Light","floor":4,"gold_loss":0,"cards_upgraded":["Defend_R","Defend_R"]},{"damage_healed":0,"gold_gain":275,"player_choice":"Desecrate","damage_taken":0,"max_hp_gain":0,"max_hp_loss":0,"event_name":"Golden Shrine","floor":5,"gold_loss":0,"cards_obtained":["Regret"]}],"is_beta":false,"boss_relics":[],"items_purged_floors":[],"is_endless":false,"potions_floor_spawned":[1,7],"killed_by":"Lots of Slimes","ascension_level":0}