{"gold_per_floor":[116,134,309,309,323,323,351,351,375,394,394,405,419,449,449,553,553,569,583,184,200,200,200,217,233,233,249,277,277,289,82,82,185,185,202,202,23,23,42,42,42,42,42,59,89,89,104,122,122,122],"floor_reached":51,"playtime":9086,"items_purged":["Strike_B","Strike_B","Strike_B"],"score":719,"play_id":"a2977b5a-ea70-4a62-9e56-57ea33925e1c","local_time":"20190405020739","is_ascension_mode":true,"campfire_choices":[{"data":"Streamline","floor":6.0,"key":"SMITH"},{"data":"Gash","floor":8.0,"key":"SMITH"},{"data":"Leap","floor":11.0,"key":"SMITH"},{"data":"Chaos","floor":15.0,"key":"SMITH"},{"floor":23.0,"key":"REST"},{"data":"Hologram","floor":29.0,"key":"SMITH"},{"floor":32.0,"key":"REST"},{"data":"Thunder Strike","floor":40.0,"key":"SMITH"},{"floor":46,"key":"REST"},{"floor":49,"key":"DIG"}],"neow_cost":"PERCENT_DAMAGE","seed_source_timestamp":26702950788046,"circlet_count":0,"master_deck":["Strike_B+1","Defend_B","Defend_B","Defend_B","Zap+1","Dualcast","Ball Lightning","Streamline+1","Doubt","Rebound+1","Gash+1","Leap+1","Reinforced Body","Chaos+1","Undo","Seek","Tempest","Beam Cell+1","Ball Lightning","Go for the Eyes+1","Necronomicurse","Gash","Hologram+1","Chill","Hologram","Capacitor","White Noise","Self Repair","Hologram+1","Thunder Strike+1","Loop","Auto Shields+1","Parasite","Doom and Gloom+1"],"special_seed":0,"relics":["FrozenCore","Dream Catcher","Whetstone","Happy Flower","Ginger","Necronomicon","The Courier","Anchor","Busted Crown","Shovel","Bird Faced Urn","Ice Cream"],"potions_floor_usage":[50,50],"damage_taken":[{"damage":2.0,"enemies":"2 Louse","floor":1.0,"turns":2.0},{"damage":0.0,"enemies":"Small Slimes","floor":2.0,"turns":2.0},{"damage":6.0,"enemies":"Cultist","floor":5.0,"turns":3.0},{"damage":21.0,"enemies":"3 Sentries","floor":7.0,"turns":5.0},{"damage":0.0,"enemies":"2 Fungi Beasts","floor":10.0,"turns":2.0},{"damage":1.0,"enemies":"3 Louse","floor":12.0,"turns":2.0},{"damage":0.0,"enemies":"Exordium Wildlife","floor":13.0,"turns":2.0},{"damage":15.0,"enemies":"Gremlin Nob","floor":14.0,"turns":4.0},{"damage":26.0,"enemies":"Hexaghost","floor":16.0,"turns":11.0},{"damage":10.0,"enemies":"Chosen","floor":18.0,"turns":5.0},{"damage":13.0,"enemies":"Shell Parasite","floor":19.0,"turns":5.0},{"damage":28.0,"enemies":"Shelled Parasite and Fungi","floor":21.0,"turns":5.0},{"damage":0.0,"enemies":"Cultist and Chosen","floor":24.0,"turns":4.0},{"damage":0.0,"enemies":"Snake Plant","floor":25.0,"turns":3.0},{"damage":8.0,"enemies":"Sentry and Sphere","floor":27.0,"turns":3.0},{"damage":7.0,"enemies":"Gremlin Leader","floor":28.0,"turns":5.0},{"damage":25.0,"enemies":"Snecko","floor":30.0,"turns":4.0},{"damage":22.0,"enemies":"Champ","floor":33.0,"turns":11.0},{"damage":0.0,"enemies":"3 Shapes","floor":35.0,"turns":7.0},{"damage":22.0,"enemies":"3 Darklings","floor":39.0,"turns":6.0},{"damage":16,"enemies":"Jaw Worm Horde","floor":44,"turns":5},{"damage":21,"enemies":"Nemesis","floor":45,"turns":9},{"damage":5,"enemies":"Writhing Mass","floor":47,"turns":5},{"damage":19,"enemies":"Maw","floor":48,"turns":5},{"damage":39,"enemies":"Awakened One","floor":50,"turns":13}],"seed_played":"1971793213496220074","potions_obtained":[{"floor":1.0,"key":"Fruit Juice"},{"floor":7.0,"key":"Explosive Potion"},{"floor":13.0,"key":"FocusPotion"},{"floor":18.0,"key":"Explosive Potion"},{"floor":19.0,"key":"LiquidBronze"},{"floor":25.0,"key":"GamblersBrew"},{"floor":30.0,"key":"Swift Potion"},{"floor":33.0,"key":"LiquidBronze"},{"floor":39.0,"key":"SteroidPotion"}],"is_trial":false,"path_per_floor":["M","M","?","?","M","R","E","R","T","M","R","M","M","E","R","B",null,"M","M","$","M","?","R","M","M","T","M","E","R","M","$","R","B",null,"M","?","$","?","M","R","$","?","T","M","E","R","M","M","R","B",null],"character_chosen":"DEFECT","items_purchased":["Ginger","Ball Lightning","PowerPotion","White Noise","Self Repair","Block Potion","Dexterity Potion"],"campfire_rested":3,"item_purchase_floors":[20,20,31,31,31,37,37],"current_hp_per_floor":[71,71,71,71,65,65,44,44,44,44,44,43,43,28,28,2,94,84,71,71,43,27,55,55,55,55,47,40,40,15,15,43,28,94,94,94,94,94,79,79,79,79,79,70,56,84,94,88,88,60],"gold":122,"neow_bonus":"TWENTY_PERCENT_HP_BONUS","is_prod":false,"is_daily":false,"chose_seed":false,"campfire_upgraded":6,"win_rate":0,"timestamp":1554422859,"path_taken":["M","M","?","?","M","R","E","R","T","?","R","M","M","E","R","BOSS","M","M","$","M","?","R","M","M","T","M","E","R","M","$","R","BOSS","M","?","$","?","M","R","?","?","T","M","E","R","M","M","R","BOSS"],"build_version":"2019-01-23","purchased_purges":3,"victory":true,"max_hp_per_floor":[94,94,94,94,94,94,94,94,94,94,94,94,94,94,94,94,94,94,94,94,94,94,94,94,94,94,94,94,94,94,94,94,94,94,94,94,94,94,94,94,94,94,94,94,94,94,94,94,94,94],"card_choices":[{"not_picked":["Consume","Conserve Battery"],"picked":"Ball Lightning","floor":1.0},{"not_picked":["Stack","Cold Snap"],"picked":"Streamline","floor":2.0},{"not_picked":["Undo","Streamline"],"picked":"Rebound","floor":5.0},{"not_picked":["Fusion","Rebound"],"picked":"Gash","floor":7.0},{"not_picked":["Sweeping Beam","Rebound"],"picked":"Leap","floor":10.0},{"not_picked":["Turbo","Ball Lightning"],"picked":"Reinforced Body","floor":12.0},{"not_picked":["Reinforced Body","Sweeping Beam"],"picked":"Chaos","floor":13.0},{"not_picked":["Skim","Rainbow"],"picked":"Undo","floor":14.0},{"not_picked":["Core Surge","Reboot"],"picked":"Seek","floor":16.0},{"not_picked":["Stack+1","Steam"],"picked":"Tempest","floor":18.0},{"not_picked":["Compile Driver","Scrape"],"picked":"Beam Cell+1","floor":19.0},{"not_picked":["Leap","Ball Lightning"],"picked":"Go for the Eyes+1","floor":21.0},{"not_picked":["Cold Snap+1","Tempest+1"],"picked":"Gash","floor":23.0},{"not_picked":["Ball Lightning+1","Stack"],"picked":"Hologram","floor":24.0},{"not_picked":["Fission","Doom and Gloom"],"picked":"Chill","floor":25.0},{"not_picked":["Ball Lightning","Cold Snap","Barrage"],"picked":"SKIP","floor":27.0},{"not_picked":["Cold Snap+1","Leap"],"picked":"Hologram","floor":28.0},{"not_picked":["Loop","Recycle"],"picked":"Capacitor","floor":30.0},{"not_picked":["Lockon","Beam Cell"],"picked":"Hologram+1","floor":32.0},{"not_picked":["Rainbow","Hyperbeam"],"picked":"Thunder Strike","floor":33.0},{"not_picked":[],"picked":"Loop","floor":35.0},{"not_picked":["Static Discharge+1"],"picked":"SKIP","floor":39.0},{"not_picked":["Rebound+1"],"picked":"SKIP","floor":44},{"not_picked":["Barrage"],"picked":"SKIP","floor":45},{"not_picked":[],"picked":"Auto Shields+1","floor":46},{"not_picked":[],"picked":"Doom and Gloom+1","floor":47},{"not_picked":["Compile Driver"],"picked":"SKIP","floor":48}],"player_experience":685361,"relics_obtained":[{"floor":7.0,"key":"Dream Catcher"},{"floor":9.0,"key":"Whetstone"},{"floor":14.0,"key":"Happy Flower"},{"floor":22.0,"key":"Necronomicon"},{"floor":26.0,"key":"The Courier"},{"floor":28.0,"key":"Anchor"},{"floor":43,"key":"Shovel"},{"floor":45,"key":"Bird Faced Urn"},{"floor":49,"key":"Ice Cream"}],"event_choices":[{"damage_healed":0.0,"max_hp_gain":0.0,"max_hp_loss":0.0,"gold_gain":175.0,"event_name":"Liars Game","player_choice":"AGREE","floor":3.0,"gold_loss":0.0,"damage_taken":0.0,"cards_obtained":["Doubt"]},{"damage_healed":0.0,"max_hp_gain":0.0,"max_hp_loss":0.0,"gold_gain":0.0,"event_name":"Accursed Blacksmith","player_choice":"Forge","floor":4.0,"gold_loss":0.0,"damage_taken":0.0,"cards_upgraded":["Zap"]},{"damage_healed":0.0,"max_hp_gain":0.0,"max_hp_loss":0.0,"gold_gain":0.0,"event_name":"Cursed Tome","player_choice":"Obtained Book","floor":22.0,"gold_loss":0.0,"damage_taken":16.0},{"cards_removed":["Defend_B"],"damage_healed":0.0,"max_hp_gain":0.0,"max_hp_loss":0.0,"gold_gain":0.0,"event_name":"Falling","player_choice":"Removed Skill","floor":36.0,"gold_loss":0.0,"damage_taken":0.0},{"damage_healed":0.0,"max_hp_gain":0.0,"max_hp_loss":0.0,"gold_gain":0.0,"event_name":"Mysterious Sphere","player_choice":"Ignored","floor":38.0,"gold_loss":0.0,"damage_taken":0.0},{"damage_healed":0,"gold_gain":0,"player_choice":"Ignored","damage_taken":0,"max_hp_gain":0,"max_hp_loss":0,"event_name":"NoteForYourself","floor":42,"gold_loss":0}],"is_beta":false,"boss_relics":[{"not_picked":["Black Star","Coffee Dripper"],"picked":"FrozenCore"},{"not_picked":["Cursed Key","Fusion Hammer"],"picked":"Busted Crown"}],"items_purged_floors":[20,31,37],"is_endless":false,"potions_floor_spawned":[1,7,13,18,19,25,30,33,39,45,48],"ascension_level":1}