{"gold_per_floor":[119,32,52,62,62,62,96,96,96,112,147,167,184,197,197,273,273,293,306,323,338,338,338,354,354,354,354,354,374,400,415,415,415],"floor_reached":33,"playtime":1849,"items_purged":["Strike_G"],"score":585,"play_id":"25ceab30-38d7-4bf5-80b4-44c48e1a7034","local_time":"20190227225853","is_ascension_mode":true,"campfire_choices":[{"data":"Dagger Spray","floor":6.0,"key":"SMITH"},{"data":"Dagger Spray","floor":8.0,"key":"SMITH"},{"data":"Endless Agony","floor":15.0,"key":"SMITH"},{"data":"Night Terror","floor":23.0,"key":"SMITH"},{"data":"After Image","floor":25.0,"key":"SMITH"},{"data":"Distraction","floor":27.0,"key":"SMITH"},{"data":"Blur","floor":32,"key":"SMITH"}],"neow_cost":"NONE","seed_source_timestamp":1023508209863565,"circlet_count":0,"master_deck":["AscendersBane","Defend_G","Defend_G","Defend_G","Defend_G","Defend_G","Strike_G","Strike_G","Strike_G","Survivor","Neutralize","Dodge and Roll","Footwork+1","Dagger Spray+1","Dagger Spray+1","Blur+1","Backstab","Distraction+1","Endless Agony+1","Bouncing Flask","Night Terror+1","Cloak And Dagger","After Image+1","Dodge and Roll"],"special_seed":0,"relics":["Ring of the Snake","Smiling Mask","Gremlin Horn","Shuriken","FossilizedHelix","Coffee Dripper","PreservedInsect","Frozen Egg 2"],"potions_floor_usage":[30,31,31],"damage_taken":[{"damage":1.0,"enemies":"Cultist","floor":1.0,"turns":5.0},{"damage":3.0,"enemies":"Small Slimes","floor":3.0,"turns":6.0},{"damage":0.0,"enemies":"Jaw Worm","floor":4.0,"turns":5.0},{"damage":21.0,"enemies":"Lagavulin","floor":7.0,"turns":9.0},{"damage":0.0,"enemies":"Lots of Slimes","floor":10.0,"turns":1.0},{"damage":19.0,"enemies":"Gremlin Nob","floor":11.0,"turns":5.0},{"damage":0.0,"enemies":"Large Slime","floor":12.0,"turns":7.0},{"damage":0.0,"enemies":"3 Louse","floor":13.0,"turns":2.0},{"damage":0.0,"enemies":"Blue Slaver","floor":14.0,"turns":3.0},{"damage":5.0,"enemies":"Slime Boss","floor":16.0,"turns":11.0},{"damage":8.0,"enemies":"2 Thieves","floor":18.0,"turns":2.0},{"damage":11.0,"enemies":"Shell Parasite","floor":19.0,"turns":7.0},{"damage":12.0,"enemies":"Shelled Parasite and Fungi","floor":20.0,"turns":7.0},{"damage":8.0,"enemies":"Snake Plant","floor":21.0,"turns":6.0},{"damage":0.0,"enemies":"Sentry and Sphere","floor":24.0,"turns":5.0},{"damage":0,"enemies":"Chosen and Byrds","floor":29,"turns":12},{"damage":0,"enemies":"Gremlin Leader","floor":30,"turns":5},{"damage":8,"enemies":"Snake Plant","floor":31,"turns":8},{"damage":14,"enemies":"Collector","floor":33,"turns":6}],"seed_played":"-5929080812010429814","potions_obtained":[{"floor":4.0,"key":"Strength Potion"},{"floor":7.0,"key":"Weak Potion"},{"floor":11.0,"key":"SkillPotion"},{"floor":13.0,"key":"SpeedPotion"},{"floor":16.0,"key":"Ancient Potion"},{"floor":19.0,"key":"Swift Potion"},{"floor":24.0,"key":"Dexterity Potion"},{"floor":29,"key":"SteroidPotion"},{"floor":30,"key":"AttackPotion"}],"is_trial":false,"path_per_floor":["M","$","M","M","?","R","E","R","T","M","E","M","M","M","R","B",null,"M","M","M","M","?","R","M","R","T","R","?","M","E","M","R","B"],"character_chosen":"THE_SILENT","items_purchased":["Footwork"],"campfire_rested":0,"item_purchase_floors":[2],"current_hp_per_floor":[58,58,55,55,55,55,34,34,34,34,15,15,15,15,15,10,52,44,33,21,13,13,13,13,13,13,13,13,13,13,5,5,0],"gold":415,"neow_bonus":"RANDOM_COMMON_RELIC","is_prod":false,"is_daily":false,"chose_seed":false,"campfire_upgraded":7,"win_rate":0,"timestamp":1551304733,"path_taken":["M","$","M","?","?","R","E","R","T","M","E","M","M","M","R","BOSS","M","M","M","?","?","R","?","R","T","R","?","?","E","M","R","BOSS"],"build_version":"2019-01-23","purchased_purges":1,"victory":false,"max_hp_per_floor":[66,66,66,66,66,66,66,66,66,66,66,66,66,66,66,66,66,66,66,66,66,66,66,66,66,66,66,66,66,66,66,66,66],"card_choices":[{"not_picked":["Prepared","Tactician"],"picked":"Dodge and Roll","floor":1.0},{"not_picked":["Quick Slash","Backflip"],"picked":"Dagger Spray","floor":3.0},{"not_picked":["Quick Slash","Sucker Punch"],"picked":"Dagger Spray","floor":4.0},{"not_picked":["Heel Hook","Flying Knee","Dagger Throw"],"picked":"SKIP","floor":7.0},{"not_picked":["Backflip","Footwork"],"picked":"Blur","floor":10.0},{"not_picked":["Setup","Venomology"],"picked":"Backstab","floor":11.0},{"not_picked":["All Out Attack","Underhanded Strike"],"picked":"Distraction","floor":12.0},{"not_picked":["Slice","Flying Knee"],"picked":"Endless Agony","floor":13.0},{"not_picked":["Expertise","Dagger Throw"],"picked":"Bouncing Flask","floor":14.0},{"not_picked":["Venomology","Wraith Form v2"],"picked":"Night Terror","floor":16.0},{"not_picked":["Prepared","Acrobatics"],"picked":"Cloak And Dagger","floor":18.0},{"not_picked":["Finisher","Poisoned Stab","Quick Slash"],"picked":"SKIP","floor":19.0},{"not_picked":["Poisoned Stab","Cloak And Dagger","Underhanded Strike"],"picked":"SKIP","floor":20.0},{"not_picked":["Well Laid Plans","Bouncing Flask"],"picked":"After Image","floor":21.0},{"not_picked":["Poisoned Stab","Heel Hook+1","Deadly Poison"],"picked":"SKIP","floor":24.0},{"not_picked":["Masterful Stab","Deadly Poison","Deflect"],"picked":"SKIP","floor":29},{"not_picked":["Catalyst","Bane","Riddle With Holes"],"picked":"SKIP","floor":30},{"not_picked":["Dagger Throw","Finisher"],"picked":"Dodge and Roll","floor":31}],"player_experience":510694,"relics_obtained":[{"floor":7.0,"key":"Gremlin Horn"},{"floor":9.0,"key":"Shuriken"},{"floor":11.0,"key":"FossilizedHelix"},{"floor":26.0,"key":"PreservedInsect"},{"floor":30,"key":"Frozen Egg 2"}],"event_choices":[{"damage_healed":0.0,"max_hp_gain":0.0,"max_hp_loss":0.0,"gold_gain":0.0,"event_name":"Upgrade Shrine","player_choice":"Upgraded","floor":5.0,"gold_loss":0.0,"damage_taken":0.0,"cards_upgraded":["Footwork"]},{"damage_healed":0.0,"max_hp_gain":0.0,"max_hp_loss":0.0,"gold_gain":0.0,"event_name":"N\u0027loth","player_choice":"Ignored","floor":22.0,"gold_loss":0.0,"damage_taken":0.0},{"cards_removed":["Strike_G"],"damage_healed":0.0,"max_hp_gain":0.0,"max_hp_loss":0.0,"gold_gain":0.0,"event_name":"Purifier","player_choice":"Purged","floor":28.0,"gold_loss":0.0,"damage_taken":0.0}],"is_beta":false,"boss_relics":[{"not_picked":["Calling Bell","Ring of the Serpent"],"picked":"Coffee Dripper"}],"items_purged_floors":[2],"is_endless":false,"potions_floor_spawned":[4,7,11,13,16,19,24,29,30],"killed_by":"Collector","ascension_level":18}