{"gold_per_floor":[118,54,69,69,69,69,34,63,139,139,173,191,201,215,215,294,294,313,313,329,36,56,56,89,107,107,126,126,140,140,150,150,222,222,237,255,255,270,289,314,96,96,96,111,111,129,50,70,70,70],"floor_reached":51,"playtime":2920,"items_purged":[],"score":1357,"play_id":"41a8ad3d-4b57-42dc-a0cc-445cd1cc2a63","local_time":"20190316034608","is_ascension_mode":true,"campfire_choices":[{"data":"Zap","floor":6.0,"key":"SMITH"},{"data":"Thunder Strike","floor":10.0,"key":"SMITH"},{"floor":15.0,"key":"REST"},{"data":"Go for the Eyes","floor":23.0,"key":"SMITH"},{"data":"Loop","floor":28.0,"key":"SMITH"},{"data":"Hologram","floor":32.0,"key":"SMITH"},{"data":"Glacier","floor":42.0,"key":"SMITH"},{"floor":45.0,"key":"REST"},{"floor":49,"key":"REST"}],"neow_cost":"NONE","seed_source_timestamp":133743833602002,"circlet_count":0,"master_deck":["AscendersBane","Defend_B","Defend_B","Defend_B","Zap+1","Dualcast","Glacier+1","Go for the Eyes+1","Conserve Battery","Thunder Strike+1","Capacitor","Loop+1","Hologram+1","Conserve Battery","Core Surge","Biased Cognition+1","Self Repair+1","Auto Shields+1","Hologram","Ball Lightning","Defragment","Zap+1","Glacier","Tempest","Echo Form","Gash+1","Ball Lightning","Gash","Thunder Strike","Glacier","Electrodynamics","Hologram+1","Leap+1","Buffer","Lockon+1"],"special_seed":0,"relics":["Cracked Core","NeowsBlessing","Ice Cream","Symbiotic Virus","Question Card","Letter Opener","Astrolabe","FaceOfCleric","DollysMirror","Happy Flower","Sundial","Nuclear Battery","Toxic Egg 2","MealTicket","Bottled Lightning"],"potions_floor_usage":[46,46,50,50],"damage_taken":[{"damage":0.0,"enemies":"2 Louse","floor":1.0,"turns":1.0},{"damage":0.0,"enemies":"Cultist","floor":3.0,"turns":1.0},{"damage":0.0,"enemies":"3 Sentries","floor":8.0,"turns":1.0},{"damage":4.0,"enemies":"Lagavulin","floor":11.0,"turns":5.0},{"damage":7.0,"enemies":"Jaw Worm","floor":12.0,"turns":4.0},{"damage":26.0,"enemies":"3 Louse","floor":13.0,"turns":3.0},{"damage":11.0,"enemies":"Looter","floor":14.0,"turns":4.0},{"damage":7.0,"enemies":"Slime Boss","floor":16.0,"turns":6.0},{"damage":0.0,"enemies":"Spheric Guardian","floor":18.0,"turns":4.0},{"damage":15.0,"enemies":"2 Thieves","floor":20.0,"turns":4.0},{"damage":3.0,"enemies":"Snake Plant","floor":22.0,"turns":5.0},{"damage":13.0,"enemies":"Book of Stabbing","floor":24.0,"turns":8.0},{"damage":10.0,"enemies":"Snecko","floor":25.0,"turns":3.0},{"damage":9.0,"enemies":"Centurion and Healer","floor":27.0,"turns":5.0},{"damage":0.0,"enemies":"3 Cultists","floor":29.0,"turns":5.0},{"damage":17.0,"enemies":"Cultist and Chosen","floor":31.0,"turns":4.0},{"damage":11.0,"enemies":"Champ","floor":33.0,"turns":9.0},{"damage":18.0,"enemies":"3 Shapes","floor":35.0,"turns":5.0},{"damage":12.0,"enemies":"Orb Walker","floor":36.0,"turns":5.0},{"damage":15.0,"enemies":"Spire Growth","floor":38.0,"turns":5.0},{"damage":35.0,"enemies":"Maw","floor":39.0,"turns":8.0},{"damage":20.0,"enemies":"Reptomancer","floor":40.0,"turns":4.0},{"damage":29.0,"enemies":"4 Shapes","floor":44.0,"turns":5.0},{"damage":3,"enemies":"Writhing Mass","floor":46,"turns":6},{"damage":10,"enemies":"Sphere and 2 Shapes","floor":48,"turns":7},{"damage":37,"enemies":"Awakened One","floor":50,"turns":11}],"seed_played":"-3674450948833225833","potions_obtained":[{"floor":3.0,"key":"Ancient Potion"},{"floor":8.0,"key":"Regen Potion"},{"floor":16.0,"key":"Ancient Potion"},{"floor":18.0,"key":"EntropicBrew"},{"floor":22.0,"key":"Block Potion"},{"floor":25.0,"key":"Poison Potion"},{"floor":31.0,"key":"AttackPotion"},{"floor":36.0,"key":"SpeedPotion"},{"floor":44.0,"key":"SpeedPotion"},{"floor":48,"key":"SteroidPotion"}],"is_trial":false,"path_per_floor":["M","?","M","?","?","R","?","E","T","R","E","M","M","M","R","B",null,"M","?","M","$","M","R","E","M","T","M","R","M","$","M","R","B",null,"M","M","?","M","M","E","$","R","T","M","R","M","$","M","R","B",null],"character_chosen":"DEFECT","items_purchased":["Defragment","DollysMirror","MealTicket","Ancient Potion"],"campfire_rested":3,"item_purchase_floors":[21,21,41,47],"current_hp_per_floor":[64,64,64,57,57,57,71,71,71,71,67,68,42,31,52,45,65,71,71,67,67,73,73,71,72,72,74,74,77,77,61,61,61,75,78,81,77,73,59,40,40,40,40,12,36,44,59,60,83,47],"gold":70,"neow_bonus":"THREE_ENEMY_KILL","is_prod":false,"is_daily":false,"chose_seed":false,"campfire_upgraded":6,"win_rate":0,"timestamp":1552704368,"path_taken":["M","?","?","?","?","R","?","E","T","R","E","M","M","M","R","BOSS","M","?","M","$","M","R","E","M","T","M","R","M","?","M","R","BOSS","M","M","?","M","M","E","$","R","T","M","R","M","$","M","R","BOSS"],"build_version":"2019-01-23","purchased_purges":0,"victory":true,"max_hp_per_floor":[71,71,71,71,71,71,71,71,71,71,71,71,71,71,71,71,71,71,71,72,72,73,73,74,75,75,76,76,77,77,78,78,79,79,80,81,77,78,79,80,80,80,80,81,81,82,82,83,83,84],"card_choices":[{"not_picked":["Ball Lightning","Coolheaded"],"picked":"Glacier","floor":1.0},{"not_picked":["Rebound","Steam"],"picked":"Go for the Eyes","floor":3.0},{"not_picked":["Aggregate","White Noise"],"picked":"Thunder Strike","floor":8.0},{"not_picked":["Gash","Skim","Scrape"],"picked":"Capacitor","floor":11.0},{"not_picked":["Coolheaded","Rip and Tear","Conserve Battery"],"picked":"Loop","floor":12.0},{"not_picked":["BootSequence","Chill","Stack"],"picked":"Hologram","floor":13.0},{"not_picked":["Rebound","Blizzard","Compile Driver"],"picked":"Conserve Battery","floor":14.0},{"not_picked":["Reboot","Rainbow","Amplify"],"picked":"Core Surge","floor":16.0},{"not_picked":["Chill","Fusion","Turbo+1"],"picked":"Hologram","floor":18.0},{"not_picked":["Doom and Gloom","Hologram","Compile Driver"],"picked":"Ball Lightning","floor":20.0},{"not_picked":["Redo","Turbo","Beam Cell"],"picked":"Glacier","floor":22.0},{"not_picked":["Compile Driver","Doom and Gloom","Leap"],"picked":"Tempest","floor":24.0},{"not_picked":["Go for the Eyes","Sweeping Beam","Redo"],"picked":"Echo Form","floor":25.0},{"not_picked":["Compile Driver","Coolheaded","Steam Power"],"picked":"Gash+1","floor":27.0},{"not_picked":["Conserve Battery","Chaos","Barrage+1"],"picked":"Ball Lightning","floor":29.0},{"not_picked":["Rebound","Rainbow","Recycle"],"picked":"Gash","floor":31.0},{"not_picked":["Rainbow","Amplify","Echo Form"],"picked":"Thunder Strike","floor":33.0},{"not_picked":["Conserve Battery","Streamline+1","Defragment+1"],"picked":"Glacier","floor":35.0},{"not_picked":["Conserve Battery","Rip and Tear","Redo","Beam Cell"],"picked":"SKIP","floor":36.0},{"not_picked":["Capacitor+1","Self Repair","Beam Cell","Compile Driver+1"],"picked":"SKIP","floor":38.0},{"not_picked":["Rebound+1","Stack+1","Tempest"],"picked":"Electrodynamics","floor":39.0},{"not_picked":["Skim","Coolheaded","Leap+1"],"picked":"Hologram","floor":40.0},{"not_picked":["Rebound","Aggregate+1","Conserve Battery+1"],"picked":"Leap+1","floor":44.0},{"not_picked":["Fusion+1","Compile Driver+1","Doom and Gloom"],"picked":"Buffer","floor":46},{"not_picked":["Ball Lightning","Doom and Gloom","Hello World"],"picked":"Lockon+1","floor":48}],"player_experience":620401,"relics_obtained":[{"floor":8.0,"key":"Symbiotic Virus"},{"floor":9.0,"key":"Question Card"},{"floor":11.0,"key":"Letter Opener"},{"floor":24.0,"key":"Happy Flower"},{"floor":26.0,"key":"Sundial"},{"floor":40.0,"key":"Toxic Egg 2"},{"floor":43.0,"key":"Bottled Lightning"}],"event_choices":[{"damage_healed":0.0,"max_hp_gain":0.0,"max_hp_loss":0.0,"gold_gain":0.0,"event_name":"WeMeetAgain","player_choice":"Paid Gold","floor":2.0,"gold_loss":64.0,"damage_taken":0.0,"relics_obtained":["Ice Cream"]},{"cards_removed":["Strike_B"],"damage_healed":0.0,"max_hp_gain":0.0,"max_hp_loss":0.0,"gold_gain":0.0,"event_name":"Golden Wing","player_choice":"Card Removal","floor":4.0,"gold_loss":0.0,"damage_taken":7.0},{"damage_healed":0.0,"max_hp_gain":0.0,"max_hp_loss":0.0,"gold_gain":0.0,"cards_transformed":["Strike_B"],"event_name":"Living Wall","player_choice":"Change","floor":5.0,"gold_loss":0.0,"damage_taken":0.0,"cards_obtained":["Conserve Battery"]},{"damage_healed":17.0,"max_hp_gain":0.0,"max_hp_loss":0.0,"gold_gain":0.0,"event_name":"The Cleric","player_choice":"Healed","floor":7.0,"gold_loss":35.0,"damage_taken":0.0},{"damage_healed":0.0,"max_hp_gain":0.0,"max_hp_loss":0.0,"gold_gain":0.0,"event_name":"FaceTrader","player_choice":"Trade","floor":19.0,"gold_loss":0.0,"damage_taken":0.0,"relics_obtained":["FaceOfCleric"]},{"damage_healed":0.0,"max_hp_gain":0.0,"max_hp_loss":4.0,"gold_gain":0.0,"event_name":"Winding Halls","player_choice":"Max HP","floor":37.0,"gold_loss":0.0,"damage_taken":0.0}],"is_beta":false,"boss_relics":[{"not_picked":["Pandora\u0027s Box","White Beast Statue"],"picked":"Astrolabe"},{"not_picked":["Coffee Dripper","Philosopher\u0027s Stone"],"picked":"Nuclear Battery"}],"items_purged_floors":[],"is_endless":false,"potions_floor_spawned":[3,8,16,18,22,25,31,36,44,48],"ascension_level":18}