{"gold_per_floor":[118,131,143,143,154,186,186,196,196,216,62,95,113,363,363,363],"floor_reached":16,"playtime":723,"items_purged":[],"score":114,"play_id":"b6200745-9b05-424e-b2cd-496610e07699","local_time":"25610717232826","is_ascension_mode":false,"campfire_choices":[{"data":"Neutralize","floor":7,"key":"SMITH"},{"data":"Dash","floor":15,"key":"SMITH"}],"neow_cost":"","seed_source_timestamp":44915198486492,"circlet_count":0,"master_deck":["Defend_G","Defend_G","Defend_G","Defend_G","Defend_G","Strike_G","Strike_G","Strike_G","Strike_G","Strike_G","Survivor","Neutralize+1","Dash+1","Dodge and Roll","Cloak And Dagger","Underhanded Strike","Crippling Poison","Cloak And Dagger","Blade Dance","Deadly Poison","Noxious Fumes","Regret"],"relics":["Ring of the Snake","Blue Candle","Ninja Scroll","Lantern","Snake Skull","The Specimen"],"potions_floor_usage":[6,12,12],"damage_taken":[{"damage":1,"enemies":"Cultist","floor":1,"turns":4},{"damage":5,"enemies":"Small Slimes","floor":2,"turns":3},{"damage":0,"enemies":"2 Louse","floor":3,"turns":2},{"damage":2,"enemies":"Red Slaver","floor":5,"turns":4},{"damage":12,"enemies":"3 Sentries","floor":6,"turns":13},{"damage":9,"enemies":"Blue Slaver","floor":8,"turns":4},{"damage":0,"enemies":"Large Slime","floor":10,"turns":7},{"damage":11,"enemies":"Lagavulin","floor":12,"turns":7},{"damage":0,"enemies":"2 Fungi Beasts","floor":13,"turns":2},{"damage":30,"enemies":"The Guardian","floor":16,"turns":9}],"seed_played":"348698206657269209","potions_obtained":[{"floor":1,"key":"SpeedPotion"},{"floor":5,"key":"Block Potion"},{"floor":10,"key":"SkillPotion"}],"is_trial":false,"path_per_floor":["M","M","M","T","M","E","R","M","T","M","$","E","M","?","R"],"character_chosen":"THE_SILENT","items_purchased":["Snake Skull"],"campfire_rested":0,"item_purchase_floors":[11],"current_hp_per_floor":[69,64,64,64,62,50,50,41,41,41,41,30,30,30,30,0],"gold":363,"neow_bonus":"","is_prod":false,"is_daily":false,"chose_seed":false,"campfire_upgraded":2,"win_rate":0,"timestamp":1531844906,"path_taken":["M","?","M","?","M","E","R","?","T","M","$","E","M","?","R","BOSS"],"build_version":"2018-07-12","purchased_purges":0,"victory":false,"max_hp_per_floor":[70,70,70,70,70,70,70,70,70,70,70,70,70,70,70,70],"card_choices":[{"not_picked":["Accuracy","Acrobatics"],"picked":"Dash","floor":1},{"not_picked":["Prepared","Skewer"],"picked":"Dodge and Roll","floor":2},{"not_picked":["Terror","Acrobatics"],"picked":"Cloak And Dagger","floor":3},{"not_picked":["Expertise","Prepared"],"picked":"Underhanded Strike","floor":5},{"not_picked":["Underhanded Strike","Outmaneuver"],"picked":"Crippling Poison","floor":6},{"not_picked":["Outmaneuver","Deadly Poison"],"picked":"Cloak And Dagger","floor":8},{"not_picked":["Sucker Punch","Terror"],"picked":"Blade Dance","floor":10},{"not_picked":["Sucker Punch","Escape Plan"],"picked":"Deadly Poison","floor":12},{"not_picked":["Dagger Spray","PiercingWail"],"picked":"Noxious Fumes","floor":13}],"player_experience":78946,"relics_obtained":[{"floor":4,"key":"Blue Candle"},{"floor":6,"key":"Ninja Scroll"},{"floor":9,"key":"Lantern"},{"floor":12,"key":"The Specimen"}],"event_choices":[{"event_name":"Golden Shrine","player_choice":"Desecrate","floor":14,"damage_taken":0}],"boss_relics":[],"items_purged_floors":[],"is_endless":false,"potions_floor_spawned":[1,5,10],"killed_by":"The Guardian","ascension_level":0}