{"gold_per_floor":[113,113,113,188,206,249,249,292,292,307,307,60,81,112,112,112],"floor_reached":16,"playtime":336,"items_purged":["Strike_R"],"score":286,"play_id":"134ef230-d04a-4bcc-b27c-b437f2dc0ae8","local_time":"20181201190420","is_ascension_mode":true,"campfire_choices":[{"data":"Immolate","floor":7,"key":"SMITH"},{"data":"Bash","floor":15,"key":"SMITH"}],"neow_cost":"NONE","seed_source_timestamp":8629272729010,"circlet_count":0,"master_deck":["AscendersBane","Strike_R","Strike_R","Strike_R","Strike_R","Defend_R","Defend_R","Defend_R","Defend_R","Bash+1","Sword Boomerang","Immolate+1","Reaper","Rage","Shrug It Off"],"relics":["Burning Blood","NeowsBlessing","Golden Idol","Art of War","Boot","Regal Pillow","Kunai","Strawberry"],"potions_floor_usage":[14,16,16],"damage_taken":[{"damage":0,"enemies":"Small Slimes","floor":1,"turns":1},{"damage":0,"enemies":"2 Louse","floor":5,"turns":2},{"damage":0,"enemies":"3 Sentries","floor":6,"turns":1},{"damage":35,"enemies":"Lagavulin","floor":8,"turns":6},{"damage":0,"enemies":"Cultist","floor":10,"turns":2},{"damage":0,"enemies":"Looter","floor":13,"turns":2},{"damage":8,"enemies":"Gremlin Nob","floor":14,"turns":3},{"damage":31,"enemies":"The Guardian","floor":16,"turns":10}],"seed_played":"-350423827689804239","potions_obtained":[{"floor":8,"key":"EssenceOfSteel"},{"floor":14,"key":"AttackPotion"}],"is_trial":false,"path_per_floor":["M","?","?","?","M","E","R","E","T","M","?","$","M","E","R","B"],"character_chosen":"IRONCLAD","items_purchased":["Rage","Shrug It Off","FearPotion"],"campfire_rested":0,"item_purchase_floors":[12,12,12],"current_hp_per_floor":[74,48,43,32,38,44,44,15,15,25,18,18,24,29,29,0],"gold":112,"neow_bonus":"THREE_ENEMY_KILL","is_prod":false,"is_daily":false,"chose_seed":false,"campfire_upgraded":2,"win_rate":0,"timestamp":1543662260,"path_taken":["M","?","?","?","M","E","R","E","T","M","?","?","M","E","R","BOSS"],"build_version":"2018-11-15","purchased_purges":1,"victory":false,"max_hp_per_floor":[75,75,75,75,75,75,75,75,75,75,75,75,75,82,82,82],"card_choices":[{"not_picked":["Havoc","Shrug It Off"],"picked":"Sword Boomerang","floor":1},{"not_picked":["Body Slam","Rampage"],"picked":"Perfected Strike","floor":5},{"not_picked":["Twin Strike","Pommel Strike"],"picked":"Immolate","floor":6},{"not_picked":["Infernal Blade","Twin Strike"],"picked":"Reaper","floor":8},{"not_picked":["Wild Strike","Heavy Blade","Iron Wave"],"picked":"SKIP","floor":10},{"not_picked":["Combust","Havoc","True Grit"],"picked":"SKIP","floor":13},{"not_picked":["Thunderclap","Wild Strike","Sentinel"],"picked":"SKIP","floor":14}],"player_experience":2239382,"relics_obtained":[{"floor":6,"key":"Boot"},{"floor":8,"key":"Regal Pillow"},{"floor":9,"key":"Kunai"},{"floor":14,"key":"Strawberry"}],"event_choices":[{"damage_healed":0,"gold_gain":0,"player_choice":"Take Damage","damage_taken":26,"relics_obtained":["Golden Idol"],"max_hp_gain":0,"max_hp_loss":0,"event_name":"Golden Idol","floor":2,"gold_loss":0},{"damage_healed":0,"gold_gain":0,"player_choice":"Success","damage_taken":5,"relics_obtained":["Art of War"],"max_hp_gain":0,"max_hp_loss":0,"event_name":"Scrap Ooze","floor":3,"gold_loss":0},{"damage_healed":0,"gold_gain":75,"player_choice":"Gather Gold","damage_taken":11,"max_hp_gain":0,"max_hp_loss":0,"event_name":"World of Goop","floor":4,"gold_loss":0},{"cards_removed":["Perfected Strike"],"damage_healed":0,"gold_gain":0,"player_choice":"Card Removal","damage_taken":7,"max_hp_gain":0,"max_hp_loss":0,"event_name":"Golden Wing","floor":11,"gold_loss":0}],"is_beta":false,"boss_relics":[],"items_purged_floors":[12],"is_endless":false,"potions_floor_spawned":[8,14],"killed_by":"The Guardian","ascension_level":20}