{"gold_per_floor":[216,291,32,49,67,67,67,99,99,128,140,140,152,52,52,130,130,140,65,81,6,21,21,41,41,67,67,100,100,129,142,142,216,216,234,234,234,251,251,251,285,131,131,131,166,184,184,184,184,184,184],"floor_reached":52,"playtime":4177,"items_purged":["Defend_G","Strike_G","Dagger Throw"],"score":2312,"play_id":"5b0d1416-a60a-4e3c-96f1-f6812fc692bc","local_time":"20181208194457","is_ascension_mode":true,"campfire_choices":[{"data":"Apotheosis","floor":6.0,"key":"SMITH"},{"data":"Neutralize","floor":12.0,"key":"SMITH"},{"data":"Dagger Spray","floor":15.0,"key":"SMITH"},{"data":"Acrobatics","floor":23.0,"key":"SMITH"},{"data":"Prepared","floor":25.0,"key":"SMITH"},{"floor":27.0,"key":"REST"},{"data":"Reflex","floor":29.0,"key":"SMITH"},{"data":"Burst","floor":32.0,"key":"SMITH"},{"data":"Impatience","floor":40.0,"key":"SMITH"},{"data":"Setup","floor":44.0,"key":"SMITH"},{"data":"After Image","floor":47,"key":"SMITH"},{"data":"Backflip","floor":49,"key":"SMITH"}],"neow_cost":"NONE","seed_source_timestamp":10669992525781,"circlet_count":0,"master_deck":["AscendersBane","Survivor","Neutralize+1","Blur","Apotheosis+1","Dagger Spray+1","Reflex+1","After Image+1","Footwork+1","Burst+1","Prepared+1","Eviscerate","Setup+1","Die Die Die","Venomology","Acrobatics+1","Well Laid Plans+1","Calculated Gamble+1","Impatience+1","Backflip+1"],"special_seed":0,"relics":["Ring of the Snake","Mercury Hourglass","Dodecahedron","Frozen Egg 2","Pandora\u0027s Box","Happy Flower","Bronze Scales","Letter Opener","Philosopher\u0027s Stone","StoneCalendar","Juzu Bracelet"],"potions_floor_usage":[46,50,50,50],"damage_taken":[{"damage":7.0,"enemies":"Small Slimes","floor":1.0,"turns":4.0},{"damage":1.0,"enemies":"2 Louse","floor":4.0,"turns":4.0},{"damage":0.0,"enemies":"Cultist","floor":5.0,"turns":3.0},{"damage":8.0,"enemies":"Gremlin Nob","floor":8.0,"turns":4.0},{"damage":2.0,"enemies":"Lagavulin","floor":10.0,"turns":10.0},{"damage":0.0,"enemies":"Red Slaver","floor":11.0,"turns":6.0},{"damage":6.0,"enemies":"3 Louse","floor":13.0,"turns":2.0},{"damage":0.0,"enemies":"The Guardian","floor":16.0,"turns":16.0},{"damage":0.0,"enemies":"Spheric Guardian","floor":18.0,"turns":5.0},{"damage":3.0,"enemies":"3 Byrds","floor":20.0,"turns":1.0},{"damage":15.0,"enemies":"3 Cultists","floor":22.0,"turns":5.0},{"damage":0.0,"enemies":"Centurion and Healer","floor":24.0,"turns":5.0},{"damage":0.0,"enemies":"Gremlin Leader","floor":28.0,"turns":7.0},{"damage":25.0,"enemies":"Book of Stabbing","floor":30.0,"turns":4.0},{"damage":0.0,"enemies":"Chosen and Byrds","floor":31.0,"turns":5.0},{"damage":0.0,"enemies":"Collector","floor":33.0,"turns":6.0},{"damage":7.0,"enemies":"3 Darklings","floor":35.0,"turns":2.0},{"damage":1.0,"enemies":"Orb Walker","floor":38.0,"turns":2.0},{"damage":0.0,"enemies":"Nemesis","floor":41.0,"turns":5.0},{"damage":0.0,"enemies":"Giant Head","floor":45.0,"turns":4.0},{"damage":0,"enemies":"3 Darklings","floor":46,"turns":1},{"damage":12,"enemies":"Time Eater","floor":50,"turns":11},{"damage":34,"enemies":"Awakened One","floor":51,"turns":7}],"seed_played":"5117049999270196376","potions_obtained":[{"floor":1.0,"key":"SkillPotion"},{"floor":4.0,"key":"Block Potion"},{"floor":5.0,"key":"SteroidPotion"},{"floor":13.0,"key":"GamblersBrew"},{"floor":18.0,"key":"PowerPotion"},{"floor":24.0,"key":"AttackPotion"},{"floor":31.0,"key":"SkillPotion"},{"floor":35.0,"key":"GamblersBrew"}],"is_trial":false,"path_per_floor":["M","?","$","M","M","R","?","E","T","E","M","R","M","$","R","B",null,"M","?","M","?","M","R","M","R","T","R","E","R","E","M","R","B",null,"M","?","?","M","?","R","E","$","T","R","E","M","R","?","R","B","B",null],"character_chosen":"THE_SILENT","items_purchased":["Apotheosis","Backflip"],"campfire_rested":1,"item_purchase_floors":[3,42],"current_hp_per_floor":[52,41,41,40,40,40,40,32,32,30,30,30,24,24,24,24,56,56,56,53,53,38,38,38,38,38,57,57,57,32,46,46,46,61,54,44,35,34,34,34,34,34,34,34,34,34,34,34,34,37,3],"gold":184,"neow_bonus":"HUNDRED_GOLD","is_prod":false,"is_daily":false,"chose_seed":false,"campfire_upgraded":11,"win_rate":0,"timestamp":1544269497,"path_taken":["M","?","$","M","M","R","?","E","T","E","M","R","?","$","R","BOSS","M","?","M","?","?","R","M","R","T","R","E","R","E","M","R","BOSS","M","?","?","?","?","R","E","$","T","R","E","M","R","?","R","BOSS","BOSS"],"build_version":"2018-12-06","purchased_purges":3,"victory":true,"max_hp_per_floor":[66,66,66,66,66,66,66,66,66,66,66,66,66,66,66,66,66,66,66,66,66,66,66,66,66,66,66,66,66,66,66,66,66,66,66,66,66,66,66,66,66,66,66,66,66,66,66,66,66,66,66],"card_choices":[{"not_picked":["Underhanded Strike","Poisoned Stab"],"picked":"Blur","floor":1.0},{"not_picked":["Prepared","PiercingWail"],"picked":"Dagger Spray","floor":4.0},{"not_picked":["Quick Slash","Catalyst"],"picked":"Reflex","floor":5.0},{"not_picked":["Finisher","Flying Knee"],"picked":"After Image","floor":8.0},{"not_picked":["Cloak And Dagger","Backflip"],"picked":"Footwork","floor":10.0},{"not_picked":["Bane","Deadly Poison","Setup"],"picked":"SKIP","floor":11.0},{"not_picked":["Poisoned Stab","Cloak And Dagger","Deflect"],"picked":"SKIP","floor":13.0},{"not_picked":["Venomology","After Image+1"],"picked":"Burst","floor":16.0},{"not_picked":["Poisoned Stab","Dagger Spray","Infinite Blades+1"],"picked":"SKIP","floor":18.0},{"not_picked":["Dagger Spray","Backstab","Setup"],"picked":"SKIP","floor":20.0},{"not_picked":["Deadly Poison","Choke"],"picked":"Acrobatics","floor":22.0},{"not_picked":["Acrobatics","Dagger Spray","Cloak And Dagger"],"picked":"SKIP","floor":24.0},{"not_picked":["Acrobatics","Dagger Spray","Cloak And Dagger"],"picked":"SKIP","floor":24.0},{"not_picked":["Prepared","Dagger Spray"],"picked":"Well Laid Plans+1","floor":28.0},{"not_picked":["Blade Dance","Skewer","Bane"],"picked":"SKIP","floor":30.0},{"not_picked":["Unload","Quick Slash","Slice"],"picked":"SKIP","floor":31.0},{"not_picked":["Reflex","Endless Agony"],"picked":"Calculated Gamble+1","floor":35.0},{"not_picked":["Secret Technique","Discovery"],"picked":"Impatience","floor":36.0},{"not_picked":["Deadly Poison+1","Masterful Stab","Endless Agony"],"picked":"SKIP","floor":38.0},{"not_picked":["Dagger Spray","Prepared+1","Quick Slash"],"picked":"SKIP","floor":41.0},{"not_picked":["Dagger Spray","Prepared+1","Quick Slash"],"picked":"SKIP","floor":41.0},{"not_picked":["Deflect+1","Riddle With Holes","Flying Knee"],"picked":"SKIP","floor":45.0},{"not_picked":["Deflect+1","Riddle With Holes","Flying Knee"],"picked":"SKIP","floor":45.0},{"not_picked":["Poisoned Stab+1","Dodge and Roll","Finisher"],"picked":"SKIP","floor":46}],"player_experience":2317093,"relics_obtained":[{"floor":8.0,"key":"Mercury Hourglass"},{"floor":9.0,"key":"Dodecahedron"},{"floor":10.0,"key":"Frozen Egg 2"},{"floor":26.0,"key":"Happy Flower"},{"floor":28.0,"key":"Bronze Scales"},{"floor":30.0,"key":"Letter Opener"},{"floor":41.0,"key":"StoneCalendar"},{"floor":45.0,"key":"Juzu Bracelet"}],"event_choices":[{"damage_healed":0.0,"max_hp_gain":0.0,"max_hp_loss":0.0,"gold_gain":75.0,"event_name":"World of Goop","player_choice":"Gather Gold","floor":2.0,"gold_loss":0.0,"damage_taken":11.0},{"damage_healed":0.0,"max_hp_gain":0.0,"max_hp_loss":0.0,"gold_gain":0.0,"event_name":"Lab","player_choice":"Got Potions","floor":7.0,"gold_loss":0.0,"damage_taken":0.0},{"cards_removed":["Choke"],"damage_healed":0.0,"max_hp_gain":0.0,"max_hp_loss":0.0,"gold_gain":0.0,"event_name":"Beggar","player_choice":"Gave Gold","floor":19.0,"gold_loss":75.0,"damage_taken":0.0},{"damage_healed":0.0,"max_hp_gain":0.0,"max_hp_loss":0.0,"gold_gain":0.0,"cards_transformed":["Choke","Sucker Punch"],"event_name":"Designer","player_choice":"Transformed Cards","floor":21.0,"gold_loss":75.0,"damage_taken":0.0,"cards_obtained":["Die Die Die","Venomology"]},{"damage_healed":0.0,"max_hp_gain":0.0,"max_hp_loss":0.0,"gold_gain":0.0,"event_name":"SensoryStone","player_choice":"Memory 3","floor":36.0,"gold_loss":0.0,"damage_taken":10.0},{"damage_healed":0.0,"max_hp_gain":0.0,"max_hp_loss":0.0,"gold_gain":0.0,"event_name":"Wheel of Change","player_choice":"Damaged","floor":37.0,"gold_loss":0.0,"damage_taken":9.0},{"damage_healed":0.0,"max_hp_gain":0.0,"max_hp_loss":0.0,"gold_gain":0.0,"event_name":"Tomb of Lord Red Mask","player_choice":"Ignored","floor":39.0,"gold_loss":0.0,"damage_taken":0.0},{"cards_removed":["Caltrops"],"damage_healed":0,"gold_gain":0,"player_choice":"Removed Power","damage_taken":0,"max_hp_gain":0,"max_hp_loss":0,"event_name":"Falling","floor":48,"gold_loss":0}],"is_beta":false,"boss_relics":[{"not_picked":["Snecko Eye","Cursed Key"],"picked":"Pandora\u0027s Box"},{"not_picked":["WristBlade","Ring of the Serpent"],"picked":"Philosopher\u0027s Stone"}],"items_purged_floors":[3,14,42],"is_endless":false,"potions_floor_spawned":[1,4,5,13,18,24,31,35,38,46],"ascension_level":20}