{"gold_per_floor":[119,131,131,148,148,184,196,208,297,309,0,19,55,79,79,207,207,228,244,93,18,32,32,51,51],"floor_reached":25,"playtime":760,"items_purged":["Injury"],"score":334,"play_id":"9efa48be-05e1-41da-9b95-abf47f7ad867","local_time":"25610725235149","is_ascension_mode":true,"campfire_choices":[{"data":"Spot Weakness","floor":7.0,"key":"SMITH"},{"data":"Infernal Blade","floor":10.0,"key":"SMITH"},{"floor":15.0,"key":"REST"},{"data":"Armaments","floor":23,"key":"SMITH"}],"neow_cost":"FIFTY_PERCENT_DAMAGE","seed_source_timestamp":40129424299772,"circlet_count":0,"master_deck":["Strike_R","Strike_R","Strike_R+1","Defend_R","Defend_R","Defend_R","Defend_R","Bash","Thunderclap","Sword Boomerang","Spot Weakness+1","Infernal Blade+1","Armaments+1","Clash+1","Flex","Offering","Metallicize+1","True Grit","Heavy Blade","Wild Strike+1"],"special_seed":0,"relics":["Burning Blood","Golden Idol","MawBank","Pear","Matryoshka","Paper Frog","Sozu","Whetstone"],"potions_floor_usage":[16,19],"damage_taken":[{"damage":7.0,"enemies":"2 Louse","floor":1.0,"turns":3.0},{"damage":4.0,"enemies":"Small Slimes","floor":2.0,"turns":4.0},{"damage":6.0,"enemies":"Cultist","floor":4.0,"turns":4.0},{"damage":24.0,"enemies":"Gremlin Nob","floor":6.0,"turns":4.0},{"damage":6.0,"enemies":"Large Slime","floor":12.0,"turns":4.0},{"damage":35.0,"enemies":"Lagavulin","floor":13.0,"turns":5.0},{"damage":3.0,"enemies":"Blue Slaver","floor":14.0,"turns":2.0},{"damage":43,"enemies":"The Guardian","floor":16,"turns":6},{"damage":5,"enemies":"3 Byrds","floor":18,"turns":4},{"damage":17,"enemies":"2 Thieves","floor":19,"turns":3},{"damage":34,"enemies":"Snake Plant","floor":22,"turns":3},{"damage":52,"enemies":"3 Cultists","floor":24,"turns":7},{"damage":10,"enemies":"Snecko","floor":25,"turns":2}],"seed_played":"-3268442772978361059","potions_obtained":[{"floor":1.0,"key":"Ancient Potion"},{"floor":4.0,"key":"LiquidBronze"},{"floor":6.0,"key":"Block Potion"},{"floor":16,"key":"Regen Potion"}],"is_trial":false,"path_per_floor":["M","M","?","M","?","E","R","?","T","R","$","M","E","M","R","B",null,"M","M","$","?","M","R","M"],"character_chosen":"IRONCLAD","items_purchased":["Matryoshka","Whetstone"],"campfire_rested":1,"item_purchase_floors":[11,20],"current_hp_per_floor":[43,45,77,77,77,59,59,59,69,69,69,69,40,43,74,37,89,90,84,84,84,56,56,10,0],"gold":51,"neow_bonus":"TWENTY_PERCENT_HP_BONUS","is_prod":false,"is_daily":false,"chose_seed":false,"campfire_upgraded":3,"win_rate":0,"timestamp":1532537509,"path_taken":["M","M","?","M","?","E","R","?","T","R","$","?","E","M","R","BOSS","M","M","$","?","M","R","M","?"],"build_version":"2018-07-19v2","purchased_purges":1,"victory":false,"max_hp_per_floor":[96,96,96,96,96,96,96,96,106,106,106,106,106,106,106,106,106,106,106,106,106,106,106,106,106],"card_choices":[{"not_picked":["Spot Weakness","Sword Boomerang"],"picked":"Thunderclap","floor":1.0},{"not_picked":["Sever Soul","Warcry"],"picked":"Sword Boomerang","floor":2.0},{"not_picked":["Sword Boomerang","Reckless Charge","Hemokinesis"],"picked":"SKIP","floor":4.0},{"not_picked":["Armaments","Shrug It Off"],"picked":"Spot Weakness","floor":6.0},{"not_picked":["Cleave","Shrug It Off"],"picked":"Armaments","floor":12.0},{"not_picked":["Clothesline","True Grit"],"picked":"Clash","floor":13.0},{"not_picked":["Burning Pact","Evolve"],"picked":"Flex","floor":14.0},{"not_picked":["Impervious","Fiend Fire"],"picked":"Offering","floor":16},{"not_picked":["Ghostly Armor","Body Slam+1"],"picked":"Metallicize+1","floor":18},{"not_picked":["Cleave","Bloodletting"],"picked":"True Grit","floor":19},{"not_picked":["Hemokinesis","Havoc+1"],"picked":"Heavy Blade","floor":22},{"not_picked":["Second Wind","Dual Wield"],"picked":"Wild Strike+1","floor":24}],"player_experience":161399,"relics_obtained":[{"floor":6.0,"key":"MawBank"},{"floor":9.0,"key":"Pear"},{"floor":13.0,"key":"Paper Frog"}],"event_choices":[{"event_name":"Big Fish","player_choice":"Banana","floor":3.0,"damage_taken":0.0},{"event_name":"Golden Idol","player_choice":"Take Wound","floor":5.0,"damage_taken":0.0},{"event_name":"Transmorgrifier","player_choice":"Transform","floor":8.0,"damage_taken":0.0},{"event_name":"Beggar","player_choice":"Gave Gold","floor":21,"damage_taken":0}],"is_beta":false,"boss_relics":[{"not_picked":["Calling Bell","Ectoplasm"],"picked":"Sozu"}],"items_purged_floors":[11],"is_endless":false,"potions_floor_spawned":[1,4,6,16,19,22,24],"killed_by":"Snecko","ascension_level":9}