{"gold_per_floor":[116,116,131,131,142,174,189,189],"floor_reached":8,"playtime":390,"items_purged":[],"score":116,"play_id":"44ccbce6-c0ff-40ae-ac6a-3e6f2fabb1fd","local_time":"20190409220718","is_ascension_mode":true,"campfire_choices":[],"neow_cost":"NONE","seed_source_timestamp":1784430557721700,"circlet_count":0,"master_deck":["AscendersBane","Strike_R","Strike_R","Strike_R","Strike_R","Strike_R","Defend_R+1","Defend_R","Defend_R+1","Defend_R","Bash","Twin Strike","Carnage","Flame Barrier","Iron Wave","Clash"],"relics":["Burning Blood","Strawberry"],"potions_floor_usage":[7],"damage_taken":[{"damage":7,"enemies":"Small Slimes","floor":1,"turns":4},{"damage":14,"enemies":"Jaw Worm","floor":3,"turns":4},{"damage":0,"enemies":"Cultist","floor":5,"turns":3},{"damage":28,"enemies":"Gremlin Nob","floor":6,"turns":4},{"damage":23,"enemies":"Exordium Thugs","floor":7,"turns":8},{"damage":22,"enemies":"Lagavulin","floor":8,"turns":5}],"seed_played":"-1646888835151933132","potions_obtained":[{"floor":5,"key":"SkillPotion"}],"is_trial":false,"path_per_floor":["M","?","M","?","M","E","M","E"],"character_chosen":"IRONCLAD","items_purchased":[],"campfire_rested":0,"item_purchase_floors":[],"current_hp_per_floor":[74,79,71,45,51,36,19,0],"gold":189,"neow_bonus":"TEN_PERCENT_HP_BONUS","is_prod":false,"is_daily":false,"chose_seed":false,"campfire_upgraded":0,"win_rate":0,"timestamp":1554844038,"path_taken":["M","?","M","?","M","E","M","E"],"build_version":"2019-01-23","purchased_purges":0,"victory":false,"max_hp_per_floor":[82,87,87,87,87,94,94,94],"card_choices":[{"not_picked":["Clothesline","Shrug It Off"],"picked":"Twin Strike","floor":1},{"not_picked":["Perfected Strike","Rampage"],"picked":"Carnage","floor":3},{"not_picked":["Hemokinesis","Perfected Strike"],"picked":"Flame Barrier","floor":5},{"not_picked":["Wild Strike","Hemokinesis"],"picked":"Iron Wave","floor":6},{"not_picked":["Fire Breathing","Warcry"],"picked":"Clash","floor":7}],"player_experience":2644912,"relics_obtained":[{"floor":6,"key":"Strawberry"}],"event_choices":[{"damage_healed":0,"gold_gain":0,"player_choice":"Donut","damage_taken":0,"max_hp_gain":5,"max_hp_loss":0,"event_name":"Big Fish","floor":2,"gold_loss":0},{"damage_healed":0,"gold_gain":0,"player_choice":"Entered Light","damage_taken":26,"max_hp_gain":0,"max_hp_loss":0,"event_name":"Shining Light","floor":4,"gold_loss":0,"cards_upgraded":["Defend_R","Defend_R"]}],"is_beta":false,"boss_relics":[],"items_purged_floors":[],"is_endless":false,"potions_floor_spawned":[5],"killed_by":"Lagavulin","ascension_level":20}