{"gold_per_floor":[109,125,125,125,135,166,166,166],"floor_reached":8,"playtime":501,"items_purged":[],"score":112,"play_id":"0ae2af71-f61f-4574-980d-79617613e592","local_time":"20190408232441","is_ascension_mode":true,"campfire_choices":[{"data":"Bash","floor":7,"key":"SMITH"}],"neow_cost":"NONE","seed_source_timestamp":1702546527835600,"circlet_count":0,"master_deck":["AscendersBane","Strike_R","Strike_R","Strike_R","Strike_R+1","Strike_R","Defend_R","Defend_R","Defend_R","Defend_R","Bash+1","Disarm+1","Pommel Strike","Sword Boomerang","Battle Trance"],"special_seed":0,"relics":["Burning Blood","Oddly Smooth Stone","Bottled Flame"],"potions_floor_usage":[],"damage_taken":[{"damage":14.0,"enemies":"Small Slimes","floor":1.0,"turns":5.0},{"damage":1.0,"enemies":"2 Louse","floor":2.0,"turns":3.0},{"damage":0.0,"enemies":"Cultist","floor":5.0,"turns":3.0},{"damage":17.0,"enemies":"Lagavulin","floor":6.0,"turns":6.0},{"damage":68,"enemies":"3 Sentries","floor":8,"turns":10}],"seed_played":"-2080848096702996785","potions_obtained":[{"floor":1.0,"key":"Poison Potion"},{"floor":5.0,"key":"SteroidPotion"},{"floor":6,"key":"Strength Potion"}],"is_trial":false,"path_per_floor":["M","M","?","?","M","E","R","E"],"character_chosen":"IRONCLAD","items_purchased":[],"campfire_rested":0,"item_purchase_floors":[],"current_hp_per_floor":[60,65,42,67,73,62,62,0],"gold":166,"neow_bonus":"RANDOM_COMMON_RELIC","is_prod":false,"is_daily":false,"chose_seed":false,"campfire_upgraded":1,"win_rate":0,"timestamp":1554762281,"path_taken":["M","M","?","?","M","E","R","E"],"build_version":"2019-01-23","purchased_purges":0,"victory":false,"max_hp_per_floor":[75,75,75,75,75,75,75,75],"card_choices":[{"not_picked":["Blood for Blood","Clash"],"picked":"Disarm","floor":1.0},{"not_picked":["Shrug It Off","Body Slam"],"picked":"Pommel Strike","floor":2.0},{"not_picked":["Warcry","Entrench"],"picked":"Sword Boomerang","floor":5.0},{"not_picked":["Anger","Intimidate"],"picked":"Battle Trance","floor":6}],"player_experience":2608447,"relics_obtained":[{"floor":6,"key":"Bottled Flame"}],"event_choices":[{"damage_healed":0.0,"max_hp_gain":0.0,"max_hp_loss":0.0,"gold_gain":0.0,"event_name":"Shining Light","player_choice":"Entered Light","floor":3.0,"gold_loss":0.0,"damage_taken":23.0,"cards_upgraded":["Strike_R","Disarm"]},{"damage_healed":25.0,"max_hp_gain":0.0,"max_hp_loss":0.0,"gold_gain":0.0,"event_name":"Big Fish","player_choice":"Banana","floor":4.0,"gold_loss":0.0,"damage_taken":0.0}],"is_beta":false,"boss_relics":[],"items_purged_floors":[],"is_endless":false,"potions_floor_spawned":[1,5,6],"killed_by":"3 Sentries","ascension_level":20}