{"gold_per_floor":[116,128,145,28,46,75,75,0,0,27,43,43,70,70,70,70],"floor_reached":16,"playtime":588,"items_purged":["Strike_G"],"score":204,"play_id":"0c4501a3-5803-438a-b86c-9c157a26e2b5","local_time":"20190210213354","is_ascension_mode":true,"campfire_choices":[{"data":"Glass Knife","floor":7.0,"key":"SMITH"},{"floor":15,"key":"REST"}],"neow_cost":"PERCENT_DAMAGE","seed_source_timestamp":220420634638522,"circlet_count":0,"master_deck":["AscendersBane","Defend_G","Defend_G","Defend_G","Defend_G","Defend_G","Strike_G","Strike_G","Strike_G","Strike_G","Survivor","Neutralize","Glass Knife+1","Blade Dance","Predator","Footwork","Deadly Poison","Storm of Steel","Dash","Cloak And Dagger","Dodge and Roll"],"special_seed":0,"relics":["Ring of the Snake","Tingsha","Pear","Odd Mushroom","Singing Bowl"],"potions_floor_usage":[11,13],"damage_taken":[{"damage":0.0,"enemies":"Cultist","floor":1.0,"turns":3.0},{"damage":6.0,"enemies":"Jaw Worm","floor":2.0,"turns":4.0},{"damage":3.0,"enemies":"2 Louse","floor":3.0,"turns":3.0},{"damage":1.0,"enemies":"Blue Slaver","floor":5.0,"turns":2.0},{"damage":23.0,"enemies":"Gremlin Nob","floor":6.0,"turns":5.0},{"damage":2,"enemies":"The Mushroom Lair","floor":10,"turns":5},{"damage":2,"enemies":"Large Slime","floor":11,"turns":6},{"damage":16,"enemies":"Lagavulin","floor":13,"turns":8},{"damage":40,"enemies":"Slime Boss","floor":16,"turns":7}],"seed_played":"7629293422637270190","potions_obtained":[{"floor":2.0,"key":"PowerPotion"},{"floor":3.0,"key":"GamblersBrew"},{"floor":6.0,"key":"SpeedPotion"},{"floor":10,"key":"GhostInAJar"}],"is_trial":false,"path_per_floor":["M","M","M","$","M","E","R","$","T","?","M","?","E","$","R","B"],"character_chosen":"THE_SILENT","items_purchased":["Footwork","Dash"],"campfire_rested":1,"item_purchase_floors":[4,8],"current_hp_per_floor":[44,38,35,35,34,11,11,11,21,19,17,17,3,3,26,0],"gold":70,"neow_bonus":"THREE_RARE_CARDS","is_prod":false,"is_daily":false,"chose_seed":false,"campfire_upgraded":1,"win_rate":0,"timestamp":1549830834,"path_taken":["M","M","M","$","M","E","R","?","T","?","M","?","E","?","R","BOSS"],"build_version":"2019-01-23","purchased_purges":1,"victory":false,"max_hp_per_floor":[66,66,66,66,66,66,66,66,76,76,76,76,78,78,78,78],"card_choices":[{"not_picked":["Malaise","After Image"],"picked":"Glass Knife","floor":0.0},{"not_picked":["Slice","Setup","Bane"],"picked":"SKIP","floor":1.0},{"not_picked":["Acrobatics","Well Laid Plans"],"picked":"Blade Dance","floor":2.0},{"not_picked":["Acrobatics","Dagger Spray"],"picked":"Predator","floor":3.0},{"not_picked":["Underhanded Strike","Outmaneuver"],"picked":"Deadly Poison","floor":5.0},{"not_picked":["Backflip","Eviscerate"],"picked":"Storm of Steel","floor":6.0},{"not_picked":["Underhanded Strike","Slice"],"picked":"Cloak And Dagger","floor":10},{"not_picked":["Setup","Choke"],"picked":"Dodge and Roll","floor":11},{"not_picked":["Flying Knee","Tactician","Endless Agony"],"picked":"Singing Bowl","floor":13}],"player_experience":507275,"relics_obtained":[{"floor":6.0,"key":"Tingsha"},{"floor":9.0,"key":"Pear"},{"floor":10,"key":"Odd Mushroom"},{"floor":13,"key":"Singing Bowl"}],"event_choices":[{"damage_healed":0,"gold_gain":0,"player_choice":"Fought Mushrooms","damage_taken":0,"max_hp_gain":0,"max_hp_loss":0,"event_name":"Mushrooms","floor":10,"gold_loss":0},{"damage_healed":0,"gold_gain":0,"player_choice":"Ignored","damage_taken":0,"max_hp_gain":0,"max_hp_loss":0,"event_name":"Shining Light","floor":12,"gold_loss":0}],"is_beta":false,"boss_relics":[],"items_purged_floors":[4],"is_endless":false,"potions_floor_spawned":[2,3,6,10],"killed_by":"Slime Boss","ascension_level":17}