{"gold_per_floor":[117,117,127,143,162,162,190,190,214,69,69,69,89,122,122,215,215,236,236,253,253,266,293,293,319,342,374,386,713,713,405,405,479,479,489,259,276,197,208,242,242,242,242,256,256,58,91,107,107,107,107,107,21,48,48],"floor_reached":56,"playtime":3497,"items_purged":["Strike_G","Strike_G"],"score":2153,"play_id":"471ef478-192f-4a55-b3e8-52f7ae31c5b9","local_time":"20190419112935","is_ascension_mode":true,"campfire_choices":[{"data":"Dash","floor":6.0,"key":"SMITH"},{"data":"Poisoned Stab","floor":8.0,"key":"SMITH"},{"data":"Cloak And Dagger","floor":15.0,"key":"SMITH"},{"data":"A Thousand Cuts","floor":24,"key":"SMITH"},{"data":"Noxious Fumes","floor":30,"key":"SMITH"},{"data":"Catalyst","floor":32,"key":"SMITH"},{"floor":41,"key":"RECALL"},{"data":"Footwork","floor":45,"key":"SMITH"},{"data":"Dodge and Roll","floor":49,"key":"SMITH"},{"data":"Prepared","floor":52,"key":"SMITH"}],"neow_cost":"NONE","seed_source_timestamp":27296157540254,"circlet_count":0,"master_deck":["AscendersBane","Defend_G","Defend_G","Defend_G","Defend_G","Defend_G","Survivor","Neutralize+1","Dash+1","Cloak And Dagger+1","Dagger Throw","Poisoned Stab+1","Infinite Blades","PiercingWail","Backflip","A Thousand Cuts+1","Backstab","PiercingWail+1","Catalyst+1","Dash","Prepared+1","Noxious Fumes+1","Distraction+1","Footwork+1","Blur","Dodge and Roll+1","Corpse Explosion","Footwork+1","Caltrops+1","Deadly Poison+1","Deflect","Leg Sweep","Blind","Blur"],"special_seed":0,"relics":["Ring of the Snake","Orichalcum","Boot","Bloody Idol","Centennial Puzzle","Runic Pyramid","Incense Burner","Red Mask","Strawberry","Potion Belt","Old Coin","Sozu","PreservedInsect","Lantern","Oddly Smooth Stone","Meat on the Bone","Bag of Marbles"],"potions_floor_usage":[20,20,23,27,39,55,55],"damage_taken":[{"damage":0.0,"enemies":"Small Slimes","floor":1.0,"turns":6.0},{"damage":0.0,"enemies":"Cultist","floor":3.0,"turns":4.0},{"damage":0.0,"enemies":"Jaw Worm","floor":4.0,"turns":4.0},{"damage":2.0,"enemies":"Lots of Slimes","floor":5.0,"turns":5.0},{"damage":18.0,"enemies":"Gremlin Nob","floor":7.0,"turns":6.0},{"damage":3.0,"enemies":"Red Slaver","floor":13.0,"turns":3.0},{"damage":6.0,"enemies":"3 Sentries","floor":14.0,"turns":9.0},{"damage":30,"enemies":"Hexaghost","floor":16,"turns":11},{"damage":0,"enemies":"Shell Parasite","floor":18,"turns":8},{"damage":3,"enemies":"Spheric Guardian","floor":20,"turns":3},{"damage":1,"enemies":"Shelled Parasite and Fungi","floor":22,"turns":11},{"damage":4,"enemies":"Slavers","floor":23,"turns":10},{"damage":7,"enemies":"Masked Bandits","floor":25,"turns":4},{"damage":11,"enemies":"Gremlin Leader","floor":27,"turns":8},{"damage":7,"enemies":"Snake Plant","floor":28,"turns":4},{"damage":4,"enemies":"Slavers","floor":29,"turns":6},{"damage":32,"enemies":"Champ","floor":33,"turns":13},{"damage":0,"enemies":"Orb Walker","floor":35,"turns":4},{"damage":10,"enemies":"3 Darklings","floor":37,"turns":3},{"damage":24,"enemies":"Transient","floor":39,"turns":5},{"damage":2,"enemies":"Giant Head","floor":40,"turns":9},{"damage":0,"enemies":"4 Shapes","floor":44,"turns":4},{"damage":0,"enemies":"Nemesis","floor":47,"turns":7},{"damage":1,"enemies":"Spire Growth","floor":48,"turns":6},{"damage":31,"enemies":"Awakened One","floor":50,"turns":21},{"damage":0,"enemies":"Shield and Spear","floor":54,"turns":5},{"damage":0,"enemies":"The Heart","floor":55,"turns":14}],"seed_played":"296942635294800818","potions_obtained":[{"floor":1.0,"key":"EssenceOfSteel"},{"floor":2.0,"key":"Fruit Juice"},{"floor":2.0,"key":"GamblersBrew"},{"floor":5.0,"key":"GamblersBrew"},{"floor":13.0,"key":"Energy Potion"},{"floor":14.0,"key":"AttackPotion"},{"floor":20,"key":"Block Potion"},{"floor":22,"key":"SkillPotion"},{"floor":25,"key":"Weak Potion"},{"floor":27,"key":"AttackPotion"},{"floor":33,"key":"Poison Potion"}],"is_trial":false,"path_per_floor":["M","?","M","M","M","R","E","R","T","$","?","?","M","E","R","B",null,"M","?","M","?","M","E","R","?","T","E","M","E","R","$","R","B",null,"M","$","M","$","M","E","R","?","T","M","R","$","E","M","R","B",null,"R","$","E","B",null],"character_chosen":"THE_SILENT","items_purchased":["Infinite Blades","PowerPotion","Regen Potion","Blur","Dodge and Roll","PreservedInsect","Footwork","Caltrops","Oddly Smooth Stone","Deflect","Blind"],"campfire_rested":0,"item_purchase_floors":[10,31,31,31,31,36,36,38,46,46,53],"current_hp_per_floor":[59,64,64,64,62,62,44,44,44,44,44,44,41,35,35,5,49,49,49,51,51,55,56,56,54,66,60,58,64,64,64,64,37,63,68,68,63,63,44,47,47,47,47,52,52,52,57,61,61,42,64,64,64,69,69],"gold":48,"neow_bonus":"UPGRADE_CARD","is_prod":false,"is_daily":false,"chose_seed":false,"campfire_upgraded":9,"win_rate":0,"timestamp":1555698575,"path_taken":["M","?","M","?","M","R","E","R","T","$","?","?","M","E","R","BOSS","M","?","M","?","M","E","R","?","T","E","M","E","R","$","R","BOSS","M","$","M","$","M","E","R","?","T","?","R","?","E","M","R","BOSS","R","$","E","BOSS"],"build_version":"2019-01-23","purchased_purges":2,"victory":true,"max_hp_per_floor":[66,71,71,71,71,71,71,71,71,71,64,64,64,64,64,64,64,64,64,64,64,64,64,64,64,71,71,71,71,71,71,71,71,71,71,71,71,71,71,71,71,71,71,71,71,71,71,71,71,71,71,71,71,71,71],"card_choices":[{"not_picked":["All Out Attack","Tactician"],"picked":"Dash","floor":1.0},{"not_picked":["Outmaneuver","Backflip"],"picked":"Cloak And Dagger","floor":3.0},{"not_picked":["Deflect","Dodge and Roll"],"picked":"Dagger Throw","floor":4.0},{"not_picked":["Accuracy","Prepared","Setup"],"picked":"SKIP","floor":5.0},{"not_picked":["Outmaneuver","Glass Knife"],"picked":"Poisoned Stab","floor":7.0},{"not_picked":["Deflect","Skewer"],"picked":"PiercingWail","floor":13.0},{"not_picked":["Dodge and Roll","Heel Hook"],"picked":"Backflip","floor":14.0},{"not_picked":["Tools of the Trade","Bullet Time"],"picked":"A Thousand Cuts","floor":16},{"not_picked":["Heel Hook","Setup"],"picked":"Backstab","floor":18},{"not_picked":["Underhanded Strike","Slice"],"picked":"PiercingWail+1","floor":20},{"not_picked":["Dagger Throw","Accuracy"],"picked":"Prepared","floor":22},{"not_picked":["Infinite Blades","Eviscerate","Quick Slash"],"picked":"SKIP","floor":23},{"not_picked":["Backstab","Sucker Punch"],"picked":"Noxious Fumes","floor":25},{"not_picked":["Grand Finale","Quick Slash+1"],"picked":"Distraction+1","floor":27},{"not_picked":["Dagger Throw","Finisher"],"picked":"Footwork+1","floor":28},{"not_picked":["Prepared","Dagger Throw","Flying Knee"],"picked":"SKIP","floor":29},{"not_picked":["Die Die Die","Phantasmal Killer"],"picked":"Corpse Explosion","floor":33},{"not_picked":["Slice","Poisoned Stab","Backflip"],"picked":"SKIP","floor":35},{"not_picked":["Slice+1","Prepared","Predator"],"picked":"SKIP","floor":37},{"not_picked":["Deadly Poison","Expertise","Acrobatics"],"picked":"SKIP","floor":39},{"not_picked":["Deadly Poison","Expertise","Acrobatics"],"picked":"SKIP","floor":39},{"not_picked":["Corpse Explosion","Backflip"],"picked":"Deadly Poison+1","floor":40},{"not_picked":["Skewer","Infinite Blades","Underhanded Strike+1"],"picked":"SKIP","floor":44},{"not_picked":["Sucker Punch+1","PiercingWail"],"picked":"Leg Sweep","floor":47},{"not_picked":["Underhanded Strike","Cloak And Dagger","Bane"],"picked":"SKIP","floor":48},{"not_picked":["Backflip","Heel Hook"],"picked":"Blur","floor":54}],"player_experience":2472180,"relics_obtained":[{"floor":7.0,"key":"Orichalcum"},{"floor":9.0,"key":"Boot"},{"floor":14.0,"key":"Centennial Puzzle"},{"floor":23,"key":"Incense Burner"},{"floor":25,"key":"Red Mask"},{"floor":26,"key":"Strawberry"},{"floor":27,"key":"Potion Belt"},{"floor":29,"key":"Old Coin"},{"floor":40,"key":"Lantern"},{"floor":47,"key":"Meat on the Bone"},{"floor":54,"key":"Bag of Marbles"}],"event_choices":[{"damage_healed":0.0,"max_hp_gain":0.0,"max_hp_loss":0.0,"gold_gain":0.0,"event_name":"Lab","player_choice":"Got Potions","floor":2.0,"gold_loss":0.0,"damage_taken":0.0},{"damage_healed":0.0,"max_hp_gain":0.0,"max_hp_loss":7.0,"gold_gain":0.0,"event_name":"Golden Idol","player_choice":"Lose Max HP","floor":11.0,"gold_loss":0.0,"damage_taken":0.0,"relics_obtained":["Golden Idol"]},{"cards_removed":["Strike_G"],"damage_healed":0.0,"max_hp_gain":0.0,"max_hp_loss":0.0,"gold_gain":0.0,"event_name":"Purifier","player_choice":"Purged","floor":12.0,"gold_loss":0.0,"damage_taken":0.0},{"damage_healed":0,"gold_gain":0,"player_choice":"Gave Idol","damage_taken":0,"relics_obtained":["Bloody Idol"],"max_hp_gain":0,"max_hp_loss":0,"event_name":"Forgotten Altar","floor":19,"relics_lost":["Golden Idol"],"gold_loss":0},{"damage_healed":0,"gold_gain":0,"cards_transformed":["Strike_G","Strike_G"],"player_choice":"Became Test Subject","damage_taken":0,"max_hp_gain":0,"max_hp_loss":0,"event_name":"Drug Dealer","floor":21,"gold_loss":0,"cards_obtained":["Catalyst","Dash"]},{"damage_healed":0,"gold_gain":0,"player_choice":"Fought Bandits","damage_taken":0,"max_hp_gain":0,"max_hp_loss":0,"event_name":"Masked Bandits","floor":25,"gold_loss":0},{"damage_healed":0,"gold_gain":0,"player_choice":"Forge","damage_taken":0,"max_hp_gain":0,"max_hp_loss":0,"event_name":"Accursed Blacksmith","floor":42,"gold_loss":0,"cards_upgraded":["Caltrops"]}],"is_beta":false,"boss_relics":[{"not_picked":["Fusion Hammer","Ectoplasm"],"picked":"Runic Pyramid"},{"not_picked":["Coffee Dripper","Snecko Eye"],"picked":"Sozu"}],"items_purged_floors":[10,31],"is_endless":false,"potions_floor_spawned":[1,5,13,14,20,22,25,27,33,44,47,48],"ascension_level":15}