{"gold_per_floor":[119,133,83,94,114,139,156,156,182,206,220,230,230,243,243,243],"floor_reached":16,"playtime":545,"items_purged":[],"score":117,"play_id":"ff6c9b6e-e7ad-4f32-8114-9fe1d3e89e30","local_time":"25610803152425","is_ascension_mode":true,"campfire_choices":[{"floor":15,"key":"REST"}],"neow_cost":"NONE","seed_source_timestamp":23307356445029,"circlet_count":0,"master_deck":["Strike_B","Strike_B","Strike_B","Strike_B","Defend_B","Defend_B","Defend_B","Zap","Dualcast","Conserve Battery","Rebound+1","FTL","All For One+1","Sweeping Beam","Streamline","Regret","Aggregate","Genetic Algorithm","White Noise","Stack"],"special_seed":0,"relics":["Cracked Core","Dream Catcher","Lantern","Boot","Whetstone","Odd Mushroom","Symbiotic Virus"],"potions_floor_usage":[16,16],"damage_taken":[{"damage":0.0,"enemies":"2 Louse","floor":1.0,"turns":2.0},{"damage":2.0,"enemies":"Jaw Worm","floor":2.0,"turns":3.0},{"damage":5.0,"enemies":"Small Slimes","floor":4.0,"turns":3.0},{"damage":20.0,"enemies":"3 Louse","floor":5.0,"turns":3.0},{"damage":16.0,"enemies":"Gremlin Nob","floor":6.0,"turns":3.0},{"damage":1.0,"enemies":"2 Fungi Beasts","floor":7.0,"turns":2.0},{"damage":0.0,"floor":10.0,"turns":3.0},{"damage":0.0,"enemies":"Looter","floor":11.0,"turns":1.0},{"damage":1,"enemies":"Blue Slaver","floor":12,"turns":2},{"damage":2,"enemies":"Large Slime","floor":14,"turns":4},{"damage":53,"enemies":"Hexaghost","floor":16,"turns":9}],"seed_played":"-90936732404013836","potions_obtained":[{"floor":2.0,"key":"GamblersBrew"},{"floor":4.0,"key":"SteroidPotion"},{"floor":5.0,"key":"Block Potion"},{"floor":7.0,"key":"AttackPotion"},{"floor":14,"key":"Weak Potion"}],"is_trial":false,"path_per_floor":["M","M","?","M","M","E","M","?","T","?","M","M","T","M","R"],"character_chosen":"DEFECT","items_purchased":[],"campfire_rested":1,"item_purchase_floors":[],"current_hp_per_floor":[75,73,73,68,48,32,31,31,31,31,31,30,30,28,50,0],"gold":243,"neow_bonus":"RANDOM_COMMON_RELIC","is_prod":false,"is_daily":false,"chose_seed":false,"campfire_upgraded":0,"win_rate":0,"timestamp":1533284665,"path_taken":["M","M","?","M","M","E","M","?","T","?","?","M","?","M","R","BOSS"],"build_version":"2018-08-02","purchased_purges":0,"victory":false,"max_hp_per_floor":[75,75,75,75,75,75,75,75,75,75,75,75,75,75,75,75],"card_choices":[{"not_picked":["Redo","Lockon"],"picked":"Conserve Battery","floor":1.0},{"not_picked":["Auto Shields","Leap"],"picked":"Rebound","floor":2.0},{"not_picked":["Cold Snap","Beam Cell"],"picked":"FTL","floor":4.0},{"not_picked":["Beam Cell","Coolheaded"],"picked":"All For One","floor":5.0},{"not_picked":["Rebound","Streamline"],"picked":"Sweeping Beam","floor":6.0},{"not_picked":["Coolheaded","Leap"],"picked":"Streamline","floor":7.0},{"not_picked":["Barrage","Streamline"],"picked":"Aggregate","floor":10.0},{"not_picked":["Rebound","Undo"],"picked":"Genetic Algorithm","floor":11.0},{"not_picked":["Force Field","Fusion","Melter"],"picked":"SKIP","floor":12},{"not_picked":["Tempest","Coolheaded"],"picked":"White Noise","floor":14},{"not_picked":["Ball Lightning","Force Field"],"picked":"Stack","floor":15}],"player_experience":184848,"relics_obtained":[{"floor":6.0,"key":"Lantern"},{"floor":9.0,"key":"Whetstone"},{"floor":10.0,"key":"Odd Mushroom"},{"floor":13,"key":"Symbiotic Virus"}],"event_choices":[{"event_name":"The Cleric","player_choice":"Card Removal","floor":3.0,"damage_taken":0.0},{"event_name":"Big Fish","player_choice":"Box","floor":8.0,"damage_taken":0.0},{"event_name":"Mushrooms","player_choice":"Fought Mushrooms","floor":10.0,"damage_taken":0.0}],"is_beta":false,"boss_relics":[],"items_purged_floors":[],"is_endless":false,"potions_floor_spawned":[2,4,5,7,14],"killed_by":"Hexaghost","ascension_level":2}