{"gold_per_floor":[118,135,135,85,85,85,110,185,257,282,282,72,72,72,72,195,195,220,135,62,85,85],"floor_reached":22,"playtime":1047,"items_purged":["Strike_B"],"score":172,"play_id":"fe32a008-eb81-4ca3-8640-4b927c1ef746","local_time":"20181101040825","is_ascension_mode":false,"campfire_choices":[{"data":"Loop","floor":6.0,"key":"SMITH"},{"data":"Dualcast","floor":11.0,"key":"SMITH"},{"floor":13,"key":"RECALL"},{"floor":15,"key":"REST"}],"neow_cost":"NONE","seed_source_timestamp":925305630034255,"circlet_count":0,"master_deck":["Defend_B","Defend_B","Defend_B","Defend_B","Zap+1","Dualcast+1","Loop+1","Steam","Machine Learning","Creative AI","Glacier"],"special_seed":0,"relics":["Cracked Core","Golden Idol","Cables","Empty Cage","Question Card"],"potions_floor_usage":[16,22],"damage_taken":[{"damage":5.0,"enemies":"Small Slimes","floor":1.0,"turns":4.0},{"damage":0.0,"enemies":"2 Louse","floor":2.0,"turns":2.0},{"damage":1.0,"enemies":"Jaw Worm","floor":7.0,"turns":3.0},{"damage":12.0,"enemies":"Exordium Thugs","floor":10.0,"turns":5.0},{"damage":10,"enemies":"The Guardian","floor":16,"turns":13},{"damage":11,"enemies":"Spheric Guardian","floor":18,"turns":5},{"damage":4,"enemies":"Shell Parasite","floor":21,"turns":16},{"damage":59,"enemies":"3 Cultists","floor":22,"turns":6}],"seed_played":"5051616632248239103","potions_obtained":[{"floor":10.0,"key":"SpeedPotion"},{"floor":18,"key":"Fire Potion"}],"is_trial":false,"path_per_floor":["M","M","?","?","$","R","M","?","T","M","R","$","R","$","R","B",null,"M","?","$","M","M"],"character_chosen":"DEFECT","items_purchased":["Machine Learning","Glacier"],"campfire_rested":1,"item_purchase_floors":[12,20],"current_hp_per_floor":[70,70,69,69,69,69,68,57,57,45,45,45,45,45,65,55,69,58,58,58,54,0],"gold":85,"neow_bonus":"UPGRADE_CARD","is_prod":false,"is_daily":false,"chose_seed":false,"campfire_upgraded":2,"win_rate":0,"timestamp":1541041705,"path_taken":["M","M","?","?","$","R","M","?","T","M","R","$","R","?","R","BOSS","M","?","$","M","M"],"build_version":"2018-10-30","purchased_purges":1,"victory":false,"max_hp_per_floor":[75,75,69,69,69,69,69,69,69,69,69,69,69,69,69,69,69,69,69,69,69,69],"card_choices":[{"not_picked":["Cold Snap","Rebound","Rip and Tear"],"picked":"SKIP","floor":1.0},{"not_picked":["Go for the Eyes","Rip and Tear"],"picked":"Loop","floor":2.0},{"not_picked":["Rebound","Sweeping Beam","Leap"],"picked":"SKIP","floor":7.0},{"not_picked":["Recycle","Compile Driver"],"picked":"Steam","floor":10.0},{"not_picked":["Hyperbeam","Meteor Strike"],"picked":"Creative AI","floor":16},{"not_picked":["Coolheaded","Leap","Hologram"],"picked":"SKIP","floor":18},{"not_picked":["Scrape","Undo","Melter+1","Heatsinks"],"picked":"SKIP","floor":21}],"player_experience":240366,"relics_obtained":[{"floor":9.0,"key":"Cables"}],"event_choices":[{"damage_healed":0.0,"max_hp_gain":0.0,"max_hp_loss":6.0,"gold_gain":0.0,"event_name":"Golden Idol","player_choice":"Lose Max HP","floor":3.0,"gold_loss":0.0,"damage_taken":0.0,"relics_obtained":["Golden Idol"]},{"cards_removed":["Strike_B"],"damage_healed":0.0,"max_hp_gain":0.0,"max_hp_loss":0.0,"gold_gain":0.0,"event_name":"The Cleric","player_choice":"Card Removal","floor":4.0,"gold_loss":50.0,"damage_taken":0.0},{"damage_healed":0.0,"max_hp_gain":0.0,"max_hp_loss":0.0,"gold_gain":75.0,"event_name":"World of Goop","player_choice":"Gather Gold","floor":8.0,"gold_loss":0.0,"damage_taken":11.0},{"damage_healed":0,"gold_gain":0,"player_choice":"Obtained Relic","damage_taken":0,"relics_obtained":["Question Card"],"max_hp_gain":0,"max_hp_loss":0,"event_name":"Addict","floor":19,"gold_loss":85}],"is_beta":true,"boss_relics":[{"not_picked":["Coffee Dripper","Orrery"],"picked":"Empty Cage"}],"items_purged_floors":[12],"is_endless":false,"potions_floor_spawned":[10,18],"killed_by":"3 Cultists","ascension_level":0}