{"gold_per_floor":[16,16,31,0,10,10,21,21,21,21,39,39,51,63,63,140,140,158,158,193,206,217,217,244,244,244,14,14,14,48,66,66,142,192,203,203,222,222,236,236,254,268,319,337,354,354,364,376,376,376],"floor_reached":51,"playtime":2927,"items_purged":["Strike_G"],"score":1268,"play_id":"d6f92887-8028-41a7-8dd3-d76d798a08fc","local_time":"20180823121130","is_ascension_mode":true,"campfire_choices":[{"floor":6,"key":"DIG"},{"floor":8,"key":"DIG"},{"floor":10,"key":"DIG"},{"floor":12,"key":"DIG"},{"data":"Neutralize","floor":15,"key":"SMITH"},{"floor":23,"key":"DIG"},{"floor":25,"key":"DIG"},{"floor":32,"key":"REST"},{"floor":40,"key":"DIG"},{"floor":46,"key":"REST"},{"floor":49,"key":"REST"}],"neow_cost":"NO_GOLD","seed_source_timestamp":1091530985229,"circlet_count":0,"master_deck":["Defend_G+1","Defend_G+1","Defend_G","Defend_G","Strike_G","Strike_G","Strike_G+1","Strike_G+1","Survivor","Neutralize+1","AscendersBane","Leg Sweep","All Out Attack","Slice+1","Dagger Throw","Dash","After Image","PiercingWail+1","Crippling Poison+1","Footwork","Noxious Fumes","Noxious Fumes","Night Terror","Expertise+1","Footwork","Writhe","Crippling Poison+1","Calculated Gamble+1","Backstab","Acrobatics"],"relics":["Ring of the Snake","Shovel","Du-Vu Doll","Tough Bandages","Incense Burner","Tingsha","Whetstone","Fusion Hammer","Red Mask","Gremlin Horn","Thread and Needle","Potion Belt","War Paint","Bag of Marbles","Tiny House","Omamori","Vajra"],"potions_floor_usage":[16,20,20,33,41,45,45,47,50,50,50,50],"damage_taken":[{"damage":1,"enemies":"Small Slimes","floor":1,"turns":4},{"damage":0,"enemies":"Jaw Worm","floor":3,"turns":6},{"damage":0,"enemies":"2 Louse","floor":5,"turns":3},{"damage":2,"enemies":"Exordium Wildlife","floor":7,"turns":3},{"damage":4,"enemies":"Large Slime","floor":11,"turns":6},{"damage":0,"enemies":"Blue Slaver","floor":13,"turns":3},{"damage":5,"enemies":"Exordium Thugs","floor":14,"turns":5},{"damage":7,"enemies":"The Guardian","floor":16,"turns":14},{"damage":5,"enemies":"Chosen","floor":18,"turns":5},{"damage":2,"floor":20,"turns":4},{"damage":0,"enemies":"3 Byrds","floor":21,"turns":4},{"damage":0,"enemies":"Cultist and Chosen","floor":22,"turns":5},{"damage":12,"enemies":"Gremlin Leader","floor":24,"turns":10},{"damage":0,"enemies":"Book of Stabbing","floor":30,"turns":7},{"damage":0,"enemies":"3 Cultists","floor":31,"turns":5},{"damage":0,"enemies":"Champ","floor":33,"turns":17},{"damage":11,"enemies":"3 Darklings","floor":35,"turns":4},{"damage":0,"enemies":"Flame Bruiser 1 Orb","floor":37,"turns":6},{"damage":9,"enemies":"Maw","floor":39,"turns":9},{"damage":0,"enemies":"3 Darklings","floor":41,"turns":5},{"damage":30,"enemies":"Spire Growth","floor":42,"turns":8},{"damage":8,"enemies":"4 Shapes","floor":44,"turns":7},{"damage":10,"enemies":"Transient","floor":45,"turns":5},{"damage":0,"enemies":"3 Darklings","floor":47,"turns":4},{"damage":0,"enemies":"Flame Bruiser 2 Orb","floor":48,"turns":6},{"damage":12,"enemies":"Awakened One","floor":50,"turns":19}],"seed_played":"-1282523899580360849","potions_obtained":[{"floor":1,"key":"Ancient Potion"},{"floor":13,"key":"AttackPotion"},{"floor":14,"key":"SkillPotion"},{"floor":18,"key":"SkillPotion"},{"floor":22,"key":"FairyPotion"},{"floor":33,"key":"GhostInAJar"},{"floor":34,"key":"AttackPotion"},{"floor":44,"key":"Fire Potion"},{"floor":45,"key":"EntropicBrew"}],"is_trial":false,"path_per_floor":["M","?","M","?","M","R","M","R","T","R","M","R","M","M","R","B",null,"M","?","?","M","M","R","E","R","T","$","?","?","E","M","R","B",null,"M","?","M","?","M","R","M","M","T","M","M","R","M","M","R","B"],"character_chosen":"THE_SILENT","items_purchased":["GhostInAJar","Regen Potion"],"campfire_rested":3,"item_purchase_floors":[27,27],"current_hp_per_floor":[58,38,38,38,38,38,36,36,36,36,32,32,32,27,27,20,55,50,50,48,48,48,48,36,36,36,36,36,36,36,36,55,55,68,57,71,71,71,62,62,62,32,32,24,14,35,49,49,70,68],"gold":376,"neow_bonus":"ONE_RARE_RELIC","is_prod":false,"is_daily":false,"chose_seed":false,"campfire_upgraded":1,"win_rate":0,"timestamp":1535051490,"path_taken":["M","?","M","?","M","R","M","R","T","R","?","R","M","M","R","BOSS","M","?","?","M","M","R","E","R","T","$","?","?","E","M","R","BOSS","M","?","?","?","M","R","M","M","T","M","?","R","M","M","R","BOSS"],"build_version":"2018-08-16","purchased_purges":1,"victory":true,"max_hp_per_floor":[66,66,66,66,66,66,66,66,66,66,66,66,66,66,66,66,66,66,66,66,66,66,66,66,66,66,66,66,66,66,66,66,66,71,71,71,71,71,71,71,71,71,71,71,71,71,71,71,71,71],"card_choices":[{"not_picked":["Masterful Stab","Bane"],"picked":"Leg Sweep","floor":1},{"not_picked":["Prepared","Underhanded Strike"],"picked":"All Out Attack","floor":3},{"not_picked":["Expertise","Finisher","Setup"],"picked":"SKIP","floor":5},{"not_picked":["Dagger Throw","Tactician"],"picked":"Slice","floor":7},{"not_picked":["Poisoned Stab","Prepared"],"picked":"Dagger Throw","floor":11},{"not_picked":["Masterful Stab","Tactician","Outmaneuver"],"picked":"SKIP","floor":13},{"not_picked":["Outmaneuver","Dagger Throw"],"picked":"Dash","floor":14},{"not_picked":["Tools of the Trade","Doppelganger"],"picked":"After Image","floor":16},{"not_picked":["Blade Dance","Dagger Spray"],"picked":"PiercingWail","floor":18},{"not_picked":["Dodge and Roll","Blade Dance"],"picked":"Crippling Poison","floor":20},{"not_picked":["Finisher+1","Prepared"],"picked":"Footwork","floor":21},{"not_picked":["Bane","Tactician","Infinite Blades"],"picked":"SKIP","floor":22},{"not_picked":["Poisoned Stab","Quick Slash","Catalyst"],"picked":"SKIP","floor":24},{"not_picked":["Die Die Die","Endless Agony"],"picked":"Noxious Fumes","floor":30},{"not_picked":["Sucker Punch","Flying Knee","Quick Slash+1"],"picked":"SKIP","floor":31},{"not_picked":["Burst","Unload"],"picked":"Night Terror","floor":33},{"not_picked":["Cloak And Dagger","Bane"],"picked":"Expertise+1","floor":34},{"not_picked":["Crippling Poison","Blade Dance"],"picked":"Footwork","floor":35},{"not_picked":["Flying Knee","Noxious Fumes","PiercingWail"],"picked":"SKIP","floor":37},{"not_picked":["Setup+1","Skewer","Dash"],"picked":"SKIP","floor":39},{"not_picked":["Dagger Spray","PiercingWail"],"picked":"Crippling Poison+1","floor":41},{"not_picked":["Backflip","Blade Dance"],"picked":"Calculated Gamble+1","floor":42},{"not_picked":["Bane","Noxious Fumes+1"],"picked":"Backstab","floor":44},{"not_picked":["Eviscerate","Blade Dance+1","PiercingWail"],"picked":"SKIP","floor":45},{"not_picked":["Dagger Spray","Distraction"],"picked":"Acrobatics","floor":47},{"not_picked":["Quick Slash","Riddle With Holes","PiercingWail"],"picked":"SKIP","floor":48}],"player_experience":1010079,"relics_obtained":[{"floor":6,"key":"Du-Vu Doll"},{"floor":8,"key":"Tough Bandages"},{"floor":9,"key":"Incense Burner"},{"floor":10,"key":"Tingsha"},{"floor":12,"key":"Whetstone"},{"floor":20,"key":"Red Mask"},{"floor":23,"key":"Gremlin Horn"},{"floor":24,"key":"Thread and Needle"},{"floor":25,"key":"Potion Belt"},{"floor":26,"key":"War Paint"},{"floor":30,"key":"Bag of Marbles"},{"floor":40,"key":"Omamori"},{"floor":43,"key":"Vajra"}],"event_choices":[{"event_name":"Shining Light","player_choice":"Entered Light","floor":2,"damage_taken":0},{"event_name":"World of Goop","player_choice":"Left","floor":4,"damage_taken":0},{"event_name":"The Lab","player_choice":"Got Potions","floor":19,"damage_taken":0},{"event_name":"Masked Bandits","player_choice":"Fought Bandits","floor":20,"damage_taken":0},{"event_name":"The Library","player_choice":"Read","floor":28,"damage_taken":0},{"event_name":"The Mausoleum","player_choice":"No","floor":29,"damage_taken":0},{"event_name":"Winding Halls","player_choice":"Writhe","floor":36,"damage_taken":0},{"event_name":"Falling","player_choice":"Removed Skill","floor":38,"damage_taken":0}],"is_beta":false,"boss_relics":[{"not_picked":["Snecko Eye","Calling Bell"],"picked":"Fusion Hammer"},{"not_picked":["HoveringKite","Philosopher\u0027s Stone"],"picked":"Tiny House"}],"items_purged_floors":[27],"is_endless":false,"potions_floor_spawned":[1,13,14,18,22,33,37,44,45],"ascension_level":15}