{"gold_per_floor":[118,118,118,134,145,145,158,158,158,158,187,197,226,237,237,314,314,331,381,381,296,132,162,162,162,189,214,214,114,130,55,55,131,131,145,145,35,48,148,183,183,213,213,241,516,529,237,237,237,237,237],"floor_reached":52,"playtime":2624,"items_purged":["Outmaneuver","Poisoned Stab","Regret"],"score":2789,"play_id":"135cfc25-46a7-4824-b285-c8fa847b5884","local_time":"20181202155725","is_ascension_mode":true,"campfire_choices":[{"data":"Acrobatics","floor":6.0,"key":"SMITH"},{"data":"Concentrate","floor":8.0,"key":"SMITH"},{"data":"Choke","floor":10.0,"key":"SMITH"},{"data":"Calculated Gamble","floor":15.0,"key":"SMITH"},{"data":"Reflex","floor":25.0,"key":"SMITH"},{"data":"Well Laid Plans","floor":28.0,"key":"SMITH"},{"data":"Cloak And Dagger","floor":32.0,"key":"SMITH"},{"data":"Grand Finale","floor":41.0,"key":"SMITH"},{"data":"1","floor":49,"key":"LIFT"}],"neow_cost":"NONE","seed_source_timestamp":0,"circlet_count":0,"master_deck":["AscendersBane","Survivor","Neutralize+1","Well Laid Plans+1","Backflip+1","Concentrate+1","Acrobatics+1","Cloak And Dagger+1","Calculated Gamble+1","Reflex+1","After Image","Grand Finale+1"],"special_seed":0,"relics":["Pandora\u0027s Box","Pear","Ice Cream","Girya","Busted Crown","Kunai","Ancient Tea Set","Orichalcum","Frozen Egg 2","Cursed Key","Pocketwatch","Bag of Marbles","Whetstone","PreservedInsect","Bag of Preparation"],"potions_floor_usage":[],"damage_taken":[{"damage":12.0,"enemies":"Small Slimes","floor":1.0,"turns":2.0},{"damage":0.0,"enemies":"Cultist","floor":4.0,"turns":2.0},{"damage":0.0,"enemies":"2 Louse","floor":5.0,"turns":3.0},{"damage":0.0,"enemies":"Large Slime","floor":7.0,"turns":4.0},{"damage":8.0,"enemies":"3 Sentries","floor":11.0,"turns":4.0},{"damage":13.0,"enemies":"Gremlin Gang","floor":12.0,"turns":3.0},{"damage":0.0,"enemies":"Gremlin Nob","floor":13.0,"turns":3.0},{"damage":0.0,"enemies":"Looter","floor":14.0,"turns":2.0},{"damage":0.0,"enemies":"The Guardian","floor":16.0,"turns":6.0},{"damage":6.0,"enemies":"3 Byrds","floor":18.0,"turns":3.0},{"damage":11.0,"enemies":"Book of Stabbing","floor":23.0,"turns":3.0},{"damage":0.0,"enemies":"Gremlin Leader","floor":27.0,"turns":3.0},{"damage":0.0,"enemies":"2 Thieves","floor":30.0,"turns":1.0},{"damage":0.0,"enemies":"Automaton","floor":33.0,"turns":2.0},{"damage":0.0,"enemies":"3 Shapes","floor":35.0,"turns":2.0},{"damage":0.0,"enemies":"Orb Walker","floor":38.0,"turns":1.0},{"damage":0.0,"enemies":"Mind Bloom Boss Battle","floor":39.0,"turns":3.0},{"damage":0.0,"enemies":"Giant Head","floor":40.0,"turns":2.0},{"damage":0.0,"enemies":"Nemesis","floor":42.0,"turns":3.0},{"damage":0.0,"enemies":"Giant Head","floor":44.0,"turns":1.0},{"damage":2.0,"enemies":"4 Shapes","floor":46.0,"turns":3.0},{"damage":0,"enemies":"Awakened One","floor":50,"turns":2},{"damage":0,"enemies":"Donu and Deca","floor":51,"turns":1}],"seed_played":"-4089202342053619550","potions_obtained":[{"floor":7.0,"key":"Weak Potion"},{"floor":13.0,"key":"Swift Potion"},{"floor":14.0,"key":"Swift Potion"},{"floor":16.0,"key":"PowerPotion"},{"floor":27.0,"key":"GhostInAJar"},{"floor":33.0,"key":"Fire Potion"}],"is_trial":false,"path_per_floor":["M","?","?","M","M","R","M","R","T","R","E","M","E","M","R","B",null,"M","?","?","?","$","E","?","R","T","E","R","$","M","?","R","B",null,"M","?","?","M","?","E","R","E","T","E","?","M","$","?","R","B","B",null],"character_chosen":"THE_SILENT","items_purchased":["Grand Finale","Bag of Preparation"],"campfire_rested":0,"item_purchase_floors":[22,47],"current_hp_per_floor":[47,40,40,40,40,40,40,40,50,50,42,29,29,29,29,29,64,58,58,58,58,58,47,25,25,25,25,25,25,25,25,25,25,67,67,67,67,67,67,67,67,67,67,67,67,65,65,65,65,65,65],"gold":237,"neow_bonus":"BOSS_RELIC","is_prod":false,"is_daily":false,"chose_seed":false,"campfire_upgraded":8,"win_rate":0,"timestamp":1543737445,"path_taken":["M","?","?","M","?","R","M","R","T","R","E","M","E","M","R","BOSS","M","?","?","?","$","E","?","R","T","E","R","$","M","?","R","BOSS","M","?","?","?","?","E","R","E","T","E","?","?","$","?","R","BOSS","BOSS"],"build_version":"2018-11-15","purchased_purges":3,"victory":true,"max_hp_per_floor":[66,66,66,66,66,66,66,66,76,76,76,76,76,76,76,76,76,76,76,76,76,76,76,81,81,81,81,81,81,81,81,81,81,81,81,81,81,81,81,81,81,81,81,81,81,81,81,81,81,81,81],"card_choices":[{"not_picked":["Footwork","Slice"],"picked":"Choke","floor":1.0},{"not_picked":["Backflip","Concentrate"],"picked":"Calculated Gamble","floor":4.0},{"not_picked":["PiercingWail","Sucker Punch","Poisoned Stab"],"picked":"SKIP","floor":5.0},{"not_picked":["Blade Dance","Flying Knee","Skewer"],"picked":"SKIP","floor":7.0},{"not_picked":["Bane","Dodge and Roll"],"picked":"Finisher","floor":11.0},{"not_picked":["PiercingWail","Caltrops"],"picked":"Reflex","floor":12.0},{"not_picked":["Outmaneuver","Sucker Punch","Infinite Blades"],"picked":"SKIP","floor":13.0},{"not_picked":["Crippling Poison","Dagger Spray","Dagger Throw"],"picked":"SKIP","floor":14.0},{"not_picked":["Corpse Explosion","Phantasmal Killer"],"picked":"After Image","floor":16.0},{"not_picked":["Quick Slash"],"picked":"SKIP","floor":18.0},{"not_picked":["Quick Slash"],"picked":"SKIP","floor":18.0},{"not_picked":["Well Laid Plans"],"picked":"SKIP","floor":23.0},{"not_picked":["Bouncing Flask"],"picked":"SKIP","floor":27.0},{"not_picked":["Deadly Poison"],"picked":"SKIP","floor":30.0},{"not_picked":["PiercingWail"],"picked":"SKIP","floor":35.0},{"not_picked":["Deadly Poison+1"],"picked":"SKIP","floor":38.0},{"not_picked":["Cloak And Dagger"],"picked":"SKIP","floor":40.0},{"not_picked":["Deflect"],"picked":"SKIP","floor":42.0},{"not_picked":["Flying Knee"],"picked":"SKIP","floor":44.0},{"not_picked":["Cloak And Dagger"],"picked":"SKIP","floor":46.0}],"player_experience":2267514,"relics_obtained":[{"floor":9.0,"key":"Pear"},{"floor":11.0,"key":"Ice Cream"},{"floor":13.0,"key":"Girya"},{"floor":23.0,"key":"Ancient Tea Set"},{"floor":26.0,"key":"Orichalcum"},{"floor":27.0,"key":"Frozen Egg 2"},{"floor":39.0,"key":"Pocketwatch"},{"floor":40.0,"key":"Bag of Marbles"},{"floor":42.0,"key":"Whetstone"},{"floor":44.0,"key":"PreservedInsect"}],"event_choices":[{"cards_removed":["Dagger Throw"],"damage_healed":0.0,"max_hp_gain":0.0,"max_hp_loss":0.0,"gold_gain":0.0,"event_name":"Golden Wing","player_choice":"Card Removal","floor":2.0,"gold_loss":0.0,"damage_taken":7.0},{"cards_removed":["Bane"],"damage_healed":0.0,"max_hp_gain":0.0,"max_hp_loss":0.0,"gold_gain":0.0,"event_name":"Purifier","player_choice":"Purged","floor":3.0,"gold_loss":0.0,"damage_taken":0.0},{"damage_healed":0.0,"max_hp_gain":0.0,"max_hp_loss":0.0,"gold_gain":50.0,"event_name":"Nest","player_choice":"Stole From Cult","floor":19.0,"gold_loss":0.0,"damage_taken":0.0},{"damage_healed":0.0,"max_hp_gain":0.0,"max_hp_loss":0.0,"gold_gain":0.0,"event_name":"The Mausoleum","player_choice":"Ignored","floor":20.0,"gold_loss":0.0,"damage_taken":0.0},{"damage_healed":0.0,"max_hp_gain":0.0,"max_hp_loss":0.0,"gold_gain":0.0,"event_name":"Addict","player_choice":"Obtained Relic","floor":21.0,"gold_loss":85.0,"damage_taken":0.0,"relics_obtained":["Kunai"]},{"damage_healed":0.0,"max_hp_gain":5.0,"max_hp_loss":0.0,"gold_gain":0.0,"event_name":"Forgotten Altar","player_choice":"Shed Blood","floor":24.0,"gold_loss":0.0,"damage_taken":27.0},{"cards_removed":["Finisher"],"damage_healed":0.0,"max_hp_gain":0.0,"max_hp_loss":0.0,"gold_gain":0.0,"event_name":"Beggar","player_choice":"Gave Gold","floor":31.0,"gold_loss":75.0,"damage_taken":0.0},{"damage_healed":0.0,"max_hp_gain":0.0,"max_hp_loss":0.0,"gold_gain":0.0,"event_name":"Tomb of Lord Red Mask","player_choice":"Ignored","floor":36.0,"gold_loss":0.0,"damage_taken":0.0},{"cards_removed":["Blade Dance"],"damage_healed":0.0,"max_hp_gain":0.0,"max_hp_loss":0.0,"gold_gain":0.0,"event_name":"Designer","player_choice":"Upgrade and Remove","floor":37.0,"gold_loss":110.0,"damage_taken":0.0,"cards_upgraded":["Backflip"]},{"damage_healed":0.0,"max_hp_gain":0.0,"max_hp_loss":0.0,"gold_gain":0.0,"event_name":"MindBloom","player_choice":"Fight","floor":39.0,"gold_loss":0.0,"damage_taken":0.0},{"damage_healed":0.0,"max_hp_gain":0.0,"max_hp_loss":0.0,"gold_gain":275.0,"event_name":"Golden Shrine","player_choice":"Desecrate","floor":45.0,"gold_loss":0.0,"damage_taken":0.0,"cards_obtained":["Regret"]},{"cards_removed":["Choke"],"damage_healed":0.0,"max_hp_gain":0.0,"max_hp_loss":0.0,"gold_gain":0.0,"event_name":"Falling","player_choice":"Removed Attack","floor":48.0,"gold_loss":0.0,"damage_taken":0.0}],"is_beta":false,"boss_relics":[{"not_picked":["Calling Bell","HoveringKite"],"picked":"Busted Crown"},{"not_picked":["Runic Pyramid","Lizard Tail"],"picked":"Cursed Key"}],"items_purged_floors":[22,29,47],"is_endless":false,"potions_floor_spawned":[7,13,14,16,27,33,40,46],"ascension_level":20}