{"gold_per_floor":[116,136,156,156,176,176,211,231,231,231,262,262,279,290,290,389,389,403,503,503,517,517,551,561,579,650,650,667,667,686,699,699,798,798,810,810,491,491,516,572,586,586,586,586,598,616,616,85,85,85],"floor_reached":51,"playtime":1977,"items_purged":["Strike_R+1","Strike_R+1"],"score":736,"play_id":"d06e67eb-56b6-4345-a262-f3621cba3b56","local_time":"20190508103530","is_ascension_mode":false,"campfire_choices":[{"data":"Armaments","floor":6.0,"key":"SMITH"},{"data":"Uppercut","floor":12.0,"key":"SMITH"},{"data":"Inflame","floor":15.0,"key":"SMITH"},{"data":"Bludgeon","floor":27.0,"key":"SMITH"},{"data":"Shockwave","floor":29.0,"key":"SMITH"},{"data":"Limit Break","floor":32.0,"key":"SMITH"},{"data":"Shockwave","floor":42,"key":"SMITH"},{"data":"Immolate","floor":44,"key":"SMITH"},{"data":"Panacea","floor":47,"key":"SMITH"},{"data":"Spot Weakness","floor":49,"key":"SMITH"}],"neow_cost":"NONE","seed_source_timestamp":365452069494800,"circlet_count":0,"master_deck":["Strike_R+1","Strike_R+1","Strike_R+1","Defend_R+1","Defend_R+1","Defend_R+1","Defend_R+1","Bash","Armaments+1","Wild Strike","Clothesline+1","Uppercut+1","Shrug It Off","True Grit","Limit Break+1","Anger","Inflame+1","Bludgeon+1","Shockwave+1","Armaments+1","Headbutt","Shrug It Off+1","Immolate+1","Shockwave+1","Spot Weakness+1","Headbutt+1","Headbutt","Immolate","Shrug It Off","Discovery","Panacea+1","Trip","Metallicize","Violence","Madness","Madness","Heavy Blade+1","Immolate","Iron Wave","Sword Boomerang+1","Reaper","Inflame+1"],"special_seed":0,"relics":["Black Blood","Thread and Needle","Bronze Scales","Art of War","Coffee Dripper","Dodecahedron","Nloth\u0027s Gift","Meat on the Bone","Gremlin Horn","Boot","Tiny Chest","Shuriken","Oddly Smooth Stone","DollysMirror"],"potions_floor_usage":[40,50,50,50],"damage_taken":[{"damage":5.0,"enemies":"Jaw Worm","floor":1.0,"turns":4.0},{"damage":1.0,"enemies":"Cultist","floor":2.0,"turns":3.0},{"damage":0.0,"enemies":"Small Slimes","floor":3.0,"turns":4.0},{"damage":9.0,"enemies":"Blue Slaver","floor":5.0,"turns":4.0},{"damage":17.0,"enemies":"Gremlin Nob","floor":7.0,"turns":4.0},{"damage":2.0,"enemies":"3 Louse","floor":8.0,"turns":4.0},{"damage":2.0,"enemies":"Lagavulin","floor":11.0,"turns":8.0},{"damage":0.0,"enemies":"Exordium Thugs","floor":13.0,"turns":4.0},{"damage":3.0,"enemies":"Looter","floor":14.0,"turns":3.0},{"damage":26.0,"enemies":"Slime Boss","floor":16.0,"turns":8.0},{"damage":1.0,"enemies":"Spheric Guardian","floor":18.0,"turns":3.0},{"damage":13.0,"enemies":"Colosseum Slavers","floor":19.0,"turns":3.0},{"damage":13.0,"enemies":"Colosseum Nobs","floor":19.0,"turns":4.0},{"damage":0.0,"enemies":"Chosen","floor":21.0,"turns":4.0},{"damage":26.0,"enemies":"Slavers","floor":23.0,"turns":5.0},{"damage":0.0,"enemies":"Snecko","floor":24.0,"turns":3.0},{"damage":0.0,"enemies":"Cultist and Chosen","floor":25.0,"turns":5.0},{"damage":0.0,"enemies":"Chosen and Byrds","floor":28.0,"turns":4.0},{"damage":0.0,"enemies":"Centurion and Healer","floor":30.0,"turns":5.0},{"damage":0.0,"enemies":"Snake Plant","floor":31.0,"turns":3.0},{"damage":10.0,"enemies":"Champ","floor":33.0,"turns":7.0},{"damage":0.0,"enemies":"3 Shapes","floor":35.0,"turns":2.0},{"damage":21,"enemies":"Giant Head","floor":40,"turns":8},{"damage":0,"enemies":"3 Darklings","floor":41,"turns":4},{"damage":20,"enemies":"Maw","floor":45,"turns":8},{"damage":18,"enemies":"4 Shapes","floor":46,"turns":4},{"damage":83,"enemies":"Donu and Deca","floor":50,"turns":8}],"seed_played":"7198954173465691164","potions_obtained":[{"floor":0.0,"key":"AttackPotion"},{"floor":0.0,"key":"SpeedPotion"},{"floor":0.0,"key":"SmokeBomb"},{"floor":1.0,"key":"GamblersBrew"},{"floor":7.0,"key":"Energy Potion"},{"floor":11.0,"key":"FearPotion"},{"floor":14.0,"key":"SteroidPotion"},{"floor":19.0,"key":"Ancient Potion"},{"floor":24.0,"key":"Swift Potion"},{"floor":35.0,"key":"PowerPotion"},{"floor":40,"key":"BloodPotion"},{"floor":45,"key":"Energy Potion"}],"is_trial":false,"path_per_floor":["M","M","M","?","M","R","E","M","T","T","E","R","M","M","R","B",null,"M","?","?","M","?","E","M","M","T","R","M","R","M","M","R","B",null,"M","?","$","?","T","E","M","R","T","R","M","M","R","$","R","B",null],"character_chosen":"IRONCLAD","items_purchased":["Metallicize","Violence","Reaper","Oddly Smooth Stone","DollysMirror"],"campfire_rested":0,"item_purchase_floors":[37,37,48,48,48],"current_hp_per_floor":[80,80,80,80,77,77,66,70,70,70,74,74,80,80,80,60,80,80,80,80,86,86,66,72,78,78,78,84,84,90,94,94,90,94,94,84,84,72,72,61,71,71,71,71,61,65,65,65,65,57],"gold":85,"neow_bonus":"THREE_SMALL_POTIONS","is_prod":false,"is_daily":false,"chose_seed":false,"campfire_upgraded":10,"win_rate":1,"timestamp":1557336930,"path_taken":["M","M","M","?","M","R","E","M","T","?","E","R","M","?","R","BOSS","M","?","?","M","?","E","M","M","T","R","M","R","M","M","R","BOSS","M","?","$","?","?","E","M","R","T","R","M","M","R","$","R","BOSS"],"build_version":"2019-01-23","purchased_purges":2,"victory":true,"max_hp_per_floor":[80,80,80,80,80,80,80,80,80,80,80,80,80,80,80,80,80,80,94,94,94,94,94,94,94,94,94,94,94,94,94,94,94,94,94,94,94,94,94,94,94,94,94,94,94,94,94,94,94,94],"card_choices":[{"not_picked":["Cleave","Heavy Blade"],"picked":"Armaments","floor":1.0},{"not_picked":["Warcry","Body Slam"],"picked":"Wild Strike","floor":2.0},{"not_picked":["Wild Strike","Ghostly Armor"],"picked":"Clothesline","floor":3.0},{"not_picked":["Iron Wave","Havoc"],"picked":"Uppercut","floor":5.0},{"not_picked":["Pummel","Wild Strike"],"picked":"Shrug It Off","floor":7.0},{"not_picked":["Clothesline","Armaments"],"picked":"True Grit","floor":8.0},{"not_picked":["Flame Barrier","Flex"],"picked":"Limit Break","floor":11.0},{"not_picked":["Body Slam","Pommel Strike"],"picked":"Anger","floor":13.0},{"not_picked":["Dual Wield","Iron Wave"],"picked":"Inflame","floor":14.0},{"not_picked":["Offering","Fiend Fire"],"picked":"Bludgeon","floor":16.0},{"not_picked":["Searing Blow+1","Clash+1"],"picked":"Shockwave","floor":18.0},{"not_picked":["Blood for Blood","Clothesline"],"picked":"Armaments+1","floor":19.0},{"not_picked":["Twin Strike","Sever Soul+1"],"picked":"Headbutt","floor":21.0},{"not_picked":["Iron Wave+1","Clothesline"],"picked":"Shrug It Off+1","floor":23.0},{"not_picked":["Heavy Blade+1","Dual Wield"],"picked":"Immolate","floor":24.0},{"not_picked":["Twin Strike+1","Heavy Blade+1"],"picked":"Shockwave","floor":25.0},{"not_picked":["Cleave+1","Thunderclap"],"picked":"Spot Weakness","floor":28.0},{"not_picked":["Sword Boomerang","Intimidate"],"picked":"Headbutt+1","floor":30.0},{"not_picked":["Whirlwind","Armaments"],"picked":"Headbutt","floor":31.0},{"not_picked":["Impervious","Berserk"],"picked":"Immolate","floor":33.0},{"not_picked":["Entrench","Heavy Blade"],"picked":"Shrug It Off","floor":35.0},{"not_picked":["Transmutation","Madness"],"picked":"Discovery","floor":36.0},{"not_picked":["Impatience","Blind"],"picked":"Panacea","floor":36.0},{"not_picked":["Metamorphosis","Impatience"],"picked":"Trip","floor":36.0},{"not_picked":["Clothesline+1","Perfected Strike+1"],"picked":"Heavy Blade+1","floor":40},{"not_picked":["Sever Soul+1","Thunderclap"],"picked":"Immolate","floor":41},{"not_picked":["Havoc","Wild Strike"],"picked":"Iron Wave","floor":45},{"not_picked":["Flex","Armaments"],"picked":"Sword Boomerang+1","floor":46}],"player_experience":761127,"relics_obtained":[{"floor":7.0,"key":"Thread and Needle"},{"floor":9.0,"key":"Bronze Scales"},{"floor":11.0,"key":"Art of War"},{"floor":19.0,"key":"Mango"},{"floor":19.0,"key":"Dodecahedron"},{"floor":23.0,"key":"Meat on the Bone"},{"floor":26.0,"key":"Gremlin Horn"},{"floor":39.0,"key":"Boot"},{"floor":40,"key":"Tiny Chest"},{"floor":43,"key":"Shuriken"}],"event_choices":[{"damage_healed":0.0,"max_hp_gain":0.0,"max_hp_loss":0.0,"gold_gain":0.0,"event_name":"Living Wall","player_choice":"Grow","floor":4.0,"gold_loss":0.0,"damage_taken":0.0,"cards_upgraded":["Clothesline"]},{"damage_healed":0.0,"max_hp_gain":0.0,"max_hp_loss":0.0,"gold_gain":0.0,"event_name":"Colosseum","player_choice":"Fight","floor":19.0,"gold_loss":0.0,"damage_taken":0.0},{"damage_healed":0.0,"max_hp_gain":0.0,"max_hp_loss":0.0,"gold_gain":0.0,"event_name":"Colosseum","player_choice":"Fought Nobs","floor":19.0,"gold_loss":0.0,"damage_taken":0.0},{"damage_healed":0.0,"max_hp_gain":0.0,"max_hp_loss":0.0,"gold_gain":0.0,"event_name":"Back to Basics","player_choice":"Simplicity","floor":20.0,"gold_loss":0.0,"damage_taken":0.0,"cards_upgraded":["Strike_R","Strike_R","Strike_R","Strike_R","Strike_R","Defend_R","Defend_R","Defend_R","Defend_R"]},{"damage_healed":0.0,"max_hp_gain":0.0,"max_hp_loss":0.0,"gold_gain":0.0,"event_name":"N\u0027loth","player_choice":"Traded Relic","floor":22.0,"relics_lost":["Mango"],"gold_loss":0.0,"damage_taken":0.0,"relics_obtained":["Nloth\u0027s Gift"]},{"damage_healed":0.0,"max_hp_gain":0.0,"max_hp_loss":0.0,"gold_gain":0.0,"event_name":"SensoryStone","player_choice":"Memory 3","floor":36.0,"gold_loss":0.0,"damage_taken":10.0},{"damage_healed":0.0,"max_hp_gain":0.0,"max_hp_loss":0.0,"gold_gain":0.0,"event_name":"Winding Halls","player_choice":"Embrace Madness","floor":38.0,"gold_loss":0.0,"damage_taken":12.0,"cards_obtained":["Madness","Madness"]}],"is_beta":false,"boss_relics":[{"not_picked":["Orrery","Runic Cube"],"picked":"Coffee Dripper"},{"not_picked":["Tiny House","Empty Cage"],"picked":"Black Blood"}],"items_purged_floors":[37,48],"is_endless":false,"potions_floor_spawned":[1,7,11,13,14,18,19,24,25,31,33,35,40,45],"ascension_level":0}