{"gold_per_floor":[113,133,143,215,215,250,250,281,340,367,409,439,484,524,536,619,631,661,227,277,293,304,304,335,33,57,89,89,123,153,188,188,264,264,278,290,73,84,94,120,131,160,160,189,189,200,200,229,229,229,229,229,229,100,129,129],"floor_reached":57,"playtime":3305,"items_purged":[],"score":3441,"play_id":"256f5a1b-b4df-49ee-97cc-c125bc8a29b9","local_time":"20190127172042","daily_mods":["SealedDeck","DeadlyEvents","Elite Swarm"],"is_ascension_mode":true,"campfire_choices":[{"data":"Armaments","floor":7.0,"key":"SMITH"},{"data":"Corruption","floor":15.0,"key":"SMITH"},{"data":"Body Slam","floor":23.0,"key":"SMITH"},{"data":"Uppercut","floor":28.0,"key":"SMITH"},{"data":"Demon Form","floor":32,"key":"SMITH"},{"data":"Limit Break","floor":45,"key":"SMITH"},{"data":"Barricade","floor":47,"key":"SMITH"},{"floor":49,"key":"RECALL"},{"data":"Evolve","floor":53,"key":"SMITH"}],"neow_cost":"","seed_source_timestamp":0,"circlet_count":0,"master_deck":["AscendersBane","Ghostly Armor","Twin Strike","Headbutt","Pommel Strike","Body Slam+1","Power Through","Second Wind+1","Anger","Armaments+1","Uppercut+1","Demon Form+1","Fiend Fire+1","Corruption+1","Feed+1","Dark Embrace","Offering","Pummel+1","Whirlwind+1","Reaper+1","Impervious","Impervious+1","Limit Break+1","Evolve+1","Impervious","Whirlwind+1","Exhume","Barricade+1","Battle Trance","Feel No Pain","Entrench","Impervious"],"special_seed":0,"relics":["Burning Blood","Molten Egg 2","MawBank","Orichalcum","Vajra","Red Skull","Coffee Dripper","Gremlin Horn","Shovel","Chemical X","Mummified Hand","Sundial","Smiling Mask","Paper Frog","Black Star","DollysMirror","Blue Candle","Calipers","Self Forming Clay","War Paint","Bag of Preparation","Prayer Wheel","Bottled Lightning","Darkstone Periapt","Blood Vial","Dead Branch","Unceasing Top"],"potions_floor_usage":[30,56],"damage_taken":[{"damage":0.0,"enemies":"Small Slimes","floor":1.0,"turns":3.0},{"damage":0.0,"enemies":"2 Louse","floor":2.0,"turns":2.0},{"damage":0.0,"enemies":"Cultist","floor":3.0,"turns":2.0},{"damage":10.0,"enemies":"3 Sentries","floor":6.0,"turns":7.0},{"damage":15.0,"enemies":"Lagavulin","floor":8.0,"turns":6.0},{"damage":0.0,"enemies":"2 Fungi Beasts","floor":10.0,"turns":3.0},{"damage":2.0,"enemies":"Gremlin Nob","floor":11.0,"turns":3.0},{"damage":5.0,"enemies":"Exordium Thugs","floor":12.0,"turns":3.0},{"damage":18.0,"enemies":"3 Sentries","floor":13.0,"turns":6.0},{"damage":11.0,"enemies":"Lagavulin","floor":14.0,"turns":6.0},{"damage":40.0,"enemies":"The Guardian","floor":16.0,"turns":9.0},{"damage":12.0,"enemies":"3 Byrds","floor":18.0,"turns":5.0},{"damage":6.0,"enemies":"Chosen","floor":21.0,"turns":3.0},{"damage":20.0,"enemies":"Snake Plant","floor":22.0,"turns":2.0},{"damage":23.0,"enemies":"Slavers","floor":24.0,"turns":4.0},{"damage":23.0,"enemies":"Book of Stabbing","floor":27.0,"turns":4.0},{"damage":0.0,"enemies":"Gremlin Leader","floor":29.0,"turns":4.0},{"damage":15,"enemies":"Slavers","floor":30,"turns":3},{"damage":6,"enemies":"Gremlin Leader","floor":31,"turns":5},{"damage":24,"enemies":"Champ","floor":33,"turns":8},{"damage":6,"enemies":"3 Shapes","floor":35,"turns":6},{"damage":12,"enemies":"3 Darklings","floor":36,"turns":2},{"damage":11,"enemies":"Sphere and 2 Shapes","floor":38,"turns":4},{"damage":6,"enemies":"Transient","floor":39,"turns":6},{"damage":6,"enemies":"Reptomancer","floor":40,"turns":3},{"damage":6,"enemies":"3 Darklings","floor":41,"turns":3},{"damage":14,"enemies":"Giant Head","floor":42,"turns":7},{"damage":6,"enemies":"Nemesis","floor":44,"turns":7},{"damage":6,"enemies":"Jaw Worm Horde","floor":46,"turns":2},{"damage":6,"enemies":"Reptomancer","floor":48,"turns":4},{"damage":24,"enemies":"Donu and Deca","floor":50,"turns":6},{"damage":56,"enemies":"Awakened One","floor":51,"turns":10},{"damage":17,"enemies":"Shield and Spear","floor":55,"turns":6},{"damage":21,"enemies":"The Heart","floor":56,"turns":8}],"seed_played":"1463159079681514255","potions_obtained":[{"floor":2.0,"key":"Strength Potion"},{"floor":8.0,"key":"Strength Potion"},{"floor":12.0,"key":"PowerPotion"},{"floor":24.0,"key":"Fruit Juice"},{"floor":30,"key":"SteroidPotion"},{"floor":35,"key":"Regen Potion"}],"is_trial":true,"path_per_floor":["M","M","M","?","?","E","R","E","T","M","E","M","E","E","R","B",null,"M","$","?","M","M","R","E","$","T","E","R","E","E","E","R","B",null,"M","M","$","M","M","E","M","E","T","E","R","M","R","E","R","B","B",null,"R","$","E","B",null],"character_chosen":"IRONCLAD","items_purchased":["Pummel+1","Regen Potion","Gremlin Horn","Chemical X","Regen Potion","DollysMirror","Feel No Pain","Entrench"],"campfire_rested":0,"item_purchase_floors":[19,19,19,25,25,37,54,54],"current_hp_per_floor":[74,75,75,75,75,71,71,62,62,68,72,73,61,60,60,30,70,68,68,68,68,54,54,53,58,58,62,62,72,67,95,95,107,111,115,116,116,115,115,124,128,132,132,132,132,136,136,140,140,126,96,132,132,132,148,145],"gold":129,"neow_bonus":"","is_prod":false,"is_daily":false,"chose_seed":true,"campfire_upgraded":8,"win_rate":0,"timestamp":1548638442,"path_taken":["M","M","M","?","?","E","R","E","T","M","E","M","E","?","R","BOSS","M","$","?","M","?","R","E","$","T","E","R","E","?","E","R","BOSS","M","M","$","M","M","E","M","E","T","E","R","?","R","E","R","BOSS","BOSS","R","$","E","BOSS"],"build_version":"2019-01-23","purchased_purges":0,"victory":true,"max_hp_per_floor":[75,75,75,75,75,75,75,75,75,75,75,75,75,79,79,83,83,87,87,87,87,87,87,91,96,96,96,96,100,104,108,108,112,112,116,116,116,120,120,124,128,132,132,132,132,136,136,140,140,144,144,144,144,144,148,148],"card_choices":[{"not_picked":["Iron Wave","Flex","Havoc"],"picked":"SKIP","floor":1.0},{"not_picked":["Bloodletting","Reckless Charge","Twin Strike"],"picked":"SKIP","floor":2.0},{"not_picked":["Iron Wave","Cleave","Uppercut"],"picked":"SKIP","floor":3.0},{"not_picked":["Bludgeon","Berserk","Reaper"],"picked":"SKIP","floor":6.0},{"not_picked":["Exhume","Juggernaut"],"picked":"Demon Form","floor":8.0},{"not_picked":["Flex","Anger+1","Headbutt+1"],"picked":"SKIP","floor":10.0},{"not_picked":["Brutality","Exhume"],"picked":"Fiend Fire+1","floor":11.0},{"not_picked":["Blood for Blood+1","Second Wind"],"picked":"Corruption","floor":12.0},{"not_picked":["Impervious","Bludgeon+1"],"picked":"Feed+1","floor":13.0},{"not_picked":["Bludgeon+1","Brutality"],"picked":"Dark Embrace","floor":14.0},{"not_picked":["Exhume","Dark Embrace"],"picked":"Offering","floor":16.0},{"not_picked":["Iron Wave+1","Wild Strike+1","Second Wind"],"picked":"SKIP","floor":18.0},{"not_picked":["Metallicize","Clash+1","Fire Breathing"],"picked":"SKIP","floor":21.0},{"not_picked":["True Grit+1","Flex"],"picked":"Whirlwind+1","floor":22.0},{"not_picked":["Fiend Fire+1","Dark Embrace"],"picked":"Reaper+1","floor":24.0},{"not_picked":["Barricade","Berserk","Dark Embrace"],"picked":"SKIP","floor":27.0},{"not_picked":["Double Tap","Brutality","Immolate+1"],"picked":"SKIP","floor":29.0},{"not_picked":["Limit Break","Fiend Fire+1"],"picked":"Impervious","floor":30},{"not_picked":["Berserk","Brutality"],"picked":"Impervious","floor":31},{"not_picked":["Impervious","Offering"],"picked":"Limit Break","floor":33},{"not_picked":["Shrug It Off","Fire Breathing"],"picked":"Evolve","floor":35},{"not_picked":["Metallicize+1","Dual Wield","Iron Wave+1"],"picked":"SKIP","floor":36},{"not_picked":["Pummel+1","Wild Strike+1","Dropkick+1"],"picked":"SKIP","floor":38},{"not_picked":["Entrench","Spot Weakness"],"picked":"Whirlwind+1","floor":39},{"not_picked":["Impervious","Juggernaut"],"picked":"Exhume","floor":40},{"not_picked":["Seeing Red","Twin Strike+1","Dual Wield"],"picked":"SKIP","floor":41},{"not_picked":["Exhume","Limit Break"],"picked":"Barricade","floor":42},{"not_picked":["Limit Break","Barricade","Fiend Fire+1"],"picked":"SKIP","floor":44},{"not_picked":["Shrug It Off+1","Armaments"],"picked":"Battle Trance","floor":46},{"not_picked":["Shrug It Off","Bloodletting","Warcry+1"],"picked":"SKIP","floor":46},{"not_picked":["Fiend Fire+1","Limit Break","Dark Embrace"],"picked":"SKIP","floor":48},{"not_picked":["Reaper+1","Fiend Fire+1"],"picked":"Impervious","floor":55}],"player_experience":2077621,"relics_obtained":[{"floor":6.0,"key":"Molten Egg 2"},{"floor":8.0,"key":"MawBank"},{"floor":9.0,"key":"Orichalcum"},{"floor":13.0,"key":"Vajra"},{"floor":14.0,"key":"Red Skull"},{"floor":24.0,"key":"Shovel"},{"floor":27.0,"key":"Mummified Hand"},{"floor":29.0,"key":"Sundial"},{"floor":30,"key":"Smiling Mask"},{"floor":31,"key":"Paper Frog"},{"floor":40,"key":"Blue Candle"},{"floor":40,"key":"Calipers"},{"floor":42,"key":"Self Forming Clay"},{"floor":42,"key":"War Paint"},{"floor":43,"key":"Bag of Preparation"},{"floor":44,"key":"Prayer Wheel"},{"floor":44,"key":"Bottled Lightning"},{"floor":48,"key":"Darkstone Periapt"},{"floor":48,"key":"Blood Vial"},{"floor":55,"key":"Dead Branch"},{"floor":55,"key":"Unceasing Top"}],"event_choices":[{"damage_healed":0.0,"max_hp_gain":0.0,"max_hp_loss":0.0,"gold_gain":72.0,"event_name":"Golden Wing","player_choice":"Gained Gold","floor":4.0,"gold_loss":0.0,"damage_taken":0.0},{"damage_healed":0.0,"max_hp_gain":0.0,"max_hp_loss":0.0,"gold_gain":0.0,"event_name":"Transmorgrifier","player_choice":"Ignored","floor":5.0,"gold_loss":0.0,"damage_taken":0.0},{"damage_healed":0.0,"max_hp_gain":0.0,"max_hp_loss":0.0,"gold_gain":100.0,"event_name":"The Joust","player_choice":"Bet on Murderer","floor":20.0,"gold_loss":50.0,"damage_taken":0.0}],"is_beta":false,"boss_relics":[{"not_picked":["Fusion Hammer","Calling Bell"],"picked":"Coffee Dripper"},{"not_picked":["Sozu","Philosopher\u0027s Stone"],"picked":"Black Star"}],"items_purged_floors":[],"is_endless":false,"potions_floor_spawned":[2,8,10,12,14,18,24,30,35,39,40,41,48],"ascension_level":20}