{"gold_per_floor":[209,209,23,35,45,45,64,64,114,124,141,176,176,176],"floor_reached":14,"playtime":553,"items_purged":[],"score":138,"play_id":"eb5d97dc-f766-4d11-a7f1-e714de5eded8","local_time":"20180820230400","is_ascension_mode":true,"campfire_choices":[{"data":"Deadly Poison","floor":6,"key":"SMITH"},{"data":"Deadly Poison","floor":8,"key":"SMITH"}],"neow_cost":"NONE","seed_source_timestamp":104614782042665,"circlet_count":0,"master_deck":["Defend_G","Defend_G","Defend_G","Defend_G","Defend_G","Strike_G","Strike_G","Strike_G","Strike_G","Survivor","Neutralize","AscendersBane","Deadly Poison+1","Caltrops","Deadly Poison+1","Dagger Spray","Caltrops","Burst","PiercingWail","Die Die Die","Neutralize"],"relics":["Ring of the Snake","Blood Vial","Oddly Smooth Stone","Juzu Bracelet"],"potions_floor_usage":[12,14],"damage_taken":[{"damage":0,"enemies":"Small Slimes","floor":1,"turns":3},{"damage":5,"enemies":"Jaw Worm","floor":4,"turns":4},{"damage":1,"enemies":"Cultist","floor":5,"turns":4},{"damage":23,"enemies":"Lots of Slimes","floor":7,"turns":5},{"damage":4,"enemies":"3 Louse","floor":10,"turns":3},{"damage":8,"enemies":"Red Slaver","floor":11,"turns":4},{"damage":9,"enemies":"Lagavulin","floor":12,"turns":6},{"damage":27,"enemies":"3 Sentries","floor":14,"turns":4}],"seed_played":"7773255705994763871","potions_obtained":[{"floor":5,"key":"SpeedPotion"},{"floor":11,"key":"Weak Potion"}],"is_trial":false,"path_per_floor":["M","?","$","M","M","R","M","R","T","M","M","E","?"],"character_chosen":"THE_SILENT","items_purchased":["Caltrops","Blood Vial"],"campfire_rested":0,"item_purchase_floors":[3,3],"current_hp_per_floor":[63,63,63,60,61,61,40,40,40,38,32,25,25,0],"gold":176,"neow_bonus":"HUNDRED_GOLD","is_prod":false,"is_daily":false,"chose_seed":false,"campfire_upgraded":2,"win_rate":0,"timestamp":1534799040,"path_taken":["M","?","$","?","M","R","M","R","T","M","M","E","?","E"],"build_version":"2018-08-16","purchased_purges":0,"victory":false,"max_hp_per_floor":[70,70,70,70,70,70,70,70,70,70,70,70,70,70],"card_choices":[{"not_picked":["Prepared","Dagger Spray"],"picked":"Deadly Poison","floor":1},{"not_picked":["Slice","Poisoned Stab"],"picked":"Deadly Poison","floor":4},{"not_picked":["Expertise","Underhanded Strike","Quick Slash"],"picked":"SKIP","floor":5},{"not_picked":["Outmaneuver","Sucker Punch"],"picked":"Dagger Spray","floor":7},{"not_picked":["Accuracy","Quick Slash"],"picked":"Caltrops","floor":10},{"not_picked":["Underhanded Strike","Masterful Stab"],"picked":"Burst","floor":11},{"not_picked":["Choke","Flying Knee"],"picked":"PiercingWail","floor":12}],"player_experience":247842,"relics_obtained":[{"floor":9,"key":"Oddly Smooth Stone"},{"floor":12,"key":"Juzu Bracelet"}],"event_choices":[{"event_name":"Living Wall","player_choice":"Forget","floor":2,"damage_taken":0},{"event_name":"Match and Keep!","player_choice":"2 cards matched","floor":13,"damage_taken":0}],"is_beta":false,"boss_relics":[],"items_purged_floors":[],"is_endless":false,"potions_floor_spawned":[5,11],"killed_by":"3 Sentries","ascension_level":10}