{"gold_per_floor":[368,388,50,200,125,125,140,172,172,206,206,237,237,271,271,348,348,361,361,156,169,194,194,227,227,227,259,277,277,309,327,327,403,453,467,108,121,138,138,138,169,169,169,194,194,212,247,260,260,260],"floor_reached":51,"playtime":2754,"items_purged":["Doubt","Strike_G","Pain"],"score":1508,"play_id":"4817f9af-60d3-4381-9801-70e469e41ed1","local_time":"20190205105632","is_ascension_mode":true,"campfire_choices":[{"data":"Noxious Fumes","floor":6,"key":"SMITH"},{"floor":13,"key":"REST"},{"data":"Bouncing Flask","floor":15,"key":"SMITH"},{"data":"Footwork","floor":23,"key":"SMITH"},{"floor":25,"key":"REST"},{"data":"Neutralize","floor":29,"key":"SMITH"},{"floor":32,"key":"REST"},{"floor":40,"key":"REST"},{"data":"Footwork","floor":42,"key":"SMITH"},{"data":"Calculated Gamble","floor":45,"key":"SMITH"},{"data":"Bouncing Flask","floor":49,"key":"SMITH"}],"neow_cost":"PERCENT_DAMAGE","seed_source_timestamp":10965530993113,"circlet_count":0,"master_deck":["AscendersBane","Defend_G","Defend_G","Defend_G","Defend_G+1","Defend_G","Strike_G","Strike_G","Strike_G","Strike_G","Survivor","Neutralize+1","Noxious Fumes+1","Crippling Poison+1","Well Laid Plans","Backstab+1","Predator","Bouncing Flask+1","Leg Sweep","Deadly Poison","Adrenaline","Adrenaline","PiercingWail","Footwork+1","Acrobatics","Acrobatics","Footwork+1","Malaise","Dodge and Roll+1","Finesse","Calculated Gamble+1","Backflip","Cloak And Dagger+1","Bouncing Flask+1","Distraction+1","PiercingWail"],"relics":["Ring of the Snake","Juzu Bracelet","The Courier","War Paint","Mercury Hourglass","The Specimen","Cursed Key","Red Mask","Bag of Marbles","Mummified Hand","Ice Cream","Blood Vial","Tiny House","Snake Skull","CultistMask","Ancient Tea Set","Singing Bowl","Ornamental Fan"],"potions_floor_usage":[10,33,35,41,50,50],"damage_taken":[{"damage":0,"enemies":"Cultist","floor":1,"turns":5},{"damage":4,"enemies":"Jaw Worm","floor":2,"turns":6},{"damage":0,"enemies":"2 Louse","floor":7,"turns":3},{"damage":17,"enemies":"Lagavulin","floor":8,"turns":7},{"damage":22,"enemies":"Gremlin Nob","floor":10,"turns":4},{"damage":5,"enemies":"Lagavulin","floor":12,"turns":6},{"damage":4,"enemies":"3 Sentries","floor":14,"turns":8},{"damage":6,"enemies":"Hexaghost","floor":16,"turns":8},{"damage":0,"enemies":"3 Byrds","floor":18,"turns":4},{"damage":0,"enemies":"Shell Parasite","floor":21,"turns":4},{"damage":6,"enemies":"Masked Bandits","floor":22,"turns":4},{"damage":11,"enemies":"Slavers","floor":24,"turns":5},{"damage":11,"enemies":"Book of Stabbing","floor":27,"turns":6},{"damage":1,"enemies":"Centurion and Healer","floor":28,"turns":4},{"damage":12,"enemies":"Slavers","floor":30,"turns":4},{"damage":14,"enemies":"Snecko","floor":31,"turns":4},{"damage":60,"enemies":"Champ","floor":33,"turns":12},{"damage":17,"enemies":"3 Darklings","floor":35,"turns":4},{"damage":4,"enemies":"3 Shapes","floor":37,"turns":3},{"damage":9,"enemies":"Jaw Worm Horde","floor":38,"turns":4},{"damage":4,"enemies":"Reptomancer","floor":41,"turns":6},{"damage":0,"enemies":"Nemesis","floor":44,"turns":7},{"damage":0,"enemies":"3 Darklings","floor":46,"turns":3},{"damage":0,"enemies":"Giant Head","floor":47,"turns":9},{"damage":0,"enemies":"Transient","floor":48,"turns":5},{"damage":6,"enemies":"Awakened One","floor":50,"turns":12}],"seed_played":"-7003916566693334095","potions_obtained":[{"floor":10,"key":"FairyPotion"},{"floor":12,"key":"FearPotion"},{"floor":14,"key":"GhostInAJar"},{"floor":34,"key":"AttackPotion"},{"floor":37,"key":"AttackPotion"},{"floor":44,"key":"Poison Potion"},{"floor":48,"key":"Swift Potion"}],"is_trial":false,"path_per_floor":["M","M","$","?","$","R","M","E","T","E","?","E","R","E","R","B",null,"M","?","$","M","?","R","E","R","T","E","M","R","E","M","R","B",null,"M","$","M","M","?","R","E","R","T","E","R","M","E","M","R","B",null],"character_chosen":"THE_SILENT","items_purchased":["Crippling Poison","Well Laid Plans","Backstab","Predator","Regen Potion","Adrenaline","Snake Skull","Finesse","Calculated Gamble"],"campfire_rested":4,"item_purchase_floors":[3,3,3,3,3,20,36,36,36],"current_hp_per_floor":[44,40,40,40,40,40,40,23,23,13,13,8,27,23,23,17,54,54,54,54,54,48,48,37,56,56,45,44,44,32,20,39,6,56,41,41,39,32,32,53,51,51,51,55,55,57,59,61,61,57],"gold":260,"neow_bonus":"TWO_FIFTY_GOLD","is_prod":false,"is_daily":false,"chose_seed":false,"campfire_upgraded":7,"win_rate":0,"timestamp":1549392992,"path_taken":["M","M","$","?","$","R","M","E","T","E","?","E","R","E","R","BOSS","M","?","$","M","?","R","E","R","T","E","M","R","E","M","R","BOSS","M","$","M","M","?","R","E","R","T","E","R","M","E","M","R","BOSS"],"build_version":"2019-01-23","purchased_purges":3,"victory":true,"max_hp_per_floor":[66,66,66,66,66,66,66,66,66,66,66,66,66,66,66,66,66,66,66,66,66,66,66,66,66,66,66,66,66,66,66,66,66,71,71,71,71,71,71,71,71,71,71,73,73,73,73,73,73,73],"card_choices":[{"not_picked":["Dagger Throw","Sucker Punch"],"picked":"Noxious Fumes","floor":1},{"not_picked":["Finisher","Slice","PiercingWail"],"picked":"SKIP","floor":2},{"not_picked":["Acrobatics","Footwork"],"picked":"Bouncing Flask","floor":7},{"not_picked":["Venomology","Flying Knee","Deflect"],"picked":"SKIP","floor":8},{"not_picked":["Masterful Stab","Catalyst"],"picked":"Leg Sweep","floor":10},{"not_picked":["Dagger Throw","Doppelganger"],"picked":"Deadly Poison","floor":12},{"not_picked":["Flechettes","Eviscerate","Caltrops"],"picked":"SKIP","floor":14},{"not_picked":["Phantasmal Killer","Wraith Form v2"],"picked":"Adrenaline","floor":16},{"not_picked":["Caltrops","Bane","Backstab"],"picked":"SKIP","floor":18},{"not_picked":["Prepared","Finisher"],"picked":"PiercingWail","floor":21},{"not_picked":["Dagger Throw","PiercingWail"],"picked":"Footwork","floor":22},{"not_picked":["Sucker Punch+1","Noxious Fumes"],"picked":"Acrobatics","floor":24},{"not_picked":["Distraction","Eviscerate"],"picked":"Acrobatics","floor":27},{"not_picked":["Blade Dance","Night Terror","Poisoned Stab"],"picked":"SKIP","floor":28},{"not_picked":["Terror","Outmaneuver"],"picked":"Footwork","floor":30},{"not_picked":["Flying Knee","Blade Dance","Eviscerate+1"],"picked":"SKIP","floor":31},{"not_picked":["Grand Finale","Wraith Form v2"],"picked":"Malaise","floor":33},{"not_picked":["Deflect","Acrobatics"],"picked":"Dodge and Roll+1","floor":35},{"not_picked":["Flying Knee","PiercingWail"],"picked":"Backflip","floor":37},{"not_picked":["Acrobatics+1","Calculated Gamble","Prepared"],"picked":"SKIP","floor":38},{"not_picked":["Riddle With Holes","Calculated Gamble"],"picked":"Cloak And Dagger+1","floor":41},{"not_picked":["Prepared","Footwork","Poisoned Stab"],"picked":"Singing Bowl","floor":44},{"not_picked":["Dagger Throw","Blade Dance+1"],"picked":"Bouncing Flask","floor":46},{"not_picked":["Glass Knife","Dagger Throw"],"picked":"Distraction+1","floor":47},{"not_picked":["All Out Attack","Acrobatics+1"],"picked":"PiercingWail","floor":48}],"player_experience":2156293,"relics_obtained":[{"floor":8,"key":"Juzu Bracelet"},{"floor":9,"key":"The Courier"},{"floor":10,"key":"War Paint"},{"floor":12,"key":"Mercury Hourglass"},{"floor":14,"key":"The Specimen"},{"floor":22,"key":"Red Mask"},{"floor":24,"key":"Bag of Marbles"},{"floor":26,"key":"Mummified Hand"},{"floor":27,"key":"Ice Cream"},{"floor":30,"key":"Blood Vial"},{"floor":41,"key":"Ancient Tea Set"},{"floor":44,"key":"Singing Bowl"},{"floor":47,"key":"Ornamental Fan"}],"event_choices":[{"damage_healed":0,"gold_gain":150,"player_choice":"AGREE","damage_taken":0,"max_hp_gain":0,"max_hp_loss":0,"event_name":"Liars Game","floor":4,"gold_loss":0,"cards_obtained":["Doubt"]},{"damage_healed":0,"gold_gain":0,"player_choice":"Ignored","damage_taken":0,"max_hp_gain":0,"max_hp_loss":0,"event_name":"Golden Idol","floor":11,"gold_loss":0},{"damage_healed":0,"gold_gain":0,"player_choice":"Ignored","damage_taken":0,"max_hp_gain":0,"max_hp_loss":0,"event_name":"Ghosts","floor":19,"gold_loss":0},{"damage_healed":0,"gold_gain":0,"player_choice":"Fought Bandits","damage_taken":0,"max_hp_gain":0,"max_hp_loss":0,"event_name":"Masked Bandits","floor":22,"gold_loss":0},{"damage_healed":0,"gold_gain":0,"player_choice":"Trade","damage_taken":0,"relics_obtained":["CultistMask"],"max_hp_gain":0,"max_hp_loss":0,"event_name":"FaceTrader","floor":39,"gold_loss":0}],"is_beta":false,"boss_relics":[{"not_picked":["Astrolabe","Eternal Feather"],"picked":"Cursed Key"},{"not_picked":["Coffee Dripper","WristBlade"],"picked":"Tiny House"}],"items_purged_floors":[5,20,36],"is_endless":false,"potions_floor_spawned":[10,12,14,16,22,24,30,31,37,44,48],"ascension_level":15}