{"gold_per_floor":[114,126,137,154,164,164,184,184,232,220,185,260,260,34,34,106,106,119,137,151,8,22,22,54,71,71,71,45,45,45,45,45,123,123,134,1133,711,711,730,742,756,756,756,787,787,787,787],"floor_reached":47,"playtime":1457,"items_purged":["Normality"],"score":929,"play_id":"81823bb6-4f8e-4448-937a-71167839a774","local_time":"20190203171857","is_ascension_mode":true,"campfire_choices":[{"data":"Turbo","floor":6,"key":"SMITH"},{"data":"Glacier","floor":8,"key":"SMITH"},{"data":"Tempest","floor":13,"key":"SMITH"},{"data":"Sunder","floor":15,"key":"SMITH"},{"floor":23,"key":"REST"},{"data":"Static Discharge","floor":27,"key":"SMITH"},{"floor":32,"key":"REST"},{"data":"Fission","floor":42,"key":"SMITH"},{"data":"Electrodynamics","floor":46,"key":"SMITH"}],"neow_cost":"NONE","seed_source_timestamp":92262549024087,"circlet_count":0,"master_deck":["AscendersBane","Defend_B","Defend_B","Defend_B","Defend_B","Zap+1","Dualcast","Tempest+1","Go for the Eyes+1","Turbo+1","Glacier+1","Go for the Eyes","Gash","Steam","Sunder+1","Electrodynamics+1","Chill","Gash","Ball Lightning+1","Leap","Reinforced Body+1","Static Discharge+1","Hologram","Bite","Bite","Bite","Bite","Bite","Fission+1","Defragment","Normality","Double Energy","Defragment","Defragment"],"relics":["Cracked Core","Bag of Marbles","Whetstone","Velvet Choker","DataDisk","Pear","Ice Cream","MutagenicStrength","Sozu","Centennial Puzzle","Toolbox","Ornamental Fan","Bottled Tornado"],"potions_floor_usage":[4,16,18,25,33,33,47],"damage_taken":[{"damage":7,"enemies":"Jaw Worm","floor":1,"turns":3},{"damage":1,"enemies":"2 Louse","floor":2,"turns":2},{"damage":14,"enemies":"Small Slimes","floor":3,"turns":2},{"damage":0,"enemies":"3 Louse","floor":4,"turns":1},{"damage":11,"enemies":"Looter","floor":5,"turns":3},{"damage":13,"enemies":"Exordium Wildlife","floor":7,"turns":3},{"damage":11,"enemies":"Exordium Thugs","floor":10,"turns":4},{"damage":0,"enemies":"Slime Boss","floor":16,"turns":6},{"damage":12,"enemies":"3 Byrds","floor":18,"turns":3},{"damage":0,"enemies":"Spheric Guardian","floor":19,"turns":2},{"damage":21,"enemies":"Snake Plant","floor":20,"turns":3},{"damage":3,"enemies":"Centurion and Healer","floor":22,"turns":6},{"damage":5,"enemies":"Gremlin Leader","floor":24,"turns":5},{"damage":9,"enemies":"Snecko","floor":25,"turns":5},{"damage":44,"enemies":"Collector","floor":33,"turns":7},{"damage":4,"enemies":"Orb Walker","floor":35,"turns":3},{"damage":0,"enemies":"3 Shapes","floor":39,"turns":4},{"damage":5,"enemies":"Transient","floor":40,"turns":5},{"damage":25,"enemies":"3 Darklings","floor":41,"turns":4},{"damage":15,"enemies":"Reptomancer","floor":44,"turns":4},{"damage":70,"enemies":"Nemesis","floor":47,"turns":4}],"seed_played":"-4765401224538208194","potions_obtained":[{"floor":3,"key":"AttackPotion"},{"floor":7,"key":"EssenceOfSteel"},{"floor":10,"key":"Fire Potion"},{"floor":16,"key":"Block Potion"},{"floor":18,"key":"Weak Potion"},{"floor":25,"key":"PowerPotion"},{"floor":33,"key":"PowerPotion"}],"is_trial":false,"path_per_floor":["M","M","M","M","M","R","M","R","T","M","?","?","R","$","R","B",null,"M","M","M","$","M","R","E","M","T","R","$","?","?","?","R","B",null,"M","?","$","?","M","M","M","R","T","E","?","R","E"],"character_chosen":"DEFECT","items_purchased":["Sunder","Whetstone","DataDisk","Hologram","Centennial Puzzle","Toolbox"],"campfire_rested":2,"item_purchase_floors":[14,14,21,28,37,37],"current_hp_per_floor":[57,56,42,42,31,31,18,18,18,7,24,13,13,13,13,13,57,45,45,24,24,21,42,47,38,38,38,38,38,38,29,47,15,50,52,52,52,52,60,61,40,40,40,27,53,53,0],"gold":787,"neow_bonus":"UPGRADE_CARD","is_prod":false,"is_daily":false,"chose_seed":false,"campfire_upgraded":7,"win_rate":0,"timestamp":1549210737,"path_taken":["M","M","M","M","M","R","M","R","T","M","?","?","R","$","R","BOSS","M","M","M","$","M","R","E","M","T","R","$","?","?","?","R","BOSS","M","?","$","?","M","M","M","R","T","E","?","R","E"],"build_version":"2019-01-23","purchased_purges":1,"victory":false,"max_hp_per_floor":[71,71,71,71,71,71,71,71,71,71,71,71,71,71,71,71,71,71,71,71,71,71,71,81,81,81,81,81,56,56,61,61,61,61,61,61,61,61,61,61,61,61,61,61,53,53,53],"card_choices":[{"not_picked":["Hologram","Barrage"],"picked":"Tempest","floor":1},{"not_picked":["Chaos","Sweeping Beam"],"picked":"Go for the Eyes","floor":2},{"not_picked":["Stack","Chill"],"picked":"Turbo","floor":3},{"not_picked":["Reprogram","Sweeping Beam"],"picked":"Glacier","floor":4},{"not_picked":["Doom and Gloom","Barrage"],"picked":"Go for the Eyes","floor":5},{"not_picked":["Go for the Eyes","Static Discharge"],"picked":"Gash","floor":7},{"not_picked":["Beam Cell","Sweeping Beam"],"picked":"Steam","floor":10},{"not_picked":["Core Surge","Amplify"],"picked":"Electrodynamics","floor":16},{"not_picked":["Stack","Leap"],"picked":"Chill","floor":18},{"not_picked":["Sweeping Beam","Cold Snap"],"picked":"Gash","floor":19},{"not_picked":["Beam Cell","Cold Snap"],"picked":"Ball Lightning+1","floor":20},{"not_picked":["Streamline","Beam Cell"],"picked":"Leap","floor":22},{"not_picked":["Beam Cell","Aggregate"],"picked":"Reinforced Body+1","floor":24},{"not_picked":["Rebound","Glacier"],"picked":"Static Discharge","floor":25},{"not_picked":["Reboot","Rainbow"],"picked":"Fission","floor":33},{"not_picked":["Barrage","Gash"],"picked":"Defragment","floor":35},{"not_picked":["Coolheaded+1","Capacitor+1"],"picked":"Double Energy","floor":39},{"not_picked":["BootSequence+1","Leap"],"picked":"Defragment","floor":40},{"not_picked":["Sunder","Recycle","Turbo"],"picked":"SKIP","floor":41},{"not_picked":["Machine Learning","Static Discharge"],"picked":"Defragment","floor":44}],"player_experience":495095,"relics_obtained":[{"floor":9,"key":"Bag of Marbles"},{"floor":24,"key":"Pear"},{"floor":26,"key":"Ice Cream"},{"floor":43,"key":"Ornamental Fan"},{"floor":44,"key":"Bottled Tornado"}],"event_choices":[{"damage_healed":17,"gold_gain":0,"player_choice":"Healed","damage_taken":0,"max_hp_gain":0,"max_hp_loss":0,"event_name":"The Cleric","floor":11,"gold_loss":35},{"damage_healed":0,"gold_gain":75,"player_choice":"Gather Gold","damage_taken":11,"max_hp_gain":0,"max_hp_loss":0,"event_name":"World of Goop","floor":12,"gold_loss":0},{"damage_healed":0,"gold_gain":0,"player_choice":"Became a vampire","damage_taken":0,"max_hp_gain":0,"max_hp_loss":25,"event_name":"Vampires","floor":29,"gold_loss":0,"cards_obtained":["Bite","Bite","Bite","Bite","Bite"]},{"damage_healed":0,"gold_gain":0,"player_choice":"Inject Mutagens","damage_taken":0,"relics_obtained":["MutagenicStrength"],"max_hp_gain":0,"max_hp_loss":0,"event_name":"Drug Dealer","floor":30,"gold_loss":0},{"damage_healed":0,"gold_gain":0,"player_choice":"Shed Blood","damage_taken":14,"max_hp_gain":5,"max_hp_loss":0,"event_name":"Forgotten Altar","floor":31,"gold_loss":0},{"damage_healed":0,"gold_gain":999,"player_choice":"Gold","damage_taken":0,"max_hp_gain":0,"max_hp_loss":0,"event_name":"MindBloom","floor":36,"gold_loss":0,"cards_obtained":["Normality","Normality"]},{"damage_healed":0,"gold_gain":0,"player_choice":"Ignored","damage_taken":0,"max_hp_gain":0,"max_hp_loss":0,"event_name":"Tomb of Lord Red Mask","floor":38,"gold_loss":0},{"damage_healed":53,"gold_gain":0,"player_choice":"Heal","damage_taken":0,"max_hp_gain":0,"max_hp_loss":8,"event_name":"The Moai Head","floor":45,"gold_loss":0}],"is_beta":false,"boss_relics":[{"not_picked":["Runic Pyramid","White Beast Statue"],"picked":"Velvet Choker"},{"not_picked":["FrozenCore","Lizard Tail"],"picked":"Sozu"}],"items_purged_floors":[37],"is_endless":false,"potions_floor_spawned":[3,7,10,16,18,19,25,33,39,40],"killed_by":"Nemesis","ascension_level":14}