{"gold_per_floor":[13,30,30,46,59,94,104,134,217,243,255,297,321,333,345,455,467,489,516,528,640,652,664,676,688,724,310,310,320,320,30,30,132,132,149,149,169,189,219,219,238,338,361,0,25,25,44,54,54,54],"floor_reached":51,"playtime":1585,"items_purged":["Writhe"],"score":767,"play_id":"0e35cd71-9e47-44d8-af82-1552ecb5a6f7","local_time":"20190115234330","is_ascension_mode":false,"campfire_choices":[{"data":"Whirlwind","floor":11,"key":"SMITH"},{"data":"Demon Form","floor":15,"key":"SMITH"},{"floor":23,"key":"REST"},{"data":"Shockwave","floor":25,"key":"SMITH"},{"data":"Offering","floor":30,"key":"SMITH"},{"data":"Feed","floor":32,"key":"SMITH"},{"floor":40,"key":"REST"},{"data":"Pummel","floor":46,"key":"SMITH"},{"floor":49,"key":"REST"}],"neow_cost":"NO_GOLD","seed_source_timestamp":12290295420789,"circlet_count":0,"master_deck":["Strike_R","Strike_R","Strike_R","Strike_R","Strike_R","Defend_R","Defend_R","Defend_R","Defend_R","Bash","Shockwave+1","Wild Strike","Whirlwind+1","Spot Weakness","Demon Form+1","Second Wind","Pummel+1","Offering+1","Infernal Blade+1","Flex+1","Shrug It Off+1","Whirlwind+1","Feed+1","Offering","Madness","Madness","Evolve+1","Bloodletting+1","Pummel"],"relics":["Burning Blood","Nunchaku","Blue Candle","MawBank","Gremlin Horn","StoneCalendar","Sozu","Pocketwatch","Bottled Tornado","Lantern","Pen Nib","DollysMirror","Ancient Tea Set","Orichalcum","Lizard Tail","Tiny Chest","Peace Pipe","Juzu Bracelet","Red Mask","Bag of Marbles"],"potions_floor_usage":[6,6,8,16,16],"damage_taken":[{"damage":1,"enemies":"Jaw Worm","floor":1,"turns":3},{"damage":4,"enemies":"Cultist","floor":2,"turns":4},{"damage":4,"enemies":"2 Louse","floor":4,"turns":2},{"damage":7,"enemies":"Looter","floor":5,"turns":3},{"damage":13,"enemies":"Lagavulin","floor":6,"turns":5},{"damage":12,"enemies":"Large Slime","floor":7,"turns":5},{"damage":24,"enemies":"Gremlin Nob","floor":8,"turns":5},{"damage":0,"enemies":"2 Fungi Beasts","floor":10,"turns":2},{"damage":26,"enemies":"Lagavulin","floor":12,"turns":6},{"damage":16,"enemies":"Exordium Thugs","floor":13,"turns":4},{"damage":4,"enemies":"Slime Boss","floor":16,"turns":6},{"damage":11,"enemies":"3 Byrds","floor":18,"turns":3},{"damage":14,"enemies":"Chosen","floor":19,"turns":4},{"damage":14,"enemies":"Colosseum Slavers","floor":21,"turns":2},{"damage":38,"enemies":"Colosseum Nobs","floor":21,"turns":4},{"damage":6,"enemies":"3 Cultists","floor":29,"turns":1},{"damage":6,"enemies":"Collector","floor":33,"turns":3},{"damage":4,"enemies":"3 Shapes","floor":35,"turns":2},{"damage":18,"enemies":"3 Darklings","floor":37,"turns":3},{"damage":21,"enemies":"Writhing Mass","floor":38,"turns":4},{"damage":19,"enemies":"Spire Growth","floor":41,"turns":4},{"damage":2,"enemies":"Mind Bloom Boss Battle","floor":42,"turns":7},{"damage":20,"enemies":"Transient","floor":47,"turns":5},{"damage":1,"enemies":"Jaw Worm Horde","floor":48,"turns":2},{"damage":87,"enemies":"Donu and Deca","floor":50,"turns":5}],"seed_played":"2655521649758306675","potions_obtained":[{"floor":1,"key":"SkillPotion"},{"floor":4,"key":"SteroidPotion"},{"floor":6,"key":"Regen Potion"},{"floor":10,"key":"FearPotion"},{"floor":13,"key":"SteroidPotion"}],"is_trial":false,"path_per_floor":["M","M","?","M","M","E","M","E","T","M","R","E","M","$","R","B",null,"M","M","$","?","?","R","?","R","T","$","?","M","R","$","R","B",null,"M","?","M","M","T","R","M","?","T","?","T","R","M","M","R","B",null],"character_chosen":"IRONCLAD","items_purchased":["DollysMirror","Ancient Tea Set","Feed","Orichalcum"],"campfire_rested":3,"item_purchase_floors":[27,27,31,31],"current_hp_per_floor":[80,80,80,80,79,72,66,62,62,68,68,48,38,38,38,40,80,75,67,67,27,27,51,36,36,36,36,64,64,64,64,64,64,85,85,74,62,51,51,77,68,76,76,76,76,76,62,67,96,19],"gold":54,"neow_bonus":"ONE_RARE_RELIC","is_prod":false,"is_daily":false,"chose_seed":false,"campfire_upgraded":6,"win_rate":0,"timestamp":1547592210,"path_taken":["M","M","?","?","M","E","M","E","T","M","R","E","M","$","R","BOSS","M","M","$","?","?","R","?","R","T","$","?","M","R","?","R","BOSS","M","?","M","M","?","R","?","?","T","?","?","R","M","M","R","BOSS"],"build_version":"2019-01-10","purchased_purges":1,"victory":true,"max_hp_per_floor":[80,80,80,80,80,80,80,80,80,80,80,80,80,80,80,80,80,80,80,80,80,80,80,85,85,85,85,85,85,85,85,85,85,85,85,85,85,89,89,89,93,97,97,97,97,97,97,97,97,101],"card_choices":[{"not_picked":["Hemokinesis","Pummel"],"picked":"Shockwave","floor":1},{"not_picked":["Anger","True Grit"],"picked":"Wild Strike","floor":2},{"not_picked":["Clothesline","Feel No Pain"],"picked":"Whirlwind","floor":4},{"not_picked":["Shrug It Off","Clash"],"picked":"Spot Weakness","floor":5},{"not_picked":["Infernal Blade","Inflame"],"picked":"Demon Form","floor":6},{"not_picked":["Pommel Strike","Twin Strike"],"picked":"Second Wind","floor":7},{"not_picked":["Shrug It Off","Rage","Havoc"],"picked":"SKIP","floor":8},{"not_picked":["Combust","Iron Wave","Dropkick"],"picked":"SKIP","floor":10},{"not_picked":["Twin Strike","Entrench","Armaments"],"picked":"SKIP","floor":12},{"not_picked":["Inflame","Headbutt"],"picked":"Pummel","floor":13},{"not_picked":["Barricade","Reaper"],"picked":"Offering","floor":16},{"not_picked":["Havoc","Shockwave"],"picked":"Infernal Blade+1","floor":18},{"not_picked":["Disarm","Perfected Strike"],"picked":"Flex+1","floor":19},{"not_picked":["Flex+1","Cleave"],"picked":"Shrug It Off+1","floor":21},{"not_picked":["Anger","Ghostly Armor","Havoc"],"picked":"SKIP","floor":29},{"not_picked":["Feed","Brutality"],"picked":"Offering","floor":33},{"not_picked":["Sword Boomerang","Thunderclap+1","Cleave+1"],"picked":"SKIP","floor":35},{"not_picked":["Anger","Armaments"],"picked":"Evolve+1","floor":37},{"not_picked":["Carnage","Dropkick+1"],"picked":"Bloodletting+1","floor":38},{"not_picked":["Anger+1","Rampage","Clash+1"],"picked":"SKIP","floor":41},{"not_picked":["Twin Strike+1","Burning Pact"],"picked":"Pummel","floor":47},{"not_picked":["Fiend Fire","Armaments","Clash+1"],"picked":"SKIP","floor":48}],"player_experience":462341,"relics_obtained":[{"floor":6,"key":"Blue Candle"},{"floor":8,"key":"MawBank"},{"floor":9,"key":"Gremlin Horn"},{"floor":12,"key":"StoneCalendar"},{"floor":21,"key":"Pocketwatch"},{"floor":21,"key":"Bottled Tornado"},{"floor":26,"key":"Pen Nib"},{"floor":39,"key":"Tiny Chest"},{"floor":42,"key":"Peace Pipe"},{"floor":43,"key":"Juzu Bracelet"},{"floor":45,"key":"Bag of Marbles"}],"event_choices":[{"damage_healed":0,"gold_gain":0,"player_choice":"Full Heal","damage_taken":0,"max_hp_gain":0,"max_hp_loss":0,"event_name":"Wheel of Change","floor":3,"gold_loss":0},{"damage_healed":0,"gold_gain":0,"player_choice":"Fight","damage_taken":0,"max_hp_gain":0,"max_hp_loss":0,"event_name":"Colosseum","floor":21,"gold_loss":0},{"damage_healed":0,"gold_gain":0,"player_choice":"Fought Nobs","damage_taken":0,"max_hp_gain":0,"max_hp_loss":0,"event_name":"Colosseum","floor":21,"gold_loss":0},{"damage_healed":0,"gold_gain":0,"player_choice":"Opened","damage_taken":0,"relics_obtained":["Lantern"],"max_hp_gain":0,"max_hp_loss":0,"event_name":"The Mausoleum","floor":22,"gold_loss":0,"cards_obtained":["Writhe"]},{"damage_healed":0,"gold_gain":0,"player_choice":"Shed Blood","damage_taken":20,"max_hp_gain":5,"max_hp_loss":0,"event_name":"Forgotten Altar","floor":24,"gold_loss":0},{"damage_healed":28,"gold_gain":0,"player_choice":"Heal","damage_taken":0,"max_hp_gain":0,"max_hp_loss":0,"event_name":"The Library","floor":28,"gold_loss":0},{"damage_healed":0,"gold_gain":0,"player_choice":"Embrace Madness","damage_taken":11,"max_hp_gain":0,"max_hp_loss":0,"event_name":"Winding Halls","floor":36,"gold_loss":0,"cards_obtained":["Madness","Madness"]},{"damage_healed":0,"gold_gain":0,"player_choice":"Fight","damage_taken":0,"max_hp_gain":0,"max_hp_loss":0,"event_name":"MindBloom","floor":42,"gold_loss":0},{"damage_healed":0,"gold_gain":0,"player_choice":"Paid","damage_taken":0,"relics_obtained":["Red Mask"],"max_hp_gain":0,"max_hp_loss":0,"event_name":"Tomb of Lord Red Mask","floor":44,"gold_loss":361}],"is_beta":false,"boss_relics":[{"not_picked":["Fusion Hammer","Orrery"],"picked":"Sozu"},{"not_picked":["Runic Pyramid","Eternal Feather"],"picked":"Lizard Tail"}],"items_purged_floors":[27],"is_endless":false,"potions_floor_spawned":[1,4,6,10,13,18,21,29,35,38,41,42,48],"ascension_level":0}