{"gold_per_floor":[113,126,126,126,126,153,153,166,235,262,262,294,309,309,309,381,381,321,321,233,233,233,233,115,115,115,115,115,37,37,37,37,37,37,37,37,37,37,37,37,37,37,37,37,37,37,37,37,37,37],"floor_reached":51,"playtime":2026,"items_purged":["Strike_G","Strike_G"],"score":1472,"play_id":"d30e52b6-5939-410d-9302-07b596349ed7","local_time":"20190227172524","is_ascension_mode":true,"campfire_choices":[{"data":"Dagger Spray","floor":7.0,"key":"SMITH"},{"floor":11.0,"key":"REST"},{"data":"Catalyst","floor":15.0,"key":"SMITH"},{"floor":23.0,"key":"REST"},{"data":"Noxious Fumes","floor":25.0,"key":"SMITH"},{"data":"Well Laid Plans","floor":27.0,"key":"SMITH"},{"data":"Catalyst","floor":32.0,"key":"SMITH"},{"data":"Adrenaline","floor":40.0,"key":"SMITH"},{"data":"After Image","floor":42.0,"key":"SMITH"},{"data":"Blur","floor":46.0,"key":"SMITH"},{"floor":49,"key":"REST"}],"neow_cost":"NONE","seed_source_timestamp":53715131175842,"circlet_count":0,"master_deck":["AscendersBane","Defend_G","Defend_G","Defend_G","Defend_G","Defend_G","Strike_G","Strike_G","Strike_G+1","Survivor","Neutralize+1","Deadly Poison+1","Unload+1","Dagger Spray+1","Well Laid Plans+1","Catalyst+1","PiercingWail","Adrenaline+1","PiercingWail","Blur","Cloak And Dagger","Deadly Poison+1","Noxious Fumes+1","Catalyst+1","Caltrops","Wraith Form v2+1","PiercingWail+1","Footwork+1","Blur+1","Parasite","Backflip+1","After Image+1","Distraction","Blur","Crippling Poison"],"special_seed":0,"relics":["Ring of the Serpent","Matryoshka","Shovel","Dream Catcher","Blue Candle","Smiling Mask","Unceasing Top","Ectoplasm","Mummified Hand","Pear","Du-Vu Doll","Bag of Marbles","Whetstone","Vajra","Anchor","Snake Skull"],"potions_floor_usage":[50],"damage_taken":[{"damage":1.0,"enemies":"Small Slimes","floor":1.0,"turns":3.0},{"damage":1.0,"enemies":"Jaw Worm","floor":2.0,"turns":3.0},{"damage":21.0,"enemies":"Lagavulin","floor":6.0,"turns":6.0},{"damage":0.0,"enemies":"2 Louse","floor":8.0,"turns":2.0},{"damage":22.0,"enemies":"3 Sentries","floor":10.0,"turns":7.0},{"damage":20.0,"enemies":"Gremlin Nob","floor":12.0,"turns":4.0},{"damage":6.0,"enemies":"Gremlin Gang","floor":13.0,"turns":4.0},{"damage":17.0,"enemies":"Hexaghost","floor":16.0,"turns":9.0},{"damage":6.0,"enemies":"2 Thieves","floor":18.0,"turns":4.0},{"damage":11.0,"enemies":"Shell Parasite","floor":19.0,"turns":6.0},{"damage":5.0,"enemies":"Centurion and Healer","floor":21.0,"turns":9.0},{"damage":8.0,"enemies":"Snecko","floor":22.0,"turns":6.0},{"damage":0.0,"enemies":"Snake Plant","floor":28.0,"turns":3.0},{"damage":11.0,"enemies":"Slavers","floor":30.0,"turns":7.0},{"damage":14.0,"enemies":"Champ","floor":33.0,"turns":7.0},{"damage":0.0,"enemies":"Orb Walker","floor":35.0,"turns":4.0},{"damage":0.0,"enemies":"3 Shapes","floor":36.0,"turns":4.0},{"damage":6.0,"enemies":"Spire Growth","floor":38.0,"turns":4.0},{"damage":1.0,"enemies":"Writhing Mass","floor":39.0,"turns":4.0},{"damage":8.0,"enemies":"Reptomancer","floor":41.0,"turns":5.0},{"damage":0.0,"enemies":"Giant Head","floor":45.0,"turns":7.0},{"damage":1,"enemies":"Maw","floor":47,"turns":6},{"damage":1,"enemies":"Reptomancer","floor":48,"turns":4},{"damage":26,"enemies":"Donu and Deca","floor":50,"turns":8}],"seed_played":"-6843235339680777806","potions_obtained":[{"floor":2.0,"key":"Ancient Potion"},{"floor":8.0,"key":"SneckoOil"},{"floor":13.0,"key":"EssenceOfSteel"},{"floor":14.0,"key":"Regen Potion"},{"floor":16.0,"key":"Dexterity Potion"},{"floor":22.0,"key":"Weak Potion"},{"floor":33.0,"key":"Fire Potion"},{"floor":35.0,"key":"Block Potion"},{"floor":38.0,"key":"PowerPotion"},{"floor":41.0,"key":"PowerPotion"},{"floor":47,"key":"GhostInAJar"}],"is_trial":false,"path_per_floor":["M","M","?","T","?","E","R","M","T","E","R","E","M","?","R","B",null,"M","M","$","M","M","R","$","R","T","R","M","$","E","?","R","B",null,"M","M","?","M","M","R","E","R","T","?","E","R","M","E","R","B",null],"character_chosen":"THE_SILENT","items_purchased":["Blur","Noxious Fumes","Catalyst"],"campfire_rested":3,"item_purchase_floors":[20,24,29],"current_hp_per_floor":[58,57,57,57,57,36,36,36,36,14,33,13,7,7,7,5,51,45,34,34,29,21,40,40,40,50,50,50,50,39,39,39,25,63,63,63,63,57,56,56,48,48,48,48,48,48,47,46,68,42],"gold":37,"neow_bonus":"UPGRADE_CARD","is_prod":false,"is_daily":false,"chose_seed":false,"campfire_upgraded":8,"win_rate":0,"timestamp":1551317124,"path_taken":["M","M","?","?","?","E","R","?","T","E","R","E","M","?","R","BOSS","M","?","$","?","?","R","?","R","T","R","M","$","E","?","R","BOSS","M","M","?","?","M","R","E","R","T","?","E","R","?","E","R","BOSS"],"build_version":"2019-01-23","purchased_purges":2,"victory":true,"max_hp_per_floor":[66,66,66,66,66,66,66,66,66,66,66,66,66,66,66,66,66,66,66,66,66,66,66,66,66,76,76,76,76,76,76,76,76,76,76,76,76,76,76,76,76,76,76,76,76,76,76,76,76,76],"card_choices":[{"not_picked":["Deflect","Slice"],"picked":"Deadly Poison","floor":1.0},{"not_picked":["Blur","Choke"],"picked":"Unload","floor":2.0},{"not_picked":["Underhanded Strike","Tactician"],"picked":"Dagger Spray","floor":6.0},{"not_picked":["Sucker Punch","Blade Dance","Underhanded Strike"],"picked":"SKIP","floor":8.0},{"not_picked":["Deflect","Escape Plan"],"picked":"Well Laid Plans","floor":10.0},{"not_picked":["Acrobatics","Outmaneuver"],"picked":"Catalyst","floor":12.0},{"not_picked":["Dagger Throw","Slice"],"picked":"PiercingWail","floor":13.0},{"not_picked":["Tools of the Trade","Phantasmal Killer"],"picked":"Adrenaline","floor":16.0},{"not_picked":["Well Laid Plans","Bane","Eviscerate"],"picked":"SKIP","floor":18.0},{"not_picked":["Sucker Punch","Expertise"],"picked":"PiercingWail","floor":19.0},{"not_picked":["Setup","Prepared"],"picked":"Cloak And Dagger","floor":21.0},{"not_picked":["Accuracy","Leg Sweep"],"picked":"Deadly Poison+1","floor":22.0},{"not_picked":["Acrobatics","Bullet Time"],"picked":"Cloak And Dagger","floor":23.0},{"not_picked":["PiercingWail","Acrobatics","Dagger Throw"],"picked":"SKIP","floor":28.0},{"not_picked":["Masterful Stab","Glass Knife"],"picked":"Caltrops","floor":30.0},{"not_picked":["Phantasmal Killer","A Thousand Cuts"],"picked":"Wraith Form v2","floor":33.0},{"not_picked":["Cloak And Dagger+1","Sucker Punch"],"picked":"PiercingWail+1","floor":35.0},{"not_picked":["Outmaneuver","Sucker Punch"],"picked":"Footwork+1","floor":36.0},{"not_picked":["Well Laid Plans","Backstab"],"picked":"Blur","floor":38.0},{"not_picked":["Deflect","Slice"],"picked":"Backflip+1","floor":39.0},{"not_picked":["Underhanded Strike+1","Backstab"],"picked":"After Image","floor":41.0},{"not_picked":["Bane","Reflex","Finisher"],"picked":"SKIP","floor":45.0},{"not_picked":["Masterful Stab","Well Laid Plans"],"picked":"Distraction","floor":47},{"not_picked":["Flechettes","Cloak And Dagger"],"picked":"Blur","floor":48},{"not_picked":["Choke","Dodge and Roll"],"picked":"Crippling Poison","floor":49}],"player_experience":2283869,"relics_obtained":[{"floor":4.0,"key":"Matryoshka"},{"floor":6.0,"key":"Shovel"},{"floor":9.0,"key":"Dream Catcher"},{"floor":9.0,"key":"Blue Candle"},{"floor":10.0,"key":"Smiling Mask"},{"floor":12.0,"key":"Unceasing Top"},{"floor":26.0,"key":"Mummified Hand"},{"floor":26.0,"key":"Pear"},{"floor":30.0,"key":"Du-Vu Doll"},{"floor":41.0,"key":"Whetstone"},{"floor":43.0,"key":"Vajra"},{"floor":45.0,"key":"Anchor"},{"floor":48,"key":"Snake Skull"}],"event_choices":[{"damage_healed":0.0,"max_hp_gain":0.0,"max_hp_loss":0.0,"gold_gain":0.0,"event_name":"Scrap Ooze","player_choice":"Fled","floor":3.0,"gold_loss":0.0,"damage_taken":0.0},{"damage_healed":0.0,"max_hp_gain":0.0,"max_hp_loss":0.0,"gold_gain":0.0,"event_name":"Upgrade Shrine","player_choice":"Upgraded","floor":5.0,"gold_loss":0.0,"damage_taken":0.0,"cards_upgraded":["Deadly Poison"]},{"damage_healed":0.0,"max_hp_gain":0.0,"max_hp_loss":0.0,"gold_gain":0.0,"event_name":"Lab","player_choice":"Got Potions","floor":14.0,"gold_loss":0.0,"damage_taken":0.0},{"cards_removed":["Cloak And Dagger"],"damage_healed":0.0,"max_hp_gain":0.0,"max_hp_loss":0.0,"gold_gain":0.0,"event_name":"WeMeetAgain","player_choice":"Gave Card","floor":31.0,"gold_loss":0.0,"damage_taken":0.0,"relics_obtained":["Bag of Marbles"]},{"damage_healed":0.0,"max_hp_gain":0.0,"max_hp_loss":0.0,"gold_gain":0.0,"event_name":"Upgrade Shrine","player_choice":"Upgraded","floor":37.0,"gold_loss":0.0,"damage_taken":0.0,"cards_upgraded":["Wraith Form v2"]},{"damage_healed":0.0,"max_hp_gain":0.0,"max_hp_loss":0.0,"gold_gain":0.0,"event_name":"Match and Keep!","player_choice":"0 cards matched","floor":44.0,"gold_loss":0.0,"damage_taken":0.0,"cards_obtained":[]}],"is_beta":false,"boss_relics":[{"not_picked":["Black Star","Empty Cage"],"picked":"Ectoplasm"},{"not_picked":["Calling Bell","Runic Dome"],"picked":"Ring of the Serpent"}],"items_purged_floors":[20,24],"is_endless":false,"potions_floor_spawned":[2,8,13,16,21,22,33,35,38,41,45,47],"ascension_level":15}