{"gold_per_floor":[115,134,84,94,94,120,120,133,187,222,222,222,46,59,59,182,182,196,196,196,196,52,91,91,91,118,78],"floor_reached":27,"playtime":703,"items_purged":["Doubt"],"score":334,"play_id":"d31bc45b-66bf-4c23-a335-3fceb1ec78d8","local_time":"25610725172456","is_ascension_mode":true,"campfire_choices":[{"data":"Armaments","floor":7,"key":"SMITH"},{"floor":15,"key":"REST"},{"floor":24,"key":"REST"}],"neow_cost":"","seed_source_timestamp":17059734781012,"circlet_count":0,"master_deck":["Strike_R","Strike_R","Strike_R","Strike_R","Strike_R","Defend_R","Defend_R","Defend_R","Bash","Seeing Red","Power Through","Armaments+1","Combust","Injury","Clash","Demon Form+1","Parasite","Evolve+1","True Grit"],"relics":["Burning Blood","Magic Flower","Ancient Tea Set","Tiny Chest","Orichalcum","Frozen Egg 2","Golden Idol","Calling Bell","Centennial Puzzle","Shuriken","Bird Faced Urn","SsserpentHead","Bag of Preparation","Dream Catcher"],"potions_floor_usage":[6,10,14,14,16,18,25,25],"damage_taken":[{"damage":10,"enemies":"2 Louse","floor":1,"turns":2},{"damage":5,"enemies":"Small Slimes","floor":2,"turns":3},{"damage":16,"enemies":"Cultist","floor":4,"turns":4},{"damage":45,"enemies":"Gremlin Nob","floor":6,"turns":5},{"damage":0,"enemies":"Exordium Wildlife","floor":8,"turns":4},{"damage":19,"enemies":"Lagavulin","floor":10,"turns":5},{"damage":0,"enemies":"Blue Slaver","floor":14,"turns":3},{"damage":50,"enemies":"The Guardian","floor":16,"turns":12},{"damage":25,"enemies":"3 Byrds","floor":18,"turns":4},{"damage":65,"enemies":"Book of Stabbing","floor":23,"turns":6},{"damage":35,"enemies":"Gremlin Leader","floor":25,"turns":4},{"damage":36,"enemies":"2 Thieves","floor":27,"turns":3}],"seed_played":"-5095146141277796814","potions_obtained":[{"floor":4,"key":"BloodPotion"},{"floor":8,"key":"SteroidPotion"},{"floor":14,"key":"SteroidPotion"},{"floor":23,"key":"Poison Potion"}],"is_trial":false,"path_per_floor":["M","M","?","M","T","E","R","M","T","E","T","?","$","M","R","B",null,"M","?","?","?","$","E","R","E","T"],"character_chosen":"IRONCLAD","items_purchased":["EntropicBrew","BloodPotion","Evolve+1"],"campfire_rested":2,"item_purchase_floors":[13,13,22],"current_hp_per_floor":[68,69,69,59,59,35,35,44,44,34,34,34,34,55,79,38,70,57,80,80,80,80,27,51,31,31,0],"gold":78,"neow_bonus":"","is_prod":false,"is_daily":false,"chose_seed":false,"campfire_upgraded":1,"win_rate":0,"timestamp":1532514296,"path_taken":["M","M","?","M","?","E","R","M","T","E","?","?","$","?","R","BOSS","M","?","?","?","$","E","R","E","T","?"],"build_version":"2018-07-19v2","purchased_purges":1,"victory":false,"max_hp_per_floor":[80,80,80,80,80,80,80,80,80,80,80,80,80,80,80,80,80,80,80,80,80,80,80,80,80,80,80],"card_choices":[{"not_picked":["Heavy Blade","Cleave"],"picked":"Seeing Red","floor":1},{"not_picked":["Ghostly Armor","Perfected Strike"],"picked":"Power Through","floor":2},{"not_picked":["Body Slam","Clothesline","Twin Strike"],"picked":"SKIP","floor":4},{"not_picked":["Evolve","Sentinel"],"picked":"Armaments","floor":6},{"not_picked":["Perfected Strike","Second Wind"],"picked":"Combust","floor":8},{"not_picked":["Twin Strike","Second Wind","Brutality"],"picked":"SKIP","floor":10},{"not_picked":["Iron Wave","Searing Blow"],"picked":"Clash","floor":14},{"not_picked":["Berserk+1","Fiend Fire"],"picked":"Demon Form+1","floor":16},{"not_picked":["Warcry","Pommel Strike","Perfected Strike"],"picked":"SKIP","floor":18},{"not_picked":["Intimidate","Brutality+1"],"picked":"True Grit","floor":23}],"player_experience":147904,"relics_obtained":[{"floor":5,"key":"Magic Flower"},{"floor":6,"key":"Ancient Tea Set"},{"floor":9,"key":"Tiny Chest"},{"floor":10,"key":"Orichalcum"},{"floor":11,"key":"Frozen Egg 2"},{"floor":17,"key":"Centennial Puzzle"},{"floor":17,"key":"Shuriken"},{"floor":17,"key":"Bird Faced Urn"},{"floor":23,"key":"Bag of Preparation"},{"floor":26,"key":"Dream Catcher"}],"event_choices":[{"event_name":"The Cleric","player_choice":"Card Removal","floor":3,"damage_taken":0},{"event_name":"Golden Idol","player_choice":"Take Wound","floor":12,"damage_taken":0},{"event_name":"The Library","player_choice":"Heal","floor":19,"damage_taken":0},{"event_name":"Back to Basics","player_choice":"Elegance","floor":20,"damage_taken":0},{"event_name":"FaceTrader","player_choice":"Trade","floor":21,"damage_taken":0}],"is_beta":false,"boss_relics":[{"not_picked":["Runic Cube","Velvet Choker"],"picked":"Calling Bell"}],"items_purged_floors":[22],"is_endless":false,"potions_floor_spawned":[4,8,14,23],"killed_by":"2 Thieves","ascension_level":6}