{"gold_per_floor":[116,116,166,177,31,62,75,100,100,113,130,130,146,179,179,179],"floor_reached":16,"playtime":815,"items_purged":[],"score":301,"play_id":"10304037-8227-444d-be27-b3884807bd30","local_time":"20180928201551","is_ascension_mode":true,"campfire_choices":[{"data":"Body Slam","floor":12,"key":"SMITH"},{"data":"Body Slam","floor":15,"key":"SMITH"}],"neow_cost":"NONE","seed_source_timestamp":85923480280404,"circlet_count":0,"master_deck":["Strike_R","Strike_R","Strike_R","Strike_R","Defend_R","Defend_R","Defend_R","Defend_R","Bash","AscendersBane","Flame Barrier","Body Slam+1","Offering","True Grit","Exhume","Battle Trance","Body Slam+1","Headbutt"],"relics":["Burning Blood","NeowsBlessing","PreservedInsect","Ancient Tea Set","Pantograph","Strawberry","Bottled Lightning"],"potions_floor_usage":[8,8,11],"damage_taken":[{"damage":0,"enemies":"Small Slimes","floor":1,"turns":1},{"damage":0,"enemies":"2 Louse","floor":4,"turns":1},{"damage":0,"enemies":"Gremlin Nob","floor":6,"turns":1},{"damage":7,"enemies":"Cultist","floor":7,"turns":3},{"damage":12,"enemies":"3 Sentries","floor":8,"turns":6},{"damage":31,"enemies":"Large Slime","floor":10,"turns":14},{"damage":7,"enemies":"3 Louse","floor":11,"turns":6},{"damage":7,"enemies":"Red Slaver","floor":13,"turns":4},{"damage":36,"enemies":"Gremlin Nob","floor":14,"turns":5},{"damage":63,"enemies":"Slime Boss","floor":16,"turns":11}],"seed_played":"7789357175601499148","potions_obtained":[{"floor":4,"key":"Block Potion"},{"floor":6,"key":"AttackPotion"},{"floor":10,"key":"Regen Potion"}],"is_trial":false,"path_per_floor":["M","?","?","M","$","E","M","E","T","M","M","R","M","E","R"],"character_chosen":"IRONCLAD","items_purchased":["PreservedInsect"],"campfire_rested":0,"item_purchase_floors":[5],"current_hp_per_floor":[74,67,60,66,66,72,71,65,72,47,61,61,60,30,30,0],"gold":179,"neow_bonus":"THREE_ENEMY_KILL","is_prod":false,"is_daily":false,"chose_seed":false,"campfire_upgraded":2,"win_rate":0,"timestamp":1538158551,"path_taken":["M","?","?","?","$","E","M","E","T","M","M","R","M","E","R","BOSS"],"build_version":"2018-09-27","purchased_purges":0,"victory":false,"max_hp_per_floor":[75,75,75,75,75,75,75,75,82,82,82,82,82,82,82,82],"card_choices":[{"not_picked":["Clash","Iron Wave"],"picked":"Flame Barrier","floor":1},{"not_picked":["Havoc","Clothesline"],"picked":"Body Slam","floor":4},{"not_picked":["Armaments","True Grit"],"picked":"Offering","floor":6},{"not_picked":["Headbutt","Wild Strike"],"picked":"True Grit","floor":7},{"not_picked":["Fiend Fire","Flex"],"picked":"Exhume","floor":8},{"not_picked":["Burning Pact","Seeing Red","Bloodletting"],"picked":"SKIP","floor":10},{"not_picked":["Cleave","Perfected Strike"],"picked":"Battle Trance","floor":11},{"not_picked":["Sentinel","Searing Blow"],"picked":"Body Slam","floor":13},{"not_picked":["Sword Boomerang","Perfected Strike"],"picked":"Headbutt","floor":14}],"player_experience":273230,"relics_obtained":[{"floor":6,"key":"Ancient Tea Set"},{"floor":8,"key":"Pantograph"},{"floor":9,"key":"Strawberry"},{"floor":14,"key":"Bottled Lightning"}],"event_choices":[{"event_name":"Golden Wing","player_choice":"Card Removal","floor":2,"damage_taken":0},{"event_name":"FaceTrader","player_choice":"Touch","floor":3,"damage_taken":0}],"is_beta":false,"boss_relics":[],"items_purged_floors":[],"is_endless":false,"potions_floor_spawned":[4,6,7,10],"killed_by":"Slime Boss","ascension_level":15}