{"gold_per_floor":[114,114,125,125,145,178,178,208,208,239,258,271,300,375,375,471,471,486,504,504,88,88,114,125,125,125,154,0,11,21,35,35,138,138,157,168,0,18,36,36,67,86,86,112,122,122,141,159,159,159],"floor_reached":51,"playtime":1724,"items_purged":["Strike_R"],"score":881,"play_id":"a4aca9e3-9f90-468b-bb9a-c93758374e18","local_time":"25610720191505","is_ascension_mode":true,"campfire_choices":[{"data":"Rampage","floor":7,"key":"SMITH"},{"data":"1","floor":15,"key":"LIFT"},{"data":"2","floor":25,"key":"LIFT"},{"data":"3","floor":32,"key":"LIFT"},{"floor":40,"key":"REST"},{"floor":46,"key":"REST"},{"floor":49,"key":"REST"}],"neow_cost":"NONE","seed_source_timestamp":27915773990589,"circlet_count":0,"master_deck":["Strike_R+1","Strike_R+1","Defend_R+1","Defend_R","Defend_R","Defend_R","Bash+1","Infernal Blade","Pommel Strike","Shrug It Off","Rampage+1","Cleave+1","Metallicize","Seeing Red","Flex","Immolate","Sword Boomerang+1","Shrug It Off","Twin Strike","Flex+1","Flame Barrier+1","Iron Wave+1","Feed","Power Through","Wild Strike+1","Whirlwind","Thunderclap","Power Through+1","Heavy Blade+1","Heavy Blade+1","Sever Soul+1"],"relics":["Black Blood","Orichalcum","Pear","Bronze Scales","Girya","Happy Flower","Fusion Hammer","Vajra","Bag of Preparation","Dodecahedron","Whetstone","Potion Belt","Bag of Marbles","Red Mask","Boot","Mummified Hand","Blue Candle"],"potions_floor_usage":[6,11,16,16,29,29,31,50,50,50,50,50],"damage_taken":[{"damage":9,"enemies":"2 Louse","floor":1,"turns":3},{"damage":12,"enemies":"Jaw Worm","floor":3,"turns":3},{"damage":0,"enemies":"Cultist","floor":5,"turns":2},{"damage":14,"enemies":"3 Sentries","floor":6,"turns":9},{"damage":21,"enemies":"Gremlin Nob","floor":8,"turns":4},{"damage":4,"enemies":"3 Sentries","floor":10,"turns":6},{"damage":0,"enemies":"Lots of Slimes","floor":11,"turns":1},{"damage":2,"enemies":"3 Louse","floor":12,"turns":3},{"damage":10,"enemies":"Lagavulin","floor":13,"turns":5},{"damage":30,"enemies":"The Guardian","floor":16,"turns":9},{"damage":4,"enemies":"Shell Parasite","floor":18,"turns":4},{"damage":14,"enemies":"2 Thieves","floor":19,"turns":2},{"damage":7,"enemies":"Gremlin Leader","floor":23,"turns":3},{"damage":4,"enemies":"3 Cultists","floor":24,"turns":3},{"damage":13,"enemies":"Slavers","floor":27,"turns":3},{"damage":0,"enemies":"Slaver and Parasite","floor":29,"turns":1},{"damage":4,"enemies":"Chosen and Byrds","floor":30,"turns":3},{"damage":0,"enemies":"Centurion and Healer","floor":31,"turns":2},{"damage":36,"enemies":"Champ","floor":33,"turns":8},{"damage":11,"enemies":"Flame Bruiser 1 Orb","floor":35,"turns":4},{"damage":13,"enemies":"3 Darklings","floor":36,"turns":5},{"damage":8,"enemies":"Sphere and 2 Shapes","floor":38,"turns":3},{"damage":0,"enemies":"Transient","floor":39,"turns":5},{"damage":4,"enemies":"2 Orb Walkers","floor":41,"turns":3},{"damage":0,"enemies":"3 Darklings","floor":42,"turns":1},{"damage":60,"enemies":"Giant Head","floor":44,"turns":8},{"damage":3,"enemies":"Spire Growth","floor":45,"turns":2},{"damage":24,"enemies":"Maw","floor":47,"turns":5},{"damage":0,"enemies":"Flame Bruiser 2 Orb","floor":48,"turns":2},{"damage":83,"enemies":"Awakened One","floor":50,"turns":10}],"seed_played":"-1725271829243912396","potions_obtained":[{"floor":1,"key":"Block Potion"},{"floor":6,"key":"GamblersBrew"},{"floor":8,"key":"Swift Potion"},{"floor":11,"key":"Weak Potion"},{"floor":19,"key":"Strength Potion"},{"floor":23,"key":"Explosive Potion"},{"floor":24,"key":"Strength Potion"},{"floor":30,"key":"Energy Potion"},{"floor":33,"key":"LiquidBronze"},{"floor":38,"key":"LiquidBronze"},{"floor":39,"key":"Dexterity Potion"},{"floor":44,"key":"Explosive Potion"},{"floor":48,"key":"Regen Potion"}],"is_trial":false,"path_per_floor":["M","?","M","?","M","E","R","E","T","E","M","M","E","?","R","B",null,"M","M","?","$","?","E","M","R","T","E","$","M","M","M","R","B",null,"M","M","?","M","M","R","E","M","T","E","M","R","M","M","R","B"],"character_chosen":"IRONCLAD","items_purchased":["Vajra","Shrug It Off","Bag of Preparation","Bag of Marbles"],"campfire_rested":3,"item_purchase_floors":[21,21,21,28],"current_hp_per_floor":[77,77,74,58,64,56,56,51,51,53,59,75,71,60,60,36,90,90,82,100,100,100,99,100,100,100,93,93,102,103,103,103,73,103,102,99,99,104,106,106,106,106,106,56,63,94,80,90,106,48],"gold":159,"neow_bonus":"UPGRADE_CARD","is_prod":false,"is_daily":false,"chose_seed":false,"campfire_upgraded":1,"win_rate":0,"timestamp":1532088905,"path_taken":["M","?","M","?","M","E","R","E","T","E","M","?","E","?","R","BOSS","M","M","?","$","?","E","M","R","T","E","$","?","M","M","R","BOSS","M","M","?","?","M","R","E","M","T","E","M","R","M","M","R","BOSS"],"build_version":"2018-07-19v2","purchased_purges":1,"victory":true,"max_hp_per_floor":[80,80,80,80,80,80,80,90,90,90,90,90,90,90,90,90,90,90,90,100,100,100,100,100,100,100,100,100,103,103,103,103,103,103,103,103,103,106,106,106,106,106,106,106,106,106,106,106,106,106],"card_choices":[{"not_picked":["Rage","Shrug It Off"],"picked":"Infernal Blade","floor":1},{"not_picked":["Shrug It Off","Rupture"],"picked":"Pommel Strike","floor":3},{"not_picked":["True Grit","Thunderclap"],"picked":"Shrug It Off","floor":5},{"not_picked":["Entrench","Carnage"],"picked":"Rampage","floor":6},{"not_picked":["Clothesline","Heavy Blade"],"picked":"Impervious","floor":8},{"not_picked":["Dual Wield","Inflame"],"picked":"Cleave","floor":10},{"not_picked":["Fire Breathing","Pommel Strike"],"picked":"Metallicize","floor":11},{"not_picked":["Iron Wave","Rupture"],"picked":"Seeing Red","floor":12},{"not_picked":["Infernal Blade","Second Wind"],"picked":"Flex","floor":13},{"not_picked":["Limit Break","Dark Embrace"],"picked":"Immolate","floor":16},{"not_picked":["Shrug It Off","Reckless Charge","Body Slam"],"picked":"SKIP","floor":18},{"not_picked":["True Grit","Second Wind"],"picked":"Sword Boomerang+1","floor":19},{"not_picked":["Sword Boomerang","Flame Barrier","Combust"],"picked":"SKIP","floor":23},{"not_picked":["Battle Trance","Wild Strike"],"picked":"Flex+1","floor":24},{"not_picked":["Flame Barrier","True Grit","Reckless Charge+1"],"picked":"SKIP","floor":27},{"not_picked":["Battle Trance","Carnage"],"picked":"Flame Barrier+1","floor":29},{"not_picked":["Feel No Pain+1","Headbutt","Pommel Strike"],"picked":"SKIP","floor":30},{"not_picked":["Burning Pact+1","Rampage"],"picked":"Iron Wave+1","floor":31},{"not_picked":["Dark Embrace","Exhume"],"picked":"Feed","floor":33},{"not_picked":["True Grit+1","Corruption"],"picked":"Power Through","floor":35},{"not_picked":["Perfected Strike","Havoc+1"],"picked":"Wild Strike+1","floor":36},{"not_picked":["Seeing Red","Heavy Blade","Body Slam"],"picked":"SKIP","floor":38},{"not_picked":["Clothesline+1","Pommel Strike+1"],"picked":"Whirlwind","floor":39},{"not_picked":["Shrug It Off","Fire Breathing"],"picked":"Thunderclap","floor":41},{"not_picked":["Headbutt","Anger"],"picked":"Power Through+1","floor":42},{"not_picked":["Headbutt+1","Juggernaut"],"picked":"Heavy Blade+1","floor":44},{"not_picked":["Anger","Warcry","Twin Strike+1"],"picked":"SKIP","floor":45},{"not_picked":["Flex+1","Iron Wave+1"],"picked":"Heavy Blade+1","floor":47},{"not_picked":["Body Slam+1","Armaments"],"picked":"Sever Soul+1","floor":48}],"player_experience":99977,"relics_obtained":[{"floor":6,"key":"Orichalcum"},{"floor":8,"key":"Pear"},{"floor":9,"key":"Bronze Scales"},{"floor":10,"key":"Girya"},{"floor":13,"key":"Happy Flower"},{"floor":23,"key":"Dodecahedron"},{"floor":26,"key":"Whetstone"},{"floor":27,"key":"Potion Belt"},{"floor":41,"key":"Boot"},{"floor":43,"key":"Mummified Hand"},{"floor":44,"key":"Blue Candle"}],"event_choices":[{"event_name":"Living Wall","player_choice":"Forget","floor":2,"damage_taken":0},{"event_name":"Shining Light","player_choice":"Entered Light","floor":4,"damage_taken":0},{"event_name":"World of Goop","player_choice":"Gather Gold","floor":14,"damage_taken":0},{"event_name":"Bonfire Elementals","player_choice":"RARE","floor":20,"damage_taken":0},{"event_name":"Transmorgrifier","player_choice":"Transform","floor":22,"damage_taken":0},{"event_name":"Tomb of Lord Red Mask","player_choice":"Paid","floor":37,"damage_taken":0}],"is_beta":false,"boss_relics":[{"not_picked":["Lizard Tail","Snecko Eye"],"picked":"Fusion Hammer"},{"not_picked":["Eternal Feather","Orrery"],"picked":"Black Blood"}],"items_purged_floors":[21],"is_endless":false,"potions_floor_spawned":[1,6,8,11,19,23,24,30,33,38,39,44,45,48],"ascension_level":2}