{"gold_per_floor":[119,269,288,288,17,43,43,72,72,99,99,109,141,57,57,130,130,144,47,62,81,81,115,115,125,177,177,177,212,212,241,241,314,314,325,282,298,116,129,162,192,219,219,254,284,284,284,302,302,302,302,302,302,33,64,64],"floor_reached":57,"playtime":3215,"items_purged":["Doubt","Parasite"],"score":3589,"play_id":"d3ab26ab-8c9d-4f8f-b502-fc8f932b872e","local_time":"20190126194820","daily_mods":["SealedDeck","DeadlyEvents","Elite Swarm"],"is_ascension_mode":true,"campfire_choices":[{"data":"Defragment","floor":7.0,"key":"SMITH"},{"data":"Fission","floor":11.0,"key":"SMITH"},{"data":"White Noise","floor":15.0,"key":"SMITH"},{"data":"Apotheosis","floor":24,"key":"SMITH"},{"data":"Defragment","floor":28,"key":"SMITH"},{"data":"Biased Cognition","floor":30,"key":"SMITH"},{"data":"Go for the Eyes","floor":32,"key":"SMITH"},{"data":"Fission","floor":46,"key":"SMITH"},{"floor":49,"key":"RECALL"},{"data":"Electrodynamics","floor":53,"key":"SMITH"}],"neow_cost":"","seed_source_timestamp":125008814491387,"circlet_count":0,"master_deck":["AscendersBane","Coolheaded","Chaos","Leap","Go for the Eyes+1","Compile Driver","Conserve Battery+1","Chill+1","Cold Snap+1","Defragment+1","Cold Snap","White Noise+1","Glacier","Rainbow+1","Fission+1","Echo Form","Biased Cognition+1","Defragment+1","Apotheosis+1","Electrodynamics+1","Force Field","Core Surge","Fission+1","Defragment+1","Leap","Core Surge+1"],"special_seed":0,"relics":["FrozenCore","Membership Card","Pear","Pantograph","Emotion Chip","DataDisk","Enchiridion","War Paint","Orichalcum","Nloth\u0027s Gift","Centennial Puzzle","FossilizedHelix","Philosopher\u0027s Stone","Bottled Tornado","WingedGreaves","Sundial","Molten Egg 2","Dodecahedron","Dream Catcher","Cables","DollysMirror","Art of War","Strawberry"],"potions_floor_usage":[23,56,56],"damage_taken":[{"damage":0.0,"enemies":"2 Louse","floor":1.0,"turns":2.0},{"damage":0.0,"enemies":"Small Slimes","floor":3.0,"turns":3.0},{"damage":3.0,"enemies":"3 Sentries","floor":6.0,"turns":17.0},{"damage":0.0,"enemies":"Lagavulin","floor":8.0,"turns":10.0},{"damage":0.0,"enemies":"Gremlin Nob","floor":10.0,"turns":5.0},{"damage":0.0,"enemies":"Cultist","floor":12.0,"turns":2.0},{"damage":0.0,"enemies":"3 Sentries","floor":13.0,"turns":11.0},{"damage":37.0,"enemies":"Hexaghost","floor":16.0,"turns":10.0},{"damage":0,"enemies":"Shell Parasite","floor":18,"turns":5},{"damage":1,"enemies":"2 Thieves","floor":20,"turns":4},{"damage":5,"enemies":"Shelled Parasite and Fungi","floor":21,"turns":6},{"damage":3,"enemies":"Gremlin Leader","floor":23,"turns":9},{"damage":0,"enemies":"3 Cultists","floor":25,"turns":6},{"damage":4,"enemies":"Slavers","floor":29,"turns":3},{"damage":0,"enemies":"Book of Stabbing","floor":31,"turns":7},{"damage":0,"enemies":"Champ","floor":33,"turns":11},{"damage":0,"enemies":"Orb Walker","floor":35,"turns":5},{"damage":0,"enemies":"3 Shapes","floor":37,"turns":3},{"damage":0,"enemies":"Maw","floor":39,"turns":6},{"damage":0,"enemies":"Nemesis","floor":40,"turns":9},{"damage":0,"enemies":"Giant Head","floor":41,"turns":6},{"damage":0,"enemies":"Reptomancer","floor":42,"turns":5},{"damage":0,"enemies":"Giant Head","floor":44,"turns":8},{"damage":0,"enemies":"Reptomancer","floor":45,"turns":4},{"damage":0,"enemies":"Writhing Mass","floor":48,"turns":3},{"damage":0,"enemies":"Donu and Deca","floor":50,"turns":9},{"damage":2,"enemies":"Awakened One","floor":51,"turns":12},{"damage":33,"enemies":"Shield and Spear","floor":55,"turns":3},{"damage":21,"enemies":"The Heart","floor":56,"turns":9}],"seed_played":"5857331650020071521","potions_obtained":[{"floor":1.0,"key":"Regen Potion"},{"floor":8.0,"key":"EssenceOfSteel"},{"floor":12.0,"key":"Poison Potion"},{"floor":18,"key":"SkillPotion"},{"floor":23,"key":"Regen Potion"},{"floor":33,"key":"Block Potion"},{"floor":45,"key":"FocusPotion"}],"is_trial":true,"path_per_floor":["M","?","M","?","$","E","R","E","T","E","R","M","E","$","R","B",null,"M","$","M","M","?","E","R","M","T","?","R","E","R","E","R","B",null,"M","$","M","$","M","E","E","E","T","E","E","R","$","M","R","B","B",null,"R","$","E","B",null],"character_chosen":"DEFECT","items_purchased":["Membership Card","Glacier","DataDisk","Apotheosis","Force Field","FocusPotion","Bottled Tornado","DollysMirror","Art of War","Leap"],"campfire_rested":0,"item_purchase_floors":[5,5,14,19,36,38,38,54,54,54],"current_hp_per_floor":[64,64,64,43,43,65,65,65,65,65,65,65,65,65,65,44,72,72,72,71,66,45,42,42,42,42,42,42,38,38,38,38,63,77,77,77,77,77,77,77,77,77,77,77,77,77,77,77,77,81,79,81,81,78,52,56],"gold":64,"neow_bonus":"","is_prod":false,"is_daily":false,"chose_seed":false,"campfire_upgraded":9,"win_rate":0,"timestamp":1548560900,"path_taken":["M","?","M","?","$","E","R","E","T","E","R","M","E","$","R","BOSS","M","$","M","M","?","E","R","M","T","?","R","E","R","E","R","BOSS","M","$","M","$","M","E","E","E","T","E","E","R","$","M","R","BOSS","BOSS","R","$","E","BOSS"],"build_version":"2019-01-23","purchased_purges":2,"victory":true,"max_hp_per_floor":[71,71,71,71,71,81,81,81,81,81,81,81,81,81,81,81,81,81,81,81,81,81,81,81,81,81,81,81,81,81,81,81,81,81,81,81,81,81,81,81,81,81,81,81,81,81,81,81,81,81,81,81,81,78,85,85],"card_choices":[{"not_picked":["Reprogram","Tempest","Storm"],"picked":"SKIP","floor":1.0},{"not_picked":["Go for the Eyes","Gash"],"picked":"White Noise","floor":3.0},{"not_picked":["Buffer","Meteor Strike"],"picked":"Rainbow","floor":6.0},{"not_picked":["All For One","Biased Cognition"],"picked":"Fission","floor":8.0},{"not_picked":["All For One","Seek","Rainbow"],"picked":"SKIP","floor":10.0},{"not_picked":["BootSequence","Streamline","Hologram"],"picked":"SKIP","floor":12.0},{"not_picked":["Seek","Creative AI"],"picked":"Echo Form","floor":13.0},{"not_picked":["Amplify","Core Surge"],"picked":"Biased Cognition","floor":16.0},{"not_picked":["Skim","Coolheaded"],"picked":"Defragment","floor":18},{"not_picked":["Storm","Cold Snap","Rebound"],"picked":"SKIP","floor":20},{"not_picked":["Conserve Battery","Hologram","Go for the Eyes"],"picked":"SKIP","floor":21},{"not_picked":["Echo Form","Rainbow","Creative AI"],"picked":"SKIP","floor":23},{"not_picked":["Hologram","Go for the Eyes","Steam"],"picked":"SKIP","floor":25},{"not_picked":["Creative AI","Multi-Cast","Rainbow"],"picked":"SKIP","floor":29},{"not_picked":["Biased Cognition","Echo Form"],"picked":"Electrodynamics","floor":31},{"not_picked":["Tempest","Streamline","Gash+1"],"picked":"SKIP","floor":35},{"not_picked":["Conserve Battery","Ball Lightning","Redo"],"picked":"SKIP","floor":37},{"not_picked":["Beam Cell+1","Leap+1","Go for the Eyes"],"picked":"SKIP","floor":39},{"not_picked":["Rainbow","Multi-Cast","Meteor Strike"],"picked":"SKIP","floor":40},{"not_picked":["Reboot","Amplify"],"picked":"Core Surge","floor":41},{"not_picked":["Biased Cognition","Rainbow"],"picked":"Fission","floor":42},{"not_picked":["Fission","Electrodynamics","Amplify"],"picked":"SKIP","floor":44},{"not_picked":["Echo Form","Buffer","Rainbow"],"picked":"SKIP","floor":45},{"not_picked":["Fusion","Conserve Battery","Leap+1"],"picked":"SKIP","floor":48},{"not_picked":["Rainbow","Multi-Cast"],"picked":"Core Surge+1","floor":55}],"player_experience":2074406,"relics_obtained":[{"floor":6.0,"key":"Pear"},{"floor":8.0,"key":"Pantograph"},{"floor":10.0,"key":"Emotion Chip"},{"floor":13.0,"key":"Ornamental Fan"},{"floor":22,"key":"Enchiridion"},{"floor":23,"key":"War Paint"},{"floor":26,"key":"Orichalcum"},{"floor":29,"key":"Centennial Puzzle"},{"floor":31,"key":"FossilizedHelix"},{"floor":40,"key":"WingedGreaves"},{"floor":41,"key":"Sundial"},{"floor":42,"key":"Molten Egg 2"},{"floor":43,"key":"Dodecahedron"},{"floor":44,"key":"Dream Catcher"},{"floor":45,"key":"Cables"},{"floor":55,"key":"Strawberry"}],"event_choices":[{"damage_healed":0.0,"max_hp_gain":0.0,"max_hp_loss":0.0,"gold_gain":150.0,"event_name":"Liars Game","player_choice":"AGREE","floor":2.0,"gold_loss":0.0,"damage_taken":0.0,"cards_obtained":["Doubt"]},{"damage_healed":0.0,"max_hp_gain":0.0,"max_hp_loss":0.0,"gold_gain":0.0,"event_name":"Shining Light","player_choice":"Entered Light","floor":4.0,"gold_loss":0.0,"damage_taken":21.0,"cards_upgraded":["Cold Snap","Chill"]},{"damage_healed":0,"gold_gain":0,"player_choice":"Obtained Book","damage_taken":21,"max_hp_gain":0,"max_hp_loss":0,"event_name":"Cursed Tome","floor":22,"gold_loss":0},{"damage_healed":0,"gold_gain":0,"player_choice":"Traded Relic","damage_taken":0,"relics_obtained":["Nloth\u0027s Gift"],"max_hp_gain":0,"max_hp_loss":0,"event_name":"N\u0027loth","floor":27,"relics_lost":["Ornamental Fan"],"gold_loss":0}],"is_beta":false,"boss_relics":[{"not_picked":["Orrery","Calling Bell"],"picked":"FrozenCore"},{"not_picked":["Astrolabe","Eternal Feather"],"picked":"Philosopher\u0027s Stone"}],"items_purged_floors":[5,54],"is_endless":false,"potions_floor_spawned":[1,8,12,18,23,29,33,40,41,42,45,48],"ascension_level":20}