{"gold_per_floor":[111,122,46,61,136,161,161,178,178,195,228,243,257,432,432,432],"floor_reached":16,"playtime":676,"items_purged":[],"score":114,"play_id":"8a698762-b454-4c4f-854b-311d4cdecfa8","local_time":"20181115013727","is_ascension_mode":false,"campfire_choices":[{"data":"Deep Breath","floor":7,"key":"SMITH"},{"data":"Metallicize","floor":15,"key":"SMITH"}],"neow_cost":"NONE","seed_source_timestamp":64114578309607,"circlet_count":0,"master_deck":["Strike_R","Strike_R","Strike_R","Strike_R","Strike_R","Defend_R","Defend_R","Defend_R","Defend_R","Bash","Deep Breath+1","Warcry","Metallicize+1","Clash","Offering","Shrug It Off","Ghostly Armor","Infernal Blade","Warcry","Doubt"],"relics":["Burning Blood","Ornamental Fan","Paper Frog","PreservedInsect"],"potions_floor_usage":[6,16,16,16],"damage_taken":[{"damage":3,"enemies":"Small Slimes","floor":1,"turns":4},{"damage":5,"enemies":"2 Louse","floor":2,"turns":3},{"damage":3,"enemies":"Cultist","floor":4,"turns":3},{"damage":25,"enemies":"Lagavulin","floor":6,"turns":6},{"damage":7,"enemies":"Exordium Thugs","floor":8,"turns":4},{"damage":6,"enemies":"2 Fungi Beasts","floor":10,"turns":4},{"damage":30,"enemies":"3 Sentries","floor":11,"turns":14},{"damage":0,"enemies":"Blue Slaver","floor":12,"turns":6},{"damage":8,"enemies":"Large Slime","floor":13,"turns":9},{"damage":36,"enemies":"Slime Boss","floor":16,"turns":9}],"seed_played":"7357401150540416174","potions_obtained":[{"floor":1,"key":"SpeedPotion"},{"floor":4,"key":"Strength Potion"},{"floor":6,"key":"SteroidPotion"},{"floor":13,"key":"SpeedPotion"}],"is_trial":false,"path_per_floor":["M","M","$","M","?","E","R","M","T","M","E","M","M","?","R","B"],"character_chosen":"IRONCLAD","items_purchased":["Metallicize"],"campfire_rested":0,"item_purchase_floors":[3],"current_hp_per_floor":[80,80,80,80,69,50,50,49,49,49,25,31,29,29,29,0],"gold":432,"neow_bonus":"RANDOM_COLORLESS","is_prod":false,"is_daily":false,"chose_seed":false,"campfire_upgraded":2,"win_rate":0,"timestamp":1542242247,"path_taken":["M","M","$","M","?","E","R","M","T","M","E","M","M","?","R","BOSS"],"build_version":"2018-11-08","purchased_purges":0,"victory":false,"max_hp_per_floor":[80,80,80,80,80,80,80,80,80,80,80,80,80,80,80,80],"card_choices":[{"not_picked":["Shrug It Off","Wild Strike"],"picked":"Warcry","floor":1},{"not_picked":["Intimidate","Headbutt","Uppercut"],"picked":"SKIP","floor":2},{"not_picked":["Reckless Charge","Body Slam"],"picked":"Clash","floor":4},{"not_picked":["Wild Strike","Searing Blow"],"picked":"Offering","floor":6},{"not_picked":["Combust","Iron Wave"],"picked":"Shrug It Off","floor":8},{"not_picked":["Thunderclap","Twin Strike"],"picked":"Ghostly Armor","floor":10},{"not_picked":["Clothesline","Wild Strike"],"picked":"Infernal Blade","floor":11},{"not_picked":["Wild Strike","Headbutt"],"picked":"Warcry","floor":12},{"not_picked":["Clash","Twin Strike","Warcry"],"picked":"SKIP","floor":13}],"player_experience":334815,"relics_obtained":[{"floor":6,"key":"Ornamental Fan"},{"floor":9,"key":"Paper Frog"},{"floor":11,"key":"PreservedInsect"}],"event_choices":[{"damage_healed":0,"gold_gain":75,"player_choice":"Gather Gold","damage_taken":11,"max_hp_gain":0,"max_hp_loss":0,"event_name":"World of Goop","floor":5,"gold_loss":0},{"damage_healed":0,"gold_gain":175,"player_choice":"AGREE","damage_taken":0,"max_hp_gain":0,"max_hp_loss":0,"event_name":"Liars Game","floor":14,"gold_loss":0,"cards_obtained":["Doubt"]}],"is_beta":false,"boss_relics":[],"items_purged_floors":[],"is_endless":false,"potions_floor_spawned":[1,4,6,13],"killed_by":"Slime Boss","ascension_level":0}