{"gold_per_floor":[119,119,137,151,151,151,169,185,209,209,159,170,170,189,189,285,285],"floor_reached":17,"playtime":353,"items_purged":[],"score":149,"play_id":"b4b2f331-89a2-491b-ba28-e649e2ce674e","local_time":"20181216132438","is_ascension_mode":false,"campfire_choices":[{"data":"Searing Blow","floor":6.0,"key":"SMITH"},{"data":"Searing Blow+1","floor":13.0,"key":"SMITH"},{"floor":15.0,"key":"REST"}],"neow_cost":"NONE","seed_source_timestamp":17958867669101,"circlet_count":0,"master_deck":["Strike_R","Strike_R","Strike_R","Strike_R","Defend_R","Defend_R","Defend_R","Defend_R","Bash","Searing Blow+2","Shrug It Off","Headbutt","Havoc","Bludgeon"],"special_seed":0,"relics":["Black Star","Orrery"],"potions_floor_usage":[16,16],"damage_taken":[{"damage":0.0,"enemies":"Small Slimes","floor":1.0,"turns":3.0},{"damage":14.0,"enemies":"Jaw Worm","floor":3.0,"turns":4.0},{"damage":1.0,"enemies":"Cultist","floor":4.0,"turns":4.0},{"damage":16.0,"enemies":"Lots of Slimes","floor":7.0,"turns":4.0},{"damage":7.0,"enemies":"3 Louse","floor":8.0,"turns":2.0},{"damage":8.0,"enemies":"Large Slime","floor":12.0,"turns":6.0},{"damage":32.0,"enemies":"Exordium Wildlife","floor":14.0,"turns":5.0},{"damage":16,"enemies":"Slime Boss","floor":16,"turns":7}],"seed_played":"-6509932444172165169","potions_obtained":[{"floor":1.0,"key":"Weak Potion"},{"floor":4.0,"key":"FearPotion"},{"floor":7.0,"key":"Strength Potion"},{"floor":14.0,"key":"AttackPotion"},{"floor":16,"key":"Energy Potion"}],"is_trial":false,"path_per_floor":["M","?","M","M","T","R","M","M","T","$","?","M","R","M","R","B",null],"character_chosen":"IRONCLAD","items_purchased":[],"campfire_rested":1,"item_purchase_floors":[],"current_hp_per_floor":[80,80,66,65,65,65,49,42,42,42,42,34,34,2,26,10,10],"gold":285,"neow_bonus":"BOSS_RELIC","is_prod":false,"is_daily":false,"chose_seed":false,"campfire_upgraded":2,"win_rate":0,"timestamp":1544995478,"path_taken":["M","?","M","M","?","R","M","M","T","?","?","?","R","M","R","BOSS"],"build_version":"2018-12-13","purchased_purges":0,"victory":false,"max_hp_per_floor":[80,80,80,80,80,80,80,80,80,80,80,80,80,80,80,80,80],"card_choices":[{"not_picked":["Evolve","Cleave"],"picked":"Searing Blow","floor":1.0},{"not_picked":["Perfected Strike","Cleave"],"picked":"Shrug It Off","floor":3.0},{"not_picked":["Body Slam","Barricade"],"picked":"Headbutt","floor":4.0},{"not_picked":["Warcry","Searing Blow"],"picked":"Havoc","floor":7.0},{"not_picked":["Pommel Strike","Sword Boomerang","Body Slam"],"picked":"SKIP","floor":8.0},{"not_picked":["Flex","Rupture","Wild Strike"],"picked":"SKIP","floor":12.0},{"not_picked":["Clothesline","Metallicize","Thunderclap"],"picked":"SKIP","floor":14.0},{"not_picked":["Feed","Exhume"],"picked":"Bludgeon","floor":16}],"player_experience":1828647,"relics_obtained":[],"event_choices":[{"damage_healed":0.0,"max_hp_gain":0.0,"max_hp_loss":0.0,"gold_gain":0.0,"event_name":"Liars Game","player_choice":"Ignored","floor":2.0,"gold_loss":0.0,"damage_taken":0.0},{"cards_removed":["Strike_R"],"damage_healed":0.0,"max_hp_gain":0.0,"max_hp_loss":0.0,"gold_gain":0.0,"event_name":"The Cleric","player_choice":"Card Removal","floor":11.0,"gold_loss":50.0,"damage_taken":0.0}],"is_beta":false,"boss_relics":[{"not_picked":["Pandora\u0027s Box","Sozu"],"picked":"Orrery"}],"items_purged_floors":[],"is_endless":false,"potions_floor_spawned":[1,4,7,14,16],"ascension_level":0}