{"gold_per_floor":[109,119,119,20,40,40,67,67,94,113,147,166,166,194,194,266,266,277,76,76,93,112,112,144,158,184,195,195,254,254,254,254,332,332,347,194,210,225,225,225,253,265,277,322,434,474,496,519,531,543],"floor_reached":51,"playtime":2151,"items_purged":["Strike_R","Strike_R"],"score":1535,"play_id":"f204887d-de8d-44f8-b129-d9cca6b6d93b","local_time":"20190406205454","is_ascension_mode":true,"campfire_choices":[{"data":"Bash","floor":6,"key":"SMITH"},{"data":"Inflame","floor":8,"key":"SMITH"},{"data":"Armaments","floor":13,"key":"SMITH"},{"data":"Metallicize","floor":15,"key":"SMITH"},{"data":"Limit Break","floor":23,"key":"SMITH"},{"floor":28,"key":"REST"},{"floor":32,"key":"REST"},{"floor":40,"key":"REST"},{"data":"Spot Weakness","floor":42,"key":"SMITH"},{"data":"Dual Wield","floor":49,"key":"SMITH"}],"neow_cost":"NONE","seed_source_timestamp":136815942792307,"circlet_count":0,"master_deck":["AscendersBane","Strike_R","Strike_R","Strike_R","Defend_R","Defend_R","Defend_R","Defend_R+1","Bash+1","Inflame+1","Headbutt","Metallicize+1","Armaments+1","Clothesline","Sword Boomerang","Offering","Pommel Strike","Limit Break+1","Corruption","Shockwave+1","Havoc","Spot Weakness+1","Iron Wave","Shrug It Off","Shrug It Off","Battle Trance","Anger","Flame Barrier","Decay","Sword Boomerang","Impervious","Shrug It Off","Flame Barrier","Dual Wield+1","Shrug It Off","Feel No Pain+1"],"relics":["Burning Blood","Red Skull","Bottled Tornado","Dream Catcher","Mercury Hourglass","Unceasing Top","Sozu","Paper Frog","War Paint","Tiny Chest","Snecko Eye","MawBank","Mummified Hand","Gambling Chip","Thread and Needle","Shovel"],"potions_floor_usage":[11,14,33],"damage_taken":[{"damage":4,"enemies":"Jaw Worm","floor":1,"turns":4},{"damage":6,"enemies":"Cultist","floor":2,"turns":3},{"damage":2,"enemies":"2 Louse","floor":5,"turns":3},{"damage":18,"enemies":"Lagavulin","floor":7,"turns":10},{"damage":5,"enemies":"Large Slime","floor":10,"turns":6},{"damage":16,"enemies":"3 Sentries","floor":11,"turns":12},{"damage":1,"enemies":"3 Louse","floor":12,"turns":2},{"damage":6,"enemies":"Gremlin Nob","floor":14,"turns":2},{"damage":28,"enemies":"The Guardian","floor":16,"turns":9},{"damage":21,"enemies":"2 Thieves","floor":18,"turns":3},{"damage":1,"enemies":"Spheric Guardian","floor":21,"turns":3},{"damage":1,"enemies":"Snecko","floor":22,"turns":4},{"damage":47,"enemies":"Slavers","floor":24,"turns":4},{"damage":13,"enemies":"Chosen and Byrds","floor":25,"turns":3},{"damage":3,"enemies":"Sentry and Sphere","floor":27,"turns":3},{"damage":28,"enemies":"Gremlin Leader","floor":29,"turns":5},{"damage":13,"enemies":"Champ","floor":33,"turns":6},{"damage":3,"enemies":"3 Shapes","floor":35,"turns":5},{"damage":33,"enemies":"3 Darklings","floor":37,"turns":6},{"damage":14,"enemies":"4 Shapes","floor":38,"turns":6},{"damage":7,"enemies":"Reptomancer","floor":41,"turns":4},{"damage":0,"enemies":"Giant Head","floor":44,"turns":5},{"damage":0,"enemies":"Mind Bloom Boss Battle","floor":45,"turns":5},{"damage":6,"enemies":"Reptomancer","floor":46,"turns":4},{"damage":7,"enemies":"Maw","floor":47,"turns":6},{"damage":0,"enemies":"Transient","floor":48,"turns":5},{"damage":26,"enemies":"Awakened One","floor":50,"turns":8}],"seed_played":"-288049858855043286","potions_obtained":[{"floor":1,"key":"GamblersBrew"},{"floor":7,"key":"FearPotion"},{"floor":10,"key":"EssenceOfSteel"},{"floor":14,"key":"GamblersBrew"},{"floor":16,"key":"Dexterity Potion"}],"is_trial":false,"path_per_floor":["M","M","?","$","M","R","E","R","T","M","E","M","R","E","R","B",null,"M","$","?","M","M","R","E","M","T","M","R","E","?","?","R","B",null,"M","$","M","M","?","R","E","R","T","E","?","E","M","M","R","B",null],"character_chosen":"IRONCLAD","items_purchased":["Metallicize","Armaments","Shockwave","Havoc","Shrug It Off"],"campfire_rested":3,"item_purchase_floors":[4,4,19,19,36],"current_hp_per_floor":[77,77,77,77,81,81,69,69,69,70,60,65,65,65,65,43,72,57,57,57,62,67,67,26,19,19,22,46,24,24,24,48,41,72,75,75,48,40,40,64,63,63,63,69,75,75,74,80,80,60],"gold":555,"neow_bonus":"TEN_PERCENT_HP_BONUS","is_prod":false,"is_daily":false,"chose_seed":false,"campfire_upgraded":7,"win_rate":0,"timestamp":1554609294,"path_taken":["M","M","?","?","M","R","E","R","T","M","E","?","R","E","R","BOSS","M","$","?","M","M","R","E","M","T","M","R","E","?","?","R","BOSS","M","$","M","M","?","R","E","R","T","E","?","E","M","M","R","BOSS"],"build_version":"2019-01-23","purchased_purges":2,"victory":true,"max_hp_per_floor":[82,82,82,82,82,82,82,82,82,82,82,82,82,82,82,82,82,82,82,82,82,82,82,82,82,82,82,82,82,82,82,82,82,82,82,82,82,82,82,82,82,82,82,82,82,82,82,82,82,82],"card_choices":[{"not_picked":["Whirlwind","Intimidate"],"picked":"Inflame","floor":1},{"not_picked":["Wild Strike","Combust"],"picked":"Headbutt","floor":2},{"not_picked":["Wild Strike","Armaments"],"picked":"Clothesline","floor":5},{"not_picked":["Perfected Strike","Reckless Charge","Combust"],"picked":"SKIP","floor":7},{"not_picked":["Anger","Carnage"],"picked":"Sword Boomerang","floor":10},{"not_picked":["Wild Strike","Pommel Strike"],"picked":"Offering","floor":11},{"not_picked":["Sentinel","Perfected Strike","Metallicize"],"picked":"SKIP","floor":12},{"not_picked":["Havoc","Clash"],"picked":"Pommel Strike","floor":14},{"not_picked":["Fiend Fire","Exhume"],"picked":"Limit Break","floor":16},{"not_picked":["Pummel","Bloodletting"],"picked":"Corruption","floor":18},{"not_picked":["Wild Strike","Flex"],"picked":"Iron Wave","floor":21},{"not_picked":["Sentinel","Body Slam"],"picked":"Shrug It Off","floor":22},{"not_picked":["Rampage","True Grit"],"picked":"Shrug It Off","floor":24},{"not_picked":["Rupture+1","Uppercut"],"picked":"Battle Trance","floor":25},{"not_picked":["Clothesline","Carnage","Dropkick"],"picked":"SKIP","floor":27},{"not_picked":["Cleave+1","Searing Blow"],"picked":"Anger","floor":28},{"not_picked":["Flex","Sword Boomerang"],"picked":"Flame Barrier","floor":29},{"not_picked":["Seeing Red","Rupture"],"picked":"Sword Boomerang","floor":32},{"not_picked":["Brutality","Dark Embrace"],"picked":"Impervious","floor":33},{"not_picked":["Havoc","Perfected Strike","Anger"],"picked":"SKIP","floor":35},{"not_picked":["Body Slam+1","Havoc"],"picked":"Flame Barrier","floor":37},{"not_picked":["Body Slam","Carnage+1"],"picked":"Dual Wield","floor":38},{"not_picked":["Carnage","Entrench+1"],"picked":"Shrug It Off","floor":41},{"not_picked":["Power Through","Twin Strike+1","Clash"],"picked":"SKIP","floor":44},{"not_picked":["True Grit","Fire Breathing+1","Dark Embrace"],"picked":"SKIP","floor":46},{"not_picked":["Perfected Strike","Warcry","Evolve"],"picked":"SKIP","floor":47},{"not_picked":["Cleave+1","Dual Wield"],"picked":"Feel No Pain+1","floor":48}],"player_experience":2420702,"relics_obtained":[{"floor":3,"key":"Red Skull"},{"floor":7,"key":"Bottled Tornado"},{"floor":9,"key":"Dream Catcher"},{"floor":11,"key":"Mercury Hourglass"},{"floor":14,"key":"Unceasing Top"},{"floor":24,"key":"Paper Frog"},{"floor":26,"key":"War Paint"},{"floor":29,"key":"Tiny Chest"},{"floor":41,"key":"MawBank"},{"floor":43,"key":"Mummified Hand"},{"floor":44,"key":"Gambling Chip"},{"floor":45,"key":"Thread and Needle"},{"floor":46,"key":"Shovel"}],"event_choices":[{"damage_healed":0,"gold_gain":0,"player_choice":"Relic","damage_taken":0,"max_hp_gain":0,"max_hp_loss":0,"event_name":"Wheel of Change","floor":3,"gold_loss":0},{"damage_healed":0,"gold_gain":0,"player_choice":"Read","damage_taken":0,"max_hp_gain":0,"max_hp_loss":0,"event_name":"The Library","floor":20,"gold_loss":0,"cards_obtained":["Spot Weakness"]},{"damage_healed":0,"gold_gain":0,"player_choice":"Smashed Altar","damage_taken":0,"max_hp_gain":0,"max_hp_loss":0,"event_name":"Forgotten Altar","floor":30,"gold_loss":0,"cards_obtained":["Decay"]},{"damage_healed":0,"gold_gain":0,"player_choice":"Ignored","damage_taken":0,"max_hp_gain":0,"max_hp_loss":0,"event_name":"The Mausoleum","floor":31,"gold_loss":0},{"damage_healed":0,"gold_gain":0,"player_choice":"Ignored","damage_taken":0,"max_hp_gain":0,"max_hp_loss":0,"event_name":"Tomb of Lord Red Mask","floor":39,"gold_loss":0},{"damage_healed":0,"gold_gain":0,"player_choice":"Fight","damage_taken":0,"max_hp_gain":0,"max_hp_loss":0,"event_name":"MindBloom","floor":45,"gold_loss":0}],"is_beta":false,"boss_relics":[{"not_picked":["Empty Cage","Busted Crown"],"picked":"Sozu"},{"not_picked":["Cursed Key","Mark of Pain"],"picked":"Snecko Eye"}],"items_purged_floors":[19,36],"is_endless":false,"potions_floor_spawned":[1,7,10,14,16,18,25,27,33,35,38,45,46,47],"ascension_level":15}