{"gold_per_floor":[119,119,61,136,149,149,180,180,227,247,259,259,273,292,292,369,369,380,380,393,411,122,153,153,165,165,165,183,183,197,118,118,193,193,209,259,5,56,68,68,68,84,130,158,158,0,0,30,30,30],"floor_reached":50,"playtime":1673,"items_purged":["Shame"],"score":1033,"play_id":"d0dcfc2b-525a-4b78-b1e7-40763ad72b1c","local_time":"20181230225619","is_ascension_mode":true,"campfire_choices":[{"data":"Perfected Strike","floor":6,"key":"SMITH"},{"data":"Perfected Strike","floor":8,"key":"SMITH"},{"data":"Bash","floor":12,"key":"SMITH"},{"data":"Metallicize","floor":15,"key":"SMITH"},{"data":"Brutality","floor":24,"key":"SMITH"},{"data":"Shrug It Off","floor":27,"key":"SMITH"},{"data":"Ghostly Armor","floor":29,"key":"SMITH"},{"data":"Immolate","floor":32,"key":"SMITH"},{"floor":40,"key":"REST"},{"floor":45,"key":"REST"},{"floor":49,"key":"REST"}],"neow_cost":"NONE","seed_source_timestamp":847678124578401,"circlet_count":0,"master_deck":["AscendersBane","Strike_R","Strike_R","Strike_R","Strike_R","Strike_R","Defend_R+1","Defend_R+1","Defend_R","Bash+1","Metallicize+1","Perfected Strike+1","Headbutt","Perfected Strike+1","Twin Strike","Twin Strike","Shrug It Off+1","Ghostly Armor+1","Brutality+1","Pommel Strike","Twin Strike","Wild Strike","Wild Strike","Pommel Strike","Battle Trance","Immolate+1","Battle Trance","Evolve","Battle Trance","Battle Trance"],"relics":["Burning Blood","NeowsBlessing","Potion Belt","Vajra","Snecko Eye","Nunchaku","Ancient Tea Set","Dodecahedron","Bottled Lightning","Busted Crown","Bronze Scales","Regal Pillow","Dream Catcher","Bag of Preparation","Red Mask","Dead Branch"],"potions_floor_usage":[16,21,23,30,33,44,50],"damage_taken":[{"damage":0,"enemies":"Small Slimes","floor":1,"turns":1},{"damage":0,"enemies":"2 Louse","floor":5,"turns":1},{"damage":0,"enemies":"3 Sentries","floor":7,"turns":2},{"damage":0,"enemies":"Cultist","floor":10,"turns":2},{"damage":20,"enemies":"Exordium Thugs","floor":11,"turns":3},{"damage":3,"enemies":"Blue Slaver","floor":13,"turns":2},{"damage":8,"enemies":"Looter","floor":14,"turns":3},{"damage":33,"enemies":"The Guardian","floor":16,"turns":11},{"damage":14,"enemies":"2 Thieves","floor":18,"turns":3},{"damage":3,"enemies":"Shell Parasite","floor":20,"turns":2},{"damage":0,"enemies":"Cultist and Chosen","floor":21,"turns":3},{"damage":15,"enemies":"Book of Stabbing","floor":23,"turns":3},{"damage":2,"enemies":"3 Cultists","floor":25,"turns":3},{"damage":2,"enemies":"Centurion and Healer","floor":28,"turns":3},{"damage":0,"enemies":"Snecko","floor":30,"turns":2},{"damage":60,"enemies":"Automaton","floor":33,"turns":9},{"damage":22,"enemies":"3 Shapes","floor":35,"turns":2},{"damage":5,"enemies":"Orb Walker","floor":39,"turns":1},{"damage":0,"enemies":"Writhing Mass","floor":42,"turns":2},{"damage":45,"enemies":"Giant Head","floor":44,"turns":6},{"damage":18,"enemies":"Reptomancer","floor":48,"turns":4},{"damage":74,"enemies":"Time Eater","floor":50,"turns":5}],"seed_played":"6122954646797969760","potions_obtained":[{"floor":1,"key":"BloodPotion"},{"floor":10,"key":"Explosive Potion"},{"floor":14,"key":"Explosive Potion"},{"floor":16,"key":"SkillPotion"},{"floor":20,"key":"AttackPotion"},{"floor":25,"key":"SkillPotion"},{"floor":30,"key":"Poison Potion"},{"floor":39,"key":"Explosive Potion"},{"floor":44,"key":"Fire Potion"}],"is_trial":false,"path_per_floor":["M","?","$","?","M","R","E","R","T","M","M","R","M","M","R","B",null,"M","?","M","M","$","E","R","M","T","R","M","R","M","$","R","B",null,"M","?","$","T","M","R","?","M","T","E","R","?","?","E","R","B"],"character_chosen":"IRONCLAD","items_purchased":["Perfected Strike","Ancient Tea Set","Twin Strike","Immolate","Bronze Scales","Evolve"],"campfire_rested":3,"item_purchase_floors":[3,22,22,31,37,37],"current_hp_per_floor":[74,51,51,40,46,46,52,52,52,58,44,44,47,45,45,18,61,53,53,56,69,69,60,60,64,64,64,68,68,74,74,74,20,61,45,38,38,38,39,75,71,71,71,32,68,68,68,56,71,0],"gold":30,"neow_bonus":"THREE_ENEMY_KILL","is_prod":false,"is_daily":false,"chose_seed":false,"campfire_upgraded":8,"win_rate":0,"timestamp":1546206979,"path_taken":["M","?","$","?","M","R","E","R","T","M","M","R","M","M","R","BOSS","M","?","M","M","$","E","R","M","T","R","M","R","M","$","R","BOSS","M","?","$","?","?","R","?","M","T","E","R","?","?","E","R","BOSS"],"build_version":"2018-12-20","purchased_purges":1,"victory":false,"max_hp_per_floor":[75,75,75,75,75,75,75,75,75,75,75,75,75,75,75,75,75,75,75,75,75,75,75,75,75,75,75,75,75,75,75,75,75,75,75,75,75,75,75,75,71,71,71,71,71,71,71,71,71,71],"card_choices":[{"not_picked":["Flame Barrier","Pummel"],"picked":"Metallicize","floor":1},{"not_picked":["Hemokinesis","Bloodletting"],"picked":"Headbutt","floor":5},{"not_picked":["Warcry","Twin Strike"],"picked":"Perfected Strike","floor":7},{"not_picked":["Clash","Warcry"],"picked":"Twin Strike","floor":10},{"not_picked":["Warcry","Feel No Pain"],"picked":"Twin Strike","floor":11},{"not_picked":["Rupture","Inflame"],"picked":"Shrug It Off","floor":13},{"not_picked":["Rampage","Warcry"],"picked":"Ghostly Armor","floor":14},{"not_picked":["Demon Form","Fiend Fire"],"picked":"Brutality","floor":16},{"not_picked":["Anger","Wild Strike"],"picked":"Pommel Strike","floor":18},{"not_picked":["Burning Pact","Headbutt","Dropkick"],"picked":"SKIP","floor":20},{"not_picked":["Rage","Anger","Sword Boomerang"],"picked":"SKIP","floor":21},{"not_picked":["Spot Weakness","Barricade"],"picked":"Wild Strike","floor":23},{"not_picked":["Body Slam","Armaments"],"picked":"Wild Strike","floor":25},{"not_picked":["Whirlwind","True Grit"],"picked":"Pommel Strike","floor":28},{"not_picked":["Shrug It Off","Limit Break"],"picked":"Battle Trance","floor":30},{"not_picked":[],"picked":"Battle Trance","floor":35},{"not_picked":["Infernal Blade"],"picked":"SKIP","floor":39},{"not_picked":[],"picked":"Battle Trance","floor":42},{"not_picked":[],"picked":"Battle Trance","floor":44},{"not_picked":["Uppercut"],"picked":"SKIP","floor":48}],"player_experience":387319,"relics_obtained":[{"floor":7,"key":"Potion Belt"},{"floor":9,"key":"Vajra"},{"floor":23,"key":"Dodecahedron"},{"floor":26,"key":"Bottled Lightning"},{"floor":38,"key":"Regal Pillow"},{"floor":43,"key":"Dream Catcher"},{"floor":44,"key":"Bag of Preparation"},{"floor":48,"key":"Dead Branch"}],"event_choices":[{"damage_healed":0,"gold_gain":0,"player_choice":"Entered Light","damage_taken":23,"max_hp_gain":0,"max_hp_loss":0,"event_name":"Shining Light","floor":2,"gold_loss":0,"cards_upgraded":["Defend_R","Defend_R"]},{"damage_healed":0,"gold_gain":75,"player_choice":"Gather Gold","damage_taken":11,"max_hp_gain":0,"max_hp_loss":0,"event_name":"World of Goop","floor":4,"gold_loss":0},{"damage_healed":0,"gold_gain":0,"player_choice":"Stole Relic","damage_taken":0,"relics_obtained":["Nunchaku"],"max_hp_gain":0,"max_hp_loss":0,"event_name":"Addict","floor":19,"gold_loss":0,"cards_obtained":["Shame"]},{"damage_healed":0,"gold_gain":50,"player_choice":"Touch","damage_taken":7,"max_hp_gain":0,"max_hp_loss":0,"event_name":"FaceTrader","floor":36,"gold_loss":0},{"damage_healed":0,"gold_gain":0,"player_choice":"Max HP","damage_taken":0,"max_hp_gain":0,"max_hp_loss":4,"event_name":"Winding Halls","floor":41,"gold_loss":0},{"damage_healed":0,"gold_gain":0,"player_choice":"Paid","damage_taken":0,"relics_obtained":["Red Mask"],"max_hp_gain":0,"max_hp_loss":0,"event_name":"Tomb of Lord Red Mask","floor":46,"gold_loss":158},{"cards_removed":["Defend_R"],"damage_healed":0,"gold_gain":0,"player_choice":"Removed Skill","damage_taken":0,"max_hp_gain":0,"max_hp_loss":0,"event_name":"Falling","floor":47,"gold_loss":0}],"is_beta":false,"boss_relics":[{"not_picked":["Black Star","Empty Cage"],"picked":"Snecko Eye"},{"not_picked":["Coffee Dripper","Runic Dome"],"picked":"Busted Crown"}],"items_purged_floors":[22],"is_endless":false,"potions_floor_spawned":[1,10,14,16,20,25,30,39,44],"killed_by":"Time Eater","ascension_level":17}