{"gold_per_floor":[117,267,280,299,62,62,90,43,43,43],"floor_reached":10,"playtime":357,"items_purged":["Doubt"],"score":136,"play_id":"080b6e9d-9159-435a-b30f-bc3bf2552c72","local_time":"20181223220051","is_ascension_mode":true,"campfire_choices":[{"data":"Dagger Throw","floor":6,"key":"SMITH"}],"neow_cost":"NONE","seed_source_timestamp":4922308652614,"circlet_count":0,"master_deck":["AscendersBane","Defend_G","Defend_G","Defend_G","Defend_G","Defend_G","Strike_G","Strike_G","Strike_G","Strike_G","Strike_G","Survivor","Neutralize","Dagger Throw+1","Infinite Blades","Noxious Fumes","Backflip"],"relics":["Ring of the Snake","NeowsBlessing","Oddly Smooth Stone","Meat on the Bone","Bottled Lightning"],"potions_floor_usage":[7,8],"damage_taken":[{"damage":0,"enemies":"2 Louse","floor":1,"turns":1},{"damage":0,"enemies":"Jaw Worm","floor":3,"turns":1},{"damage":0,"enemies":"Cultist","floor":4,"turns":1},{"damage":44,"enemies":"Gremlin Nob","floor":7,"turns":5},{"damage":14,"enemies":"Exordium Thugs","floor":8,"turns":5},{"damage":20,"enemies":"Lagavulin","floor":10,"turns":3}],"seed_played":"5850807217977324287","potions_obtained":[{"floor":3,"key":"Explosive Potion"},{"floor":7,"key":"Explosive Potion"}],"is_trial":false,"path_per_floor":["M","?","M","M","$","R","E","M","T","E"],"character_chosen":"THE_SILENT","items_purchased":["Oddly Smooth Stone"],"campfire_rested":0,"item_purchase_floors":[5],"current_hp_per_floor":[59,59,59,59,59,59,15,13,13,0],"gold":43,"neow_bonus":"THREE_ENEMY_KILL","is_prod":false,"is_daily":false,"chose_seed":false,"campfire_upgraded":1,"win_rate":0,"timestamp":1545573651,"path_taken":["M","?","M","M","$","R","E","M","T","E"],"build_version":"2018-12-20","purchased_purges":1,"victory":false,"max_hp_per_floor":[66,66,66,66,66,66,66,66,66,66],"card_choices":[{"not_picked":["Bane","Infinite Blades"],"picked":"Dagger Throw","floor":1},{"not_picked":["Prepared","PiercingWail"],"picked":"Infinite Blades","floor":3},{"not_picked":["Prepared","Outmaneuver","Sucker Punch"],"picked":"SKIP","floor":4},{"not_picked":["Cloak And Dagger","Deadly Poison"],"picked":"Noxious Fumes","floor":7},{"not_picked":["Blur","Escape Plan"],"picked":"Backflip","floor":8}],"player_experience":2414307,"relics_obtained":[{"floor":7,"key":"Meat on the Bone"},{"floor":9,"key":"Bottled Lightning"}],"event_choices":[{"damage_healed":0,"gold_gain":150,"player_choice":"AGREE","damage_taken":0,"max_hp_gain":0,"max_hp_loss":0,"event_name":"Liars Game","floor":2,"gold_loss":0,"cards_obtained":["Doubt"]}],"is_beta":false,"boss_relics":[],"items_purged_floors":[5],"is_endless":false,"potions_floor_spawned":[3,7],"killed_by":"Lagavulin","ascension_level":20}