{"gold_per_floor":[116,136,155,170,20,20,46,46,46,64,64,84,116,116,116,116],"floor_reached":16,"playtime":651,"items_purged":["Strike_R"],"score":205,"play_id":"961a405a-37cf-447d-a85a-615f8974d5ee","local_time":"20181104144932","is_ascension_mode":true,"campfire_choices":[{"data":"Whirlwind","floor":6,"key":"SMITH"},{"data":"Combust","floor":8,"key":"SMITH"},{"data":"Flex","floor":15,"key":"SMITH"}],"neow_cost":"TEN_PERCENT_HP_LOSS","seed_source_timestamp":132881462099094,"circlet_count":0,"master_deck":["AscendersBane","Strike_R","Strike_R","Strike_R","Strike_R","Defend_R","Defend_R","Defend_R","Defend_R","Bash","Whirlwind+1","Wild Strike","Disarm","Flex+1","Combust+1","Double Tap","Spot Weakness","Pummel","Twin Strike"],"relics":["Burning Blood","Bird Faced Urn","Nunchaku","Kunai","Meat on the Bone"],"potions_floor_usage":[7,10,13,14],"damage_taken":[{"damage":0,"enemies":"2 Louse","floor":1,"turns":4},{"damage":12,"enemies":"Jaw Worm","floor":2,"turns":2},{"damage":12,"enemies":"Small Slimes","floor":3,"turns":3},{"damage":19,"enemies":"Exordium Wildlife","floor":4,"turns":4},{"damage":29,"enemies":"Gremlin Nob","floor":7,"turns":4},{"damage":2,"enemies":"Gremlin Gang","floor":10,"turns":3},{"damage":22,"enemies":"Large Slime","floor":12,"turns":5},{"damage":17,"enemies":"3 Sentries","floor":13,"turns":3},{"damage":0,"enemies":"Red Slaver","floor":14,"turns":2},{"damage":35,"enemies":"The Guardian","floor":16,"turns":9}],"seed_played":"6623887797374989328","potions_obtained":[{"floor":1,"key":"BloodPotion"},{"floor":7,"key":"GamblersBrew"},{"floor":10,"key":"SmokeBomb"},{"floor":12,"key":"PowerPotion"}],"is_trial":false,"path_per_floor":["M","M","M","M","$","R","E","R","T","M","?","M","E","M","R","B"],"character_chosen":"IRONCLAD","items_purchased":["Combust"],"campfire_rested":0,"item_purchase_floors":[5],"current_hp_per_floor":[68,62,56,43,43,43,28,28,28,34,34,20,13,31,31,0],"gold":116,"neow_bonus":"ONE_RARE_RELIC","is_prod":false,"is_daily":false,"chose_seed":false,"campfire_upgraded":3,"win_rate":0,"timestamp":1541339372,"path_taken":["M","M","M","M","$","R","E","R","T","M","?","M","E","M","R","BOSS"],"build_version":"2018-11-01","purchased_purges":1,"victory":false,"max_hp_per_floor":[68,68,68,68,68,68,68,68,68,68,68,68,68,68,68,68],"card_choices":[{"not_picked":["Headbutt","Armaments"],"picked":"Whirlwind","floor":1},{"not_picked":["Havoc","Clothesline"],"picked":"Wild Strike","floor":2},{"not_picked":["Thunderclap","Fire Breathing"],"picked":"Disarm","floor":3},{"not_picked":["Reaper","Dual Wield"],"picked":"Flex","floor":4},{"not_picked":["Blood for Blood","Iron Wave"],"picked":"Double Tap","floor":7},{"not_picked":["Feel No Pain","Heavy Blade"],"picked":"Spot Weakness","floor":10},{"not_picked":["Headbutt","Wild Strike"],"picked":"Pummel","floor":12},{"not_picked":["Sever Soul","Sword Boomerang"],"picked":"Twin Strike","floor":13}],"player_experience":312575,"relics_obtained":[{"floor":7,"key":"Nunchaku"},{"floor":9,"key":"Kunai"},{"floor":13,"key":"Meat on the Bone"}],"event_choices":[{"damage_healed":0,"gold_gain":0,"player_choice":"Fled","damage_taken":0,"max_hp_gain":0,"max_hp_loss":0,"event_name":"Scrap Ooze","floor":11,"gold_loss":0}],"is_beta":false,"boss_relics":[],"items_purged_floors":[5],"is_endless":false,"potions_floor_spawned":[1,7,10,12],"killed_by":"The Guardian","ascension_level":16}