{"gold_per_floor":[16,16,16,33,47,47,64,91,91,91,103,103,4,23,23,100,100,84,84,84,15,15,15,46,46,46,80,97,107,157,177,177,177],"floor_reached":33,"playtime":1337,"items_purged":["Strike_G"],"score":499,"play_id":"2841243c-ef33-4a50-84de-144d9e75bdf9","local_time":"20181003144401","is_ascension_mode":true,"campfire_choices":[{"data":"Neutralize","floor":6.0,"key":"SMITH"},{"floor":12,"key":"REST"},{"data":"Footwork","floor":15,"key":"SMITH"},{"floor":23,"key":"REST"},{"data":"Wraith Form v2","floor":25,"key":"SMITH"},{"floor":32,"key":"REST"}],"neow_cost":"NO_GOLD","seed_source_timestamp":110394653565718,"circlet_count":0,"master_deck":["Defend_G","Defend_G","Defend_G","Defend_G","Defend_G","Strike_G+1","Strike_G+1","Strike_G","Strike_G","Survivor","Neutralize+1","AscendersBane","Glass Knife+1","Footwork+1","Dodge and Roll","Dagger Spray","Deadly Poison","Doppelganger","Dodge and Roll","Terror","Wraith Form v2+1","Backflip","Decay","Dash","Cloak And Dagger","Venomology","Backflip","Deflect+1"],"special_seed":0,"relics":["Ring of the Snake","Bronze Scales","Juzu Bracelet","Snecko Eye","Bottled Flame","Question Card","Vajra"],"potions_floor_usage":[14,24,27,29,29,33,33,33],"damage_taken":[{"damage":0.0,"enemies":"Cultist","floor":1.0,"turns":4.0},{"damage":0.0,"enemies":"Jaw Worm","floor":4.0,"turns":4.0},{"damage":0.0,"enemies":"2 Louse","floor":5.0,"turns":2.0},{"damage":10.0,"enemies":"Lots of Slimes","floor":7.0,"turns":4.0},{"damage":25.0,"enemies":"Gremlin Nob","floor":8.0,"turns":4.0},{"damage":2,"enemies":"3 Louse","floor":11,"turns":4},{"damage":0,"enemies":"Large Slime","floor":14,"turns":5},{"damage":8,"enemies":"The Guardian","floor":16,"turns":10},{"damage":20,"enemies":"2 Thieves","floor":18,"turns":4},{"damage":7,"enemies":"Gremlin Leader","floor":24,"turns":7},{"damage":19,"enemies":"Slavers","floor":27,"turns":8},{"damage":0,"enemies":"Spheric Guardian","floor":28,"turns":4},{"damage":1,"enemies":"Chosen and Byrds","floor":29,"turns":7},{"damage":21,"enemies":"3 Cultists","floor":31,"turns":6},{"damage":34,"enemies":"Collector","floor":33,"turns":6}],"seed_played":"7175513181230484837","potions_obtained":[{"floor":5.0,"key":"Strength Potion"},{"floor":8.0,"key":"SteroidPotion"},{"floor":11,"key":"GamblersBrew"},{"floor":16,"key":"Energy Potion"},{"floor":18,"key":"Strength Potion"},{"floor":24,"key":"LiquidBronze"}],"is_trial":false,"path_per_floor":["M","?","?","M","M","R","M","E","T","?","M","R","$","M","R","B",null,"M","?","?","$","?","R","E","R","T","E","M","M","?","M","R"],"character_chosen":"THE_SILENT","items_purchased":["Dodge and Roll","Dash"],"campfire_rested":3,"item_purchase_floors":[13,21],"current_hp_per_floor":[59,59,39,39,39,39,29,4,4,4,2,21,21,21,21,13,53,33,33,33,33,33,52,45,45,45,26,26,25,25,4,23,0],"gold":177,"neow_bonus":"THREE_RARE_CARDS","is_prod":false,"is_daily":false,"chose_seed":false,"campfire_upgraded":3,"win_rate":0,"timestamp":1538603041,"path_taken":["M","?","?","M","M","R","M","E","T","?","M","R","$","M","R","BOSS","M","?","?","$","?","R","E","R","T","E","M","M","?","M","R","BOSS"],"build_version":"2018-09-27","purchased_purges":1,"victory":false,"max_hp_per_floor":[66,66,66,66,66,66,66,66,66,66,66,66,66,66,66,66,66,66,66,66,66,66,66,66,66,66,66,66,66,66,66,66,66],"card_choices":[{"not_picked":["Die Die Die","Corpse Explosion"],"picked":"Glass Knife","floor":0.0},{"not_picked":["Prepared","Dagger Throw"],"picked":"Footwork","floor":1.0},{"not_picked":["Deadly Poison","Underhanded Strike"],"picked":"Dodge and Roll","floor":4.0},{"not_picked":["Catalyst","Dagger Throw"],"picked":"Dagger Spray","floor":5.0},{"not_picked":["PiercingWail","Infinite Blades"],"picked":"Deadly Poison","floor":7.0},{"not_picked":["Eviscerate","Acrobatics"],"picked":"Doppelganger","floor":8.0},{"not_picked":["Choke","Dagger Spray","Dagger Throw"],"picked":"SKIP","floor":11},{"not_picked":["PiercingWail","Distraction"],"picked":"Terror","floor":14},{"not_picked":["Venomology","Doppelganger"],"picked":"Wraith Form v2","floor":16},{"not_picked":["Blade Dance","Deflect"],"picked":"Backflip","floor":18},{"not_picked":["Blade Dance","Bane+1"],"picked":"Cloak And Dagger","floor":24},{"not_picked":["Endless Agony","Calculated Gamble","Dodge and Roll"],"picked":"Venomology","floor":27},{"not_picked":["Dagger Throw","Dodge and Roll","Outmaneuver","Phantasmal Killer"],"picked":"SKIP","floor":28},{"not_picked":["Slice","Distraction","Dodge and Roll"],"picked":"Backflip","floor":29},{"not_picked":["Heel Hook+1","Setup+1","Eviscerate"],"picked":"Deflect+1","floor":31}],"player_experience":1248251,"relics_obtained":[{"floor":8.0,"key":"Bronze Scales"},{"floor":9.0,"key":"Juzu Bracelet"},{"floor":24,"key":"Bottled Flame"},{"floor":26,"key":"Question Card"},{"floor":27,"key":"Vajra"}],"event_choices":[{"event_name":"Upgrade Shrine","player_choice":"Upgraded","floor":2.0,"damage_taken":0.0},{"event_name":"Shining Light","player_choice":"Entered Light","floor":3.0,"damage_taken":0.0},{"event_name":"FaceTrader","player_choice":"Leave","floor":10,"damage_taken":0},{"event_name":"Forgotten Altar","player_choice":"Smashed Altar","floor":19,"damage_taken":0},{"event_name":"Match and Keep!","player_choice":"0 cards matched","floor":22,"damage_taken":0},{"event_name":"Nest","player_choice":"Stole From Cult","floor":30,"damage_taken":0}],"is_beta":false,"boss_relics":[{"not_picked":["Tiny House","Coffee Dripper"],"picked":"Snecko Eye"}],"items_purged_floors":[13],"is_endless":false,"potions_floor_spawned":[5,8,11,16,18,24,28],"killed_by":"Collector","ascension_level":15}