{"gold_per_floor":[19,94,16,32,32,32,58,76,76,90,90,104,29,62,62,138,138,156,168,218,65,65,65,93,93,93,93,120,134,9,22,22,95,95,110,160,160,160,173,198,215,243,267,267,34,34,34,67,67,67,67,67,67,17,46,46],"floor_reached":57,"playtime":3154,"items_purged":["Strike_G","Strike_G","Defend_G","Blade Dance+1","Defend_G"],"score":2947,"play_id":"de025ad3-fb3d-48d7-a70b-62053e2daf64","local_time":"20190401230115","is_ascension_mode":true,"campfire_choices":[{"data":"Blade Dance","floor":6.0,"key":"SMITH"},{"data":"Cloak And Dagger","floor":15.0,"key":"SMITH"},{"data":"Blade Dance","floor":23.0,"key":"SMITH"},{"data":"Neutralize","floor":25.0,"key":"SMITH"},{"data":"Accuracy","floor":27.0,"key":"SMITH"},{"data":"Well Laid Plans","floor":32.0,"key":"SMITH"},{"data":"After Image","floor":44.0,"key":"SMITH"},{"floor":49.0,"key":"RECALL"},{"floor":53.0,"key":"REST"}],"neow_cost":"NO_GOLD","seed_source_timestamp":0,"circlet_count":0,"master_deck":["AscendersBane","Defend_G","Defend_G","Survivor","Neutralize+1","Blade Dance+1","Accuracy+1","Backflip","Cloak And Dagger+1","Well Laid Plans+1","After Image+1","Finisher","Burst+1","Bandage Up","Panache","Discovery","Infinite Blades"],"special_seed":0,"relics":["Ring of the Snake","Ornamental Fan","PreservedInsect","Snake Skull","Empty Cage","Ginger","Torii","Gremlin Horn","Sozu","Dead Branch","Art of War","Happy Flower","Smiling Mask","The Specimen"],"potions_floor_usage":[],"damage_taken":[{"damage":0.0,"enemies":"Small Slimes","floor":1.0,"turns":4.0},{"damage":0.0,"enemies":"Jaw Worm","floor":4.0,"turns":4.0},{"damage":9.0,"enemies":"Gremlin Nob","floor":7.0,"turns":3.0},{"damage":2.0,"enemies":"2 Louse","floor":8.0,"turns":3.0},{"damage":14.0,"enemies":"Exordium Thugs","floor":10.0,"turns":5.0},{"damage":3.0,"enemies":"Exordium Wildlife","floor":12.0,"turns":4.0},{"damage":4.0,"enemies":"Lagavulin","floor":14.0,"turns":7.0},{"damage":0.0,"enemies":"The Guardian","floor":16.0,"turns":16.0},{"damage":2.0,"enemies":"Shell Parasite","floor":18.0,"turns":6.0},{"damage":3.0,"enemies":"Spheric Guardian","floor":19.0,"turns":4.0},{"damage":27.0,"enemies":"Slavers","floor":24.0,"turns":9.0},{"damage":8.0,"enemies":"Book of Stabbing","floor":28.0,"turns":4.0},{"damage":0.0,"enemies":"Shelled Parasite and Fungi","floor":29.0,"turns":4.0},{"damage":1.0,"enemies":"Centurion and Healer","floor":31.0,"turns":4.0},{"damage":1.0,"enemies":"Champ","floor":33.0,"turns":8.0},{"damage":0.0,"enemies":"3 Darklings","floor":35.0,"turns":3.0},{"damage":23.0,"enemies":"2 Orb Walkers","floor":36.0,"turns":5.0},{"damage":0.0,"enemies":"3 Shapes","floor":39.0,"turns":3.0},{"damage":1.0,"enemies":"Nemesis","floor":40.0,"turns":7.0},{"damage":0.0,"enemies":"Writhing Mass","floor":41.0,"turns":5.0},{"damage":11.0,"enemies":"Giant Head","floor":42.0,"turns":5.0},{"damage":0.0,"enemies":"4 Shapes","floor":47.0,"turns":1.0},{"damage":6.0,"enemies":"Nemesis","floor":48.0,"turns":5.0},{"damage":9.0,"enemies":"Donu and Deca","floor":50.0,"turns":8.0},{"damage":35.0,"enemies":"Time Eater","floor":51.0,"turns":10.0},{"damage":17.0,"enemies":"Shield and Spear","floor":55.0,"turns":4.0},{"damage":52,"enemies":"The Heart","floor":56,"turns":6}],"seed_played":"6210137727245389794","potions_obtained":[{"floor":4.0,"key":"FearPotion"},{"floor":8.0,"key":"SpeedPotion"},{"floor":12.0,"key":"PowerPotion"},{"floor":19.0,"key":"SpeedPotion"},{"floor":31.0,"key":"EntropicBrew"},{"floor":33.0,"key":"SmokeBomb"}],"is_trial":false,"path_per_floor":["M","?","$","M","$","R","E","M","T","M","?","M","$","E","R","B",null,"M","M","?","$","?","R","E","R","T","R","E","M","$","M","R","B",null,"M","?","?","?","M","E","M","E","T","R","$","?","M","E","R","B","B",null,"R","$","E","B",null],"character_chosen":"THE_SILENT","items_purchased":["Accuracy","PowerPotion","Infinite Blades"],"campfire_rested":1,"item_purchase_floors":[3,21,45],"current_hp_per_floor":[59,48,48,48,48,48,39,37,37,23,23,20,20,16,16,16,54,52,49,49,49,49,49,22,22,22,22,14,14,14,13,13,12,53,53,30,20,20,24,31,35,32,32,32,32,32,32,34,34,29,2,48,63,63,50,2],"gold":46,"neow_bonus":"REMOVE_TWO","is_prod":false,"is_daily":false,"chose_seed":false,"campfire_upgraded":7,"win_rate":0,"timestamp":1554130875,"path_taken":["M","?","?","M","$","R","E","M","T","M","?","M","?","E","R","BOSS","M","M","?","$","?","R","E","R","T","R","E","M","$","M","R","BOSS","M","?","?","?","M","E","?","E","T","R","$","?","M","E","R","BOSS","BOSS","R","$","E","BOSS"],"build_version":"2019-03-15","purchased_purges":5,"victory":true,"max_hp_per_floor":[66,66,66,66,66,66,66,66,66,66,66,66,66,66,66,66,66,66,66,66,66,66,66,66,66,66,66,66,66,66,66,66,66,66,66,66,66,66,66,66,66,66,66,66,66,63,63,63,63,63,63,63,63,63,63,63],"card_choices":[{"not_picked":["Quick Slash","Setup"],"picked":"Blade Dance","floor":1.0},{"not_picked":["Poisoned Stab","Setup"],"picked":"Blade Dance","floor":4.0},{"not_picked":["Deflect","Wraith Form v2"],"picked":"Backflip","floor":7.0},{"not_picked":["Underhanded Strike","Dagger Spray","Slice"],"picked":"SKIP","floor":8.0},{"not_picked":["PiercingWail","Skewer","Sucker Punch"],"picked":"SKIP","floor":10.0},{"not_picked":["Adrenaline","Slice"],"picked":"Cloak And Dagger","floor":12.0},{"not_picked":["Sucker Punch","Heel Hook"],"picked":"Well Laid Plans","floor":14.0},{"not_picked":["Unload","Night Terror"],"picked":"After Image","floor":16.0},{"not_picked":["Concentrate","Acrobatics","Deflect"],"picked":"SKIP","floor":18.0},{"not_picked":["Accuracy","Blade Dance","Flying Knee+1"],"picked":"SKIP","floor":19.0},{"not_picked":["Skewer","Sucker Punch","Quick Slash"],"picked":"SKIP","floor":24.0},{"not_picked":["Prepared","Dagger Spray","Flechettes"],"picked":"SKIP","floor":28.0},{"not_picked":["Flechettes+1","Accuracy","Dagger Throw"],"picked":"SKIP","floor":29.0},{"not_picked":["Tools of the Trade","Quick Slash"],"picked":"Finisher","floor":31.0},{"not_picked":["After Image","Phantasmal Killer"],"picked":"Burst","floor":33.0},{"not_picked":["PiercingWail","Heel Hook","Flechettes"],"picked":"SKIP","floor":35.0},{"not_picked":["Impatience","Dramatic Entrance"],"picked":"Bandage Up","floor":37.0},{"not_picked":["Purity","HandOfGreed"],"picked":"Panache","floor":37.0},{"not_picked":["Enlightenment","Thinking Ahead"],"picked":"Discovery","floor":37.0},{"not_picked":["Eviscerate+1","Deadly Poison","Sucker Punch"],"picked":"SKIP","floor":39.0},{"not_picked":["Eviscerate+1","Deadly Poison","Sucker Punch"],"picked":"SKIP","floor":39.0},{"not_picked":["Quick Slash","Flying Knee+1","Bane+1"],"picked":"SKIP","floor":40.0},{"not_picked":["Cloak And Dagger","Tactician","Poisoned Stab"],"picked":"SKIP","floor":41.0},{"not_picked":["Cloak And Dagger","Tactician","Poisoned Stab"],"picked":"SKIP","floor":41.0},{"not_picked":["Cloak And Dagger","Tactician","Poisoned Stab"],"picked":"SKIP","floor":41.0},{"not_picked":["Deflect","Leg Sweep","Sucker Punch"],"picked":"SKIP","floor":42.0},{"not_picked":["Unload","Heel Hook","Cloak And Dagger"],"picked":"SKIP","floor":48.0},{"not_picked":["Expertise","Venomology","Dagger Throw+1"],"picked":"SKIP","floor":55.0}],"player_experience":1321929,"relics_obtained":[{"floor":7.0,"key":"Ornamental Fan"},{"floor":9.0,"key":"PreservedInsect"},{"floor":14.0,"key":"Snake Skull"},{"floor":24.0,"key":"Ginger"},{"floor":26.0,"key":"Torii"},{"floor":28.0,"key":"Gremlin Horn"},{"floor":36.0,"key":"Dead Branch"},{"floor":40.0,"key":"Art of War"},{"floor":42.0,"key":"Happy Flower"},{"floor":48.0,"key":"Smiling Mask"},{"floor":55.0,"key":"The Specimen"}],"event_choices":[{"damage_healed":0.0,"max_hp_gain":0.0,"max_hp_loss":0.0,"gold_gain":75.0,"event_name":"World of Goop","player_choice":"Gather Gold","floor":2.0,"gold_loss":0.0,"damage_taken":11.0},{"damage_healed":0.0,"max_hp_gain":0.0,"max_hp_loss":0.0,"gold_gain":0.0,"event_name":"Liars Game","player_choice":"Ignored","floor":11.0,"gold_loss":0.0,"damage_taken":0.0},{"damage_healed":0.0,"max_hp_gain":0.0,"max_hp_loss":0.0,"gold_gain":50.0,"event_name":"Nest","player_choice":"Stole From Cult","floor":20.0,"gold_loss":0.0,"damage_taken":0.0},{"damage_healed":0.0,"max_hp_gain":0.0,"max_hp_loss":0.0,"gold_gain":0.0,"event_name":"N\u0027loth","player_choice":"Ignored","floor":22.0,"gold_loss":0.0,"damage_taken":0.0},{"damage_healed":0.0,"max_hp_gain":0.0,"max_hp_loss":0.0,"gold_gain":0.0,"event_name":"Mysterious Sphere","player_choice":"Fight","floor":36.0,"gold_loss":0.0,"damage_taken":0.0},{"damage_healed":0.0,"max_hp_gain":0.0,"max_hp_loss":0.0,"gold_gain":0.0,"event_name":"SensoryStone","player_choice":"Memory 3","floor":37.0,"gold_loss":0.0,"damage_taken":10.0},{"damage_healed":0.0,"max_hp_gain":0.0,"max_hp_loss":0.0,"gold_gain":0.0,"event_name":"Upgrade Shrine","player_choice":"Upgraded","floor":38.0,"gold_loss":0.0,"damage_taken":0.0,"cards_upgraded":["Burst"]},{"damage_healed":0.0,"max_hp_gain":0.0,"max_hp_loss":3.0,"gold_gain":0.0,"event_name":"Winding Halls","player_choice":"Max HP","floor":46.0,"gold_loss":0.0,"damage_taken":0.0}],"is_beta":true,"boss_relics":[{"not_picked":["Busted Crown","Cursed Key"],"picked":"Empty Cage"},{"not_picked":["Black Star","Astrolabe"],"picked":"Sozu"}],"items_purged_floors":[13,21,30,45,54],"is_endless":false,"potions_floor_spawned":[4,8,12,19,31,33,35,40,48,55],"ascension_level":20}