{"gold_per_floor":[110,122,133,152,164,164,175,210,280,290,255,273,273,284,284,284],"floor_reached":16,"playtime":1378,"items_purged":[],"score":138,"play_id":"5fbd58b7-ed52-4d28-a69d-3637a52ec5ca","local_time":"20190509093252","is_ascension_mode":true,"campfire_choices":[{"data":"True Grit","floor":6,"key":"SMITH"},{"data":"Bloodletting","floor":15,"key":"SMITH"}],"neow_cost":"NONE","seed_source_timestamp":3300168661776,"circlet_count":0,"master_deck":["Strike_R","Strike_R","Strike_R","Strike_R","Strike_R","Defend_R","Defend_R","Defend_R","Defend_R","Bash","Perfected Strike","True Grit+1","Perfected Strike","Perfected Strike","Clash","Perfected Strike","Feed","Bloodletting+1"],"relics":["Burning Blood","Strawberry","Oddly Smooth Stone","Singing Bowl","Meat on the Bone"],"potions_floor_usage":[4,5,8,14,16],"damage_taken":[{"damage":7,"enemies":"2 Louse","floor":1,"turns":3},{"damage":15,"enemies":"Jaw Worm","floor":2,"turns":4},{"damage":10,"enemies":"Small Slimes","floor":3,"turns":4},{"damage":19,"enemies":"Exordium Thugs","floor":4,"turns":5},{"damage":2,"enemies":"Large Slime","floor":5,"turns":7},{"damage":4,"enemies":"Red Slaver","floor":7,"turns":2},{"damage":30,"enemies":"3 Sentries","floor":8,"turns":5},{"damage":0,"enemies":"Looter","floor":10,"turns":2},{"damage":0,"enemies":"Exordium Wildlife","floor":12,"turns":2},{"damage":0,"enemies":"Exordium Thugs","floor":14,"turns":3},{"damage":77,"enemies":"Hexaghost","floor":16,"turns":9}],"seed_played":"-6875745253084713394","potions_obtained":[{"floor":2,"key":"EssenceOfSteel"},{"floor":4,"key":"SkillPotion"},{"floor":5,"key":"FearPotion"},{"floor":8,"key":"SteroidPotion"},{"floor":14,"key":"BloodPotion"}],"is_trial":false,"path_per_floor":["M","M","M","M","M","R","M","E","T","M","?","M","?","M","R","B"],"character_chosen":"IRONCLAD","items_purchased":[],"campfire_rested":0,"item_purchase_floors":[],"current_hp_per_floor":[86,77,73,60,64,64,66,42,42,48,69,77,70,81,81,13],"gold":284,"neow_bonus":"RANDOM_COMMON_RELIC","is_prod":false,"is_daily":false,"chose_seed":false,"campfire_upgraded":2,"win_rate":0,"timestamp":1557361972,"path_taken":["M","M","M","M","M","R","M","E","T","M","?","M","?","M","R","BOSS"],"build_version":"2019-01-23","purchased_purges":0,"victory":false,"max_hp_per_floor":[87,87,87,87,87,87,87,87,87,87,87,89,89,94,94,94],"card_choices":[{"not_picked":["Cleave","Wild Strike"],"picked":"Perfected Strike","floor":1},{"not_picked":["Rupture","Clothesline"],"picked":"True Grit","floor":2},{"not_picked":["Disarm","Rage"],"picked":"Perfected Strike","floor":3},{"not_picked":["Warcry","Infernal Blade"],"picked":"Perfected Strike","floor":4},{"not_picked":["Rage","Feel No Pain"],"picked":"Clash","floor":5},{"not_picked":["Cleave","Shrug It Off"],"picked":"Perfected Strike","floor":7},{"not_picked":["Metallicize","Entrench"],"picked":"Feed","floor":8},{"not_picked":["Searing Blow","Havoc"],"picked":"Bloodletting","floor":10},{"not_picked":["Headbutt","Heavy Blade","Thunderclap"],"picked":"Singing Bowl","floor":12},{"not_picked":["Anger","Iron Wave","Armaments"],"picked":"Singing Bowl","floor":14}],"player_experience":125051,"relics_obtained":[{"floor":8,"key":"Oddly Smooth Stone"},{"floor":9,"key":"Singing Bowl"}],"event_choices":[{"damage_healed":21,"gold_gain":0,"player_choice":"Healed","damage_taken":0,"max_hp_gain":0,"max_hp_loss":0,"event_name":"The Cleric","floor":11,"gold_loss":35},{"damage_healed":0,"gold_gain":0,"player_choice":"Success","damage_taken":7,"relics_obtained":["Meat on the Bone"],"max_hp_gain":0,"max_hp_loss":0,"event_name":"Scrap Ooze","floor":13,"gold_loss":0}],"is_beta":false,"boss_relics":[],"items_purged_floors":[],"is_endless":false,"potions_floor_spawned":[2,4,5,8,14],"killed_by":"Hexaghost","ascension_level":1}