{"gold_per_floor":[115,115,135,154,168,168,228,242,242,258,292,292,312,326,326,405,405,421,421,446,358,374,406,418,453,502,518,538,558,558,571,571,643,643,661,317,330,330,402,402,437,437,437,457,477,35,35,63,63,63,63],"floor_reached":52,"playtime":2338,"items_purged":[],"score":2211,"play_id":"eca76f21-a588-4048-94a8-53e7e87c1f85","local_time":"20181227221000","daily_mods":["SealedDeck","DeadlyEvents"],"is_ascension_mode":true,"campfire_choices":[{"data":"Armaments","floor":6,"key":"SMITH"},{"data":"Spot Weakness","floor":12,"key":"SMITH"},{"data":"Inflame","floor":15,"key":"SMITH"},{"data":"Shockwave","floor":32,"key":"SMITH"},{"data":"Heavy Blade","floor":40,"key":"SMITH"},{"data":"Disarm","floor":42,"key":"SMITH"},{"data":"Feel No Pain","floor":47,"key":"SMITH"},{"data":"Disarm","floor":49,"key":"SMITH"}],"neow_cost":"","seed_source_timestamp":46256759819628,"circlet_count":0,"master_deck":["AscendersBane","Havoc","Infernal Blade","Ghostly Armor","Body Slam","Clothesline","Armaments+1","Disarm+1","Corruption","Inflame+1","Shrug It Off","Spot Weakness+1","Shrug It Off","Flame Barrier","Exhume","Flame Barrier","Shrug It Off","Heavy Blade+1","Shockwave+1","Barricade","Entrench","Apotheosis","Spot Weakness","Feel No Pain+1","Shrug It Off","Armaments","Intimidate","Disarm+1","Entrench","Havoc","Armaments","True Grit"],"relics":["Burning Blood","CultistMask","Tiny Chest","Letter Opener","The Courier","Snecko Eye","PreservedInsect","Shuriken","Dodecahedron","Happy Flower","Pear","Sozu","Medical Kit","Self Forming Clay","Smiling Mask","Champion Belt","Bottled Lightning"],"potions_floor_usage":[16,18,33,51,51],"damage_taken":[{"damage":0,"enemies":"Jaw Worm","floor":1,"turns":3},{"damage":3,"enemies":"Cultist","floor":3,"turns":3},{"damage":0,"enemies":"Small Slimes","floor":4,"turns":3},{"damage":2,"enemies":"Looter","floor":5,"turns":5},{"damage":0,"enemies":"Lagavulin","floor":7,"turns":5},{"damage":16,"enemies":"Large Slime","floor":8,"turns":5},{"damage":0,"enemies":"2 Fungi Beasts","floor":10,"turns":2},{"damage":12,"enemies":"3 Sentries","floor":11,"turns":7},{"damage":0,"enemies":"Exordium Wildlife","floor":13,"turns":2},{"damage":0,"enemies":"Blue Slaver","floor":14,"turns":4},{"damage":39,"enemies":"Hexaghost","floor":16,"turns":9},{"damage":0,"enemies":"Chosen","floor":18,"turns":3},{"damage":0,"enemies":"3 Byrds","floor":22,"turns":1},{"damage":0,"enemies":"Book of Stabbing","floor":23,"turns":4},{"damage":7,"enemies":"Centurion and Healer","floor":24,"turns":4},{"damage":5,"enemies":"Gremlin Leader","floor":25,"turns":3},{"damage":0,"enemies":"3 Cultists","floor":27,"turns":4},{"damage":0,"enemies":"Shelled Parasite and Fungi","floor":28,"turns":3},{"damage":11,"enemies":"Chosen and Byrds","floor":29,"turns":4},{"damage":0,"enemies":"Centurion and Healer","floor":31,"turns":4},{"damage":2,"enemies":"Collector","floor":33,"turns":6},{"damage":0,"enemies":"Orb Walker","floor":35,"turns":3},{"damage":0,"enemies":"3 Shapes","floor":37,"turns":3},{"damage":15,"enemies":"Giant Head","floor":41,"turns":5},{"damage":17,"enemies":"3 Darklings","floor":44,"turns":4},{"damage":0,"enemies":"4 Shapes","floor":45,"turns":4},{"damage":0,"enemies":"Nemesis","floor":48,"turns":5},{"damage":28,"enemies":"Time Eater","floor":50,"turns":12},{"damage":0,"enemies":"Awakened One","floor":51,"turns":6}],"seed_played":"-24929419764028423","potions_obtained":[{"floor":4,"key":"Block Potion"},{"floor":5,"key":"BloodPotion"},{"floor":8,"key":"AttackPotion"},{"floor":33,"key":"SpeedPotion"}],"is_trial":true,"path_per_floor":["M","?","M","M","M","R","E","M","T","M","E","R","M","M","R","B",null,"M","?","T","$","M","E","M","E","T","M","M","M","T","M","R","B",null,"M","$","M","?","T","R","E","R","T","M","M","$","R","E","R","B","B",null],"character_chosen":"IRONCLAD","items_purchased":["PowerPotion","Dexterity Potion","Medical Kit","Apotheosis","Feel No Pain","Shrug It Off","Armaments","Intimidate","Disarm","Entrench","Havoc","Armaments","True Grit"],"campfire_rested":0,"item_purchase_floors":[21,21,36,36,46,46,46,46,46,46,46,46,46],"current_hp_per_floor":[74,74,75,75,75,75,75,65,65,71,65,65,71,75,75,42,67,73,73,73,73,75,75,74,75,75,75,75,70,80,85,85,85,85,85,85,85,85,85,85,76,76,76,65,71,71,71,77,77,55,61],"gold":63,"neow_bonus":"","is_prod":false,"is_daily":false,"chose_seed":false,"campfire_upgraded":8,"win_rate":0,"timestamp":1545977400,"path_taken":["M","?","M","?","M","R","E","M","T","M","E","R","M","M","R","BOSS","M","?","?","$","M","E","M","E","T","M","?","M","?","M","R","BOSS","M","$","M","?","?","R","E","R","T","M","M","$","R","E","R","BOSS","BOSS"],"build_version":"2018-12-20","purchased_purges":0,"victory":true,"max_hp_per_floor":[75,75,75,75,75,75,75,75,75,75,75,75,75,75,75,75,75,75,75,75,75,75,75,75,75,75,75,75,75,85,85,85,85,85,85,85,85,85,85,85,85,85,85,85,85,85,85,85,85,85,85],"card_choices":[{"not_picked":["Iron Wave","Cleave"],"picked":"Inflame","floor":1},{"not_picked":["Flex","Entrench"],"picked":"Shrug It Off","floor":3},{"not_picked":["Pommel Strike","Ghostly Armor","Rage"],"picked":"SKIP","floor":4},{"not_picked":["Warcry","Anger"],"picked":"Spot Weakness","floor":5},{"not_picked":["Inflame","Pummel","Clothesline"],"picked":"SKIP","floor":7},{"not_picked":["Thunderclap","Rupture"],"picked":"Shrug It Off","floor":8},{"not_picked":["Flex","Evolve","Wild Strike"],"picked":"SKIP","floor":10},{"not_picked":["Anger","Pommel Strike","Bloodletting"],"picked":"SKIP","floor":11},{"not_picked":["Reaper","Havoc"],"picked":"Flame Barrier","floor":13},{"not_picked":["Body Slam","Bloodletting","Metallicize"],"picked":"SKIP","floor":14},{"not_picked":["Immolate","Offering"],"picked":"Exhume","floor":16},{"not_picked":["Blood for Blood","Heavy Blade","Dropkick"],"picked":"SKIP","floor":18},{"not_picked":["Warcry","Rampage"],"picked":"Flame Barrier","floor":22},{"not_picked":["Evolve+1","True Grit"],"picked":"Shrug It Off","floor":23},{"not_picked":["Armaments","Sever Soul+1","Anger"],"picked":"SKIP","floor":24},{"not_picked":["Metallicize+1","True Grit","Havoc"],"picked":"SKIP","floor":25},{"not_picked":["Dropkick","Havoc","Corruption"],"picked":"SKIP","floor":27},{"not_picked":["Clothesline","Blood for Blood"],"picked":"Heavy Blade","floor":28},{"not_picked":["Iron Wave","Berserk","Rampage"],"picked":"SKIP","floor":29},{"not_picked":["Burning Pact","Armaments"],"picked":"Shockwave","floor":31},{"not_picked":["Offering","Brutality"],"picked":"Barricade","floor":33},{"not_picked":["Iron Wave","Pommel Strike"],"picked":"Entrench","floor":35},{"not_picked":["Second Wind","Hemokinesis+1","Bloodletting"],"picked":"SKIP","floor":37},{"not_picked":["Twin Strike+1","Headbutt","True Grit"],"picked":"SKIP","floor":41},{"not_picked":["Headbutt","Clothesline"],"picked":"Spot Weakness","floor":44},{"not_picked":["Heavy Blade","Havoc","Ghostly Armor+1"],"picked":"SKIP","floor":45},{"not_picked":["Rampage+1","Reckless Charge","Carnage+1"],"picked":"SKIP","floor":48}],"player_experience":1900564,"relics_obtained":[{"floor":7,"key":"Tiny Chest"},{"floor":9,"key":"Letter Opener"},{"floor":11,"key":"The Courier"},{"floor":20,"key":"PreservedInsect"},{"floor":23,"key":"Shuriken"},{"floor":25,"key":"Dodecahedron"},{"floor":26,"key":"Happy Flower"},{"floor":30,"key":"Pear"},{"floor":39,"key":"Self Forming Clay"},{"floor":41,"key":"Smiling Mask"},{"floor":43,"key":"Champion Belt"},{"floor":48,"key":"Bottled Lightning"}],"event_choices":[{"damage_healed":0,"gold_gain":0,"player_choice":"Trade","damage_taken":0,"relics_obtained":["CultistMask"],"max_hp_gain":0,"max_hp_loss":0,"event_name":"FaceTrader","floor":2,"gold_loss":0},{"cards_removed":["Anger"],"damage_healed":0,"gold_gain":0,"player_choice":"Elegance","damage_taken":0,"max_hp_gain":0,"max_hp_loss":0,"event_name":"Back to Basics","floor":19,"gold_loss":0},{"cards_removed":["True Grit"],"damage_healed":0,"gold_gain":0,"player_choice":"Removed Skill","damage_taken":0,"max_hp_gain":0,"max_hp_loss":0,"event_name":"Falling","floor":38,"gold_loss":0}],"is_beta":false,"boss_relics":[{"not_picked":["Velvet Choker","Fusion Hammer"],"picked":"Snecko Eye"},{"not_picked":["Mark of Pain","Orrery"],"picked":"Sozu"}],"items_purged_floors":[],"is_endless":false,"potions_floor_spawned":[4,5,8,11,13,23,27,28,33,35,41,44],"ascension_level":20}