{"gold_per_floor":[213,228,279,303,159,187,201,229,229,240,240,253,172,172,172,250,250,240,253,253,287,302,302,3,3,3,14,14],"floor_reached":28,"playtime":928,"items_purged":[],"score":399,"play_id":"602f1d92-cddd-4ae1-9b49-0d29a08e3a5e","local_time":"20190219112649","is_ascension_mode":true,"campfire_choices":[{"floor":11.0,"key":"REST"},{"data":"Armaments","floor":15.0,"key":"SMITH"},{"data":"Metallicize","floor":23,"key":"SMITH"},{"data":"Whirlwind","floor":25,"key":"SMITH"}],"neow_cost":"NONE","seed_source_timestamp":13219406697939,"circlet_count":0,"master_deck":["AscendersBane","Strike_R","Strike_R","Strike_R","Strike_R","Defend_R","Defend_R","Defend_R","Defend_R","Bash","Hemokinesis","Headbutt","Shrug It Off","Anger","Rupture","Armaments+1","Whirlwind+1","Offering","Immolate","Feed","Metallicize+1","Armaments+1"],"special_seed":0,"relics":["Burning Blood","Art of War","Oddly Smooth Stone","Juzu Bracelet","Peace Pipe","Philosopher\u0027s Stone","Red Mask","Bag of Marbles","Potion Belt","Kunai"],"potions_floor_usage":[22,27,28],"damage_taken":[{"damage":7.0,"enemies":"2 Louse","floor":1.0,"turns":4.0},{"damage":7.0,"enemies":"Jaw Worm","floor":2.0,"turns":4.0},{"damage":46.0,"enemies":"3 Sentries","floor":6.0,"turns":8.0},{"damage":0.0,"enemies":"Cultist","floor":7.0,"turns":3.0},{"damage":19.0,"enemies":"Gremlin Nob","floor":8.0,"turns":3.0},{"damage":8.0,"enemies":"Exordium Wildlife","floor":10.0,"turns":7.0},{"damage":12.0,"enemies":"2 Fungi Beasts","floor":12.0,"turns":3.0},{"damage":25.0,"enemies":"Hexaghost","floor":16.0,"turns":9.0},{"damage":17.0,"enemies":"2 Thieves","floor":18.0,"turns":4.0},{"damage":19.0,"enemies":"Shell Parasite","floor":19.0,"turns":4.0},{"damage":18,"enemies":"Masked Bandits","floor":21,"turns":3},{"damage":9,"enemies":"3 Cultists","floor":22,"turns":2},{"damage":31,"enemies":"Snake Plant","floor":27,"turns":4},{"damage":32,"enemies":"Book of Stabbing","floor":28,"turns":3}],"seed_played":"7110819096047264440","potions_obtained":[{"floor":1.0,"key":"Block Potion"},{"floor":10.0,"key":"GamblersBrew"},{"floor":12.0,"key":"Energy Potion"},{"floor":21,"key":"Block Potion"},{"floor":22,"key":"Strength Potion"}],"is_trial":false,"path_per_floor":["M","M","?","T","$","E","M","E","T","M","R","M","$","?","R","B",null,"M","M","?","?","M","R","$","R","T","M","E"],"character_chosen":"IRONCLAD","items_purchased":["SteroidPotion","Shrug It Off","Strength Potion","Offering","Bag of Marbles","Potion Belt"],"campfire_rested":1,"item_purchase_floors":[5,5,5,13,24,24],"current_hp_per_floor":[67,66,66,66,66,26,32,19,19,17,39,33,33,33,33,14,60,49,40,56,47,44,44,44,44,44,19,0],"gold":14,"neow_bonus":"HUNDRED_GOLD","is_prod":false,"is_daily":false,"chose_seed":false,"campfire_upgraded":3,"win_rate":0,"timestamp":1550604409,"path_taken":["M","M","?","?","$","E","M","E","T","M","R","M","$","?","R","BOSS","M","M","?","?","M","R","$","R","T","M","E"],"build_version":"2019-01-23","purchased_purges":0,"victory":false,"max_hp_per_floor":[75,75,75,75,75,75,75,75,75,75,75,75,75,75,75,75,75,75,79,79,82,82,82,82,82,82,82,82],"card_choices":[{"not_picked":["Flex","Armaments"],"picked":"Hemokinesis","floor":1.0},{"not_picked":["Thunderclap","True Grit"],"picked":"Headbutt","floor":2.0},{"not_picked":["Headbutt","Clash"],"picked":"Anger","floor":6.0},{"not_picked":["Headbutt","Thunderclap"],"picked":"Rupture","floor":7.0},{"not_picked":["Rampage","Cleave"],"picked":"Armaments","floor":8.0},{"not_picked":["Clash","Wild Strike"],"picked":"Whirlwind","floor":10.0},{"not_picked":["Clash","Body Slam","Flex"],"picked":"SKIP","floor":12.0},{"not_picked":["Berserk","Exhume"],"picked":"Feed","floor":16.0},{"not_picked":["Second Wind","True Grit"],"picked":"Metallicize","floor":18.0},{"not_picked":["Hemokinesis","Wild Strike+1","True Grit"],"picked":"SKIP","floor":19.0},{"not_picked":["Evolve","Flex"],"picked":"Armaments+1","floor":21},{"not_picked":["Sever Soul+1","Sword Boomerang","Clash"],"picked":"SKIP","floor":22},{"not_picked":["Flex","Headbutt","Sword Boomerang"],"picked":"SKIP","floor":27}],"player_experience":2225336,"relics_obtained":[{"floor":4.0,"key":"Art of War"},{"floor":6.0,"key":"Oddly Smooth Stone"},{"floor":8.0,"key":"Juzu Bracelet"},{"floor":9.0,"key":"Peace Pipe"},{"floor":21,"key":"Red Mask"},{"floor":26,"key":"Kunai"}],"event_choices":[{"damage_healed":0.0,"max_hp_gain":0.0,"max_hp_loss":0.0,"gold_gain":51.0,"event_name":"Golden Wing","player_choice":"Gained Gold","floor":3.0,"gold_loss":0.0,"damage_taken":0.0},{"damage_healed":0.0,"max_hp_gain":0.0,"max_hp_loss":0.0,"gold_gain":0.0,"cards_transformed":["Strike_R"],"event_name":"Transmorgrifier","player_choice":"Transformed","floor":14.0,"gold_loss":0.0,"damage_taken":0.0,"cards_obtained":["Immolate"]},{"damage_healed":16,"gold_gain":0,"player_choice":"Heal","damage_taken":0,"max_hp_gain":0,"max_hp_loss":0,"event_name":"The Library","floor":20,"gold_loss":0},{"damage_healed":0,"gold_gain":0,"player_choice":"Fought Bandits","damage_taken":0,"max_hp_gain":0,"max_hp_loss":0,"event_name":"Masked Bandits","floor":21,"gold_loss":0}],"is_beta":false,"boss_relics":[{"not_picked":["Runic Dome","Orrery"],"picked":"Philosopher\u0027s Stone"}],"items_purged_floors":[],"is_endless":false,"potions_floor_spawned":[1,10,12,21,22],"killed_by":"Book of Stabbing","ascension_level":15}