{"gold_per_floor":[363,363,376,394,411,411,444,444,521,548,513,532,532,532,532,636,636,653,578,578,222,240,240,264,280,280,298,298,298,298,308,308,411,411,430,449,449,549,134,134,134,145,145,160,174,174,274,286,286,286],"floor_reached":51,"playtime":3612,"items_purged":["Strike_R","Writhe"],"score":839,"play_id":"6f382d97-9e3a-47fd-8408-6b73b2805b09","local_time":"20190329014427","is_ascension_mode":true,"campfire_choices":[{"data":"Carnage","floor":6,"key":"SMITH"},{"floor":8,"key":"REST"},{"data":"Rampage","floor":15,"key":"SMITH"},{"floor":23,"key":"REST"},{"floor":30,"key":"REST"},{"floor":32,"key":"REST"},{"floor":40,"key":"REST"},{"floor":49,"key":"REST"}],"neow_cost":"CURSE","seed_source_timestamp":24865675723141,"circlet_count":0,"master_deck":["Strike_R","Strike_R","Strike_R","Strike_R","Defend_R","Defend_R","Defend_R","Defend_R","Bash","Rampage+1","Thunderclap","Carnage+1","Shrug It Off","Double Tap","Armaments+1","Apotheosis","Inflame","Demon Form","Shockwave+1","Infernal Blade+1","Reaper","Limit Break","Panacea","Dramatic Entrance","Chrysalis","Heavy Blade"],"relics":["Burning Blood","FaceOfCleric","Du-Vu Doll","Paper Frog","Boot","The Courier","Juzu Bracelet","Fusion Hammer","Pen Nib","Gremlin Horn","MutagenicStrength","Sozu","Dead Branch","Shuriken","Pocketwatch"],"potions_floor_usage":[16,16,27,50,50],"damage_taken":[{"damage":1,"enemies":"Cultist","floor":1,"turns":3},{"damage":0,"enemies":"2 Louse","floor":3,"turns":3},{"damage":10,"enemies":"Small Slimes","floor":4,"turns":3},{"damage":11,"enemies":"Blue Slaver","floor":5,"turns":4},{"damage":40,"enemies":"3 Sentries","floor":7,"turns":7},{"damage":14,"enemies":"Gremlin Nob","floor":10,"turns":3},{"damage":0,"enemies":"Large Slime","floor":12,"turns":4},{"damage":53,"enemies":"The Guardian","floor":16,"turns":9},{"damage":10,"enemies":"2 Thieves","floor":18,"turns":3},{"damage":18,"enemies":"Spheric Guardian","floor":22,"turns":4},{"damage":32,"enemies":"Centurion and Healer","floor":25,"turns":5},{"damage":35,"enemies":"Shelled Parasite and Fungi","floor":27,"turns":4},{"damage":10,"enemies":"Snake Plant","floor":31,"turns":3},{"damage":47,"enemies":"Collector","floor":33,"turns":8},{"damage":28,"enemies":"Orb Walker","floor":35,"turns":4},{"damage":23,"enemies":"3 Shapes","floor":36,"turns":4},{"damage":20,"enemies":"Mind Bloom Boss Battle","floor":38,"turns":7},{"damage":0,"enemies":"Sphere and 2 Shapes","floor":42,"turns":3},{"damage":1,"enemies":"3 Darklings","floor":44,"turns":2},{"damage":0,"enemies":"Jaw Worm Horde","floor":45,"turns":2},{"damage":37,"enemies":"Maw","floor":48,"turns":6},{"damage":33,"enemies":"Time Eater","floor":50,"turns":6}],"seed_played":"280367945667435872","potions_obtained":[{"floor":1,"key":"Poison Potion"},{"floor":4,"key":"Ancient Potion"},{"floor":7,"key":"LiquidBronze"},{"floor":22,"key":"BloodPotion"},{"floor":33,"key":"AttackPotion"}],"is_trial":false,"path_per_floor":["M","?","M","M","M","R","E","R","T","E","?","M","?","?","R","B",null,"M","?","?","$","M","R","T","M","T","M","?","?","R","M","R","B",null,"M","M","?","?","$","R","?","M","T","M","M","?","?","M","R","B",null],"character_chosen":"IRONCLAD","items_purchased":["Apotheosis","Inflame","Demon Form","Limit Break","Panacea","Shuriken"],"campfire_rested":6,"item_purchase_floors":[21,21,21,39,39,39],"current_hp_per_floor":[80,80,81,78,74,74,41,66,66,59,80,86,79,79,79,33,87,84,84,84,84,73,89,89,64,64,45,75,75,91,88,92,52,93,83,87,95,82,82,96,91,97,97,98,99,99,99,69,99,101],"gold":286,"neow_bonus":"TWO_FIFTY_GOLD","is_prod":false,"is_daily":false,"chose_seed":false,"campfire_upgraded":2,"win_rate":0,"timestamp":1553823867,"path_taken":["M","?","?","?","M","R","E","R","T","E","?","M","?","?","R","BOSS","M","?","?","$","M","R","?","M","T","M","?","?","R","M","R","BOSS","M","M","?","?","$","R","?","M","T","M","M","?","?","M","R","BOSS"],"build_version":"2019-01-23","purchased_purges":2,"victory":true,"max_hp_per_floor":[80,80,81,82,83,83,84,84,84,85,85,86,86,86,86,87,87,88,88,88,88,89,89,89,90,90,91,91,91,91,92,92,93,93,94,95,95,96,96,96,96,97,97,98,99,99,99,100,100,101],"card_choices":[{"not_picked":["Warcry","Clash"],"picked":"Rampage","floor":1},{"not_picked":["Body Slam","Perfected Strike"],"picked":"Thunderclap","floor":3},{"not_picked":["Iron Wave","Heavy Blade","Perfected Strike"],"picked":"SKIP","floor":4},{"not_picked":["Entrench","Clothesline"],"picked":"Carnage","floor":5},{"not_picked":["Warcry","Perfected Strike","Havoc"],"picked":"SKIP","floor":7},{"not_picked":["Rampage","Sever Soul","Wild Strike"],"picked":"SKIP","floor":10},{"not_picked":["Exhume","Pommel Strike"],"picked":"Shrug It Off","floor":12},{"not_picked":["Bludgeon","Reaper"],"picked":"Double Tap","floor":16},{"not_picked":["Seeing Red","Shrug It Off"],"picked":"Armaments+1","floor":18},{"not_picked":["Twin Strike","Armaments","Havoc"],"picked":"SKIP","floor":22},{"not_picked":["Evolve","Havoc","Headbutt"],"picked":"SKIP","floor":25},{"not_picked":["Warcry","Thunderclap"],"picked":"Shockwave+1","floor":27},{"not_picked":["Perfected Strike","Pommel Strike"],"picked":"Infernal Blade+1","floor":31},{"not_picked":["Juggernaut","Double Tap"],"picked":"Reaper","floor":33},{"not_picked":["Pommel Strike","Anger+1","Uppercut+1"],"picked":"SKIP","floor":35},{"not_picked":["Wild Strike+1","Anger","Clash+1"],"picked":"SKIP","floor":36},{"not_picked":["Discovery","Secret Weapon"],"picked":"Dramatic Entrance","floor":41},{"not_picked":["Deep Breath","Finesse"],"picked":"Chrysalis","floor":41},{"not_picked":["Evolve+1","Entrench","Clash"],"picked":"SKIP","floor":42},{"not_picked":["Shrug It Off","Sword Boomerang+1","Dual Wield+1"],"picked":"SKIP","floor":44},{"not_picked":["True Grit+1","Thunderclap","Armaments"],"picked":"SKIP","floor":45},{"not_picked":["Evolve","Warcry"],"picked":"Heavy Blade","floor":48}],"player_experience":442673,"relics_obtained":[{"floor":7,"key":"Du-Vu Doll"},{"floor":9,"key":"Paper Frog"},{"floor":10,"key":"Boot"},{"floor":24,"key":"Pen Nib"},{"floor":26,"key":"Gremlin Horn"},{"floor":38,"key":"Dead Branch"},{"floor":43,"key":"Pocketwatch"}],"event_choices":[{"damage_healed":0,"gold_gain":0,"player_choice":"Trade","damage_taken":0,"relics_obtained":["FaceOfCleric"],"max_hp_gain":0,"max_hp_loss":0,"event_name":"FaceTrader","floor":2,"gold_loss":0},{"damage_healed":21,"gold_gain":0,"player_choice":"Healed","damage_taken":0,"max_hp_gain":0,"max_hp_loss":0,"event_name":"The Cleric","floor":11,"gold_loss":35},{"damage_healed":0,"gold_gain":0,"player_choice":"Success","damage_taken":7,"relics_obtained":["The Courier"],"max_hp_gain":0,"max_hp_loss":0,"event_name":"Scrap Ooze","floor":13,"gold_loss":0},{"damage_healed":0,"gold_gain":0,"player_choice":"Box","damage_taken":0,"relics_obtained":["Juzu Bracelet"],"max_hp_gain":0,"max_hp_loss":0,"event_name":"Big Fish","floor":14,"gold_loss":0,"cards_obtained":["Regret"]},{"cards_removed":["Regret"],"damage_healed":0,"gold_gain":0,"player_choice":"Gave Gold","damage_taken":0,"max_hp_gain":0,"max_hp_loss":0,"event_name":"Beggar","floor":19,"gold_loss":75},{"cards_removed":["Writhe"],"damage_healed":0,"gold_gain":0,"player_choice":"Elegance","damage_taken":0,"max_hp_gain":0,"max_hp_loss":0,"event_name":"Back to Basics","floor":20,"gold_loss":0},{"damage_healed":30,"gold_gain":0,"player_choice":"Heal","damage_taken":0,"max_hp_gain":0,"max_hp_loss":0,"event_name":"The Library","floor":28,"gold_loss":0},{"damage_healed":0,"gold_gain":0,"player_choice":"Inject Mutagens","damage_taken":0,"relics_obtained":["MutagenicStrength"],"max_hp_gain":0,"max_hp_loss":0,"event_name":"Drug Dealer","floor":29,"gold_loss":0},{"damage_healed":24,"gold_gain":0,"player_choice":"Writhe","damage_taken":0,"max_hp_gain":0,"max_hp_loss":0,"event_name":"Winding Halls","floor":37,"gold_loss":0,"cards_obtained":["Writhe"]},{"damage_healed":0,"gold_gain":0,"player_choice":"Fight","damage_taken":0,"max_hp_gain":0,"max_hp_loss":0,"event_name":"MindBloom","floor":38,"gold_loss":0},{"damage_healed":0,"gold_gain":0,"player_choice":"Memory 2","damage_taken":5,"max_hp_gain":0,"max_hp_loss":0,"event_name":"SensoryStone","floor":41,"gold_loss":0},{"damage_healed":0,"gold_gain":0,"player_choice":"Ignored","damage_taken":0,"max_hp_gain":0,"max_hp_loss":0,"event_name":"Mysterious Sphere","floor":46,"gold_loss":0},{"damage_healed":0,"gold_gain":100,"player_choice":"Pray","damage_taken":0,"max_hp_gain":0,"max_hp_loss":0,"event_name":"Golden Shrine","floor":47,"gold_loss":0}],"is_beta":false,"boss_relics":[{"not_picked":["Snecko Eye","Ectoplasm"],"picked":"Fusion Hammer"},{"not_picked":["Cursed Key","Velvet Choker"],"picked":"Sozu"}],"items_purged_floors":[21,39],"is_endless":false,"potions_floor_spawned":[1,4,7,12,22,33,36,38,45],"ascension_level":1}