{"gold_per_floor":[114,128,140,151,169,169,196,196,196,256,256,309,336,356,356,458,458,470,315,240,259,259,259,17,50,50,106,119,137,137,149,149,246,246,264,18,94,22,38,38,73,73,73,98,112,112,139,139,139,139,139,139,14,47,47],"floor_reached":56,"playtime":2075,"items_purged":["Normality","Injury","Strike_B"],"score":1436,"play_id":"c994dfd2-e5a8-4551-9829-c7bad21fd553","local_time":"20190421191310","is_ascension_mode":true,"campfire_choices":[{"data":"Darkness","floor":6,"key":"SMITH"},{"data":"Darkness","floor":8,"key":"SMITH"},{"data":"Dualcast","floor":15,"key":"SMITH"},{"data":"Buffer","floor":23,"key":"SMITH"},{"data":"Chaos","floor":32,"key":"SMITH"},{"data":"Coolheaded","floor":40,"key":"SMITH"},{"data":"Biased Cognition","floor":42,"key":"SMITH"},{"data":"Seek","floor":46,"key":"SMITH"},{"floor":49,"key":"RECALL"},{"data":"Turbo","floor":52,"key":"SMITH"}],"neow_cost":"NONE","seed_source_timestamp":4903801912900,"circlet_count":0,"master_deck":["Strike_B","Strike_B","Defend_B","Defend_B","Defend_B","Defend_B","Zap","Dualcast+1","Ball Lightning","Coolheaded+1","Turbo+1","Darkness+1","White Noise","Buffer+1","Steam Power+1","Chaos+1","Electrodynamics","Biased Cognition+1","Turbo+1","Reboot","Conserve Battery+1","Echo Form","Defragment+1","Skim+1","Core Surge","Seek+1","Redo+1","Loop+1","Capacitor+1"],"relics":["Cracked Core","NeowsBlessing","Boot","Bag of Preparation","Art of War","Bird Faced Urn","Calling Bell","Pen Nib","Gremlin Horn","Ice Cream","Nloth\u0027s Gift","Mummified Hand","Question Card","Tiny Chest","Nuclear Battery","Cables","Frozen Egg 2","Orichalcum","Ornamental Fan","Strawberry","Bottled Lightning","Bottled Flame"],"potions_floor_usage":[5,14,25,33,33,33,33,44,55],"damage_taken":[{"damage":0,"enemies":"Jaw Worm","floor":1,"turns":1},{"damage":0,"enemies":"2 Louse","floor":2,"turns":1},{"damage":0,"enemies":"Small Slimes","floor":3,"turns":1},{"damage":6,"enemies":"3 Louse","floor":4,"turns":4},{"damage":0,"enemies":"Lots of Slimes","floor":5,"turns":1},{"damage":7,"enemies":"Lagavulin","floor":7,"turns":7},{"damage":32,"enemies":"Gremlin Nob","floor":10,"turns":4},{"damage":18,"enemies":"Gremlin Nob","floor":13,"turns":3},{"damage":6,"enemies":"Exordium Wildlife","floor":14,"turns":4},{"damage":7,"enemies":"Slime Boss","floor":16,"turns":6},{"damage":19,"enemies":"2 Thieves","floor":18,"turns":4},{"damage":2,"enemies":"3 Byrds","floor":21,"turns":3},{"damage":27,"enemies":"Slavers","floor":25,"turns":2},{"damage":0,"enemies":"Gremlin Leader","floor":27,"turns":3},{"damage":0,"enemies":"3 Cultists","floor":28,"turns":1},{"damage":0,"enemies":"Sentry and Sphere","floor":29,"turns":3},{"damage":6,"enemies":"Snecko","floor":31,"turns":4},{"damage":24,"enemies":"Champ","floor":33,"turns":6},{"damage":0,"enemies":"Orb Walker","floor":35,"turns":2},{"damage":0,"enemies":"3 Shapes","floor":39,"turns":4},{"damage":0,"enemies":"Reptomancer","floor":41,"turns":4},{"damage":8,"enemies":"Nemesis","floor":44,"turns":5},{"damage":0,"enemies":"Sphere and 2 Shapes","floor":45,"turns":3},{"damage":0,"enemies":"Giant Head","floor":47,"turns":6},{"damage":34,"enemies":"Donu and Deca","floor":50,"turns":4},{"damage":22,"enemies":"Shield and Spear","floor":54,"turns":4},{"damage":82,"enemies":"The Heart","floor":55,"turns":6}],"seed_played":"-9185934185973608786","potions_obtained":[{"floor":2,"key":"Energy Potion"},{"floor":3,"key":"Explosive Potion"},{"floor":7,"key":"Dexterity Potion"},{"floor":14,"key":"EntropicBrew"},{"floor":18,"key":"SneckoOil"},{"floor":25,"key":"Poison Potion"},{"floor":35,"key":"Swift Potion"},{"floor":41,"key":"Energy Potion"},{"floor":44,"key":"AttackPotion"},{"floor":47,"key":"Ancient Potion"}],"is_trial":false,"path_per_floor":["M","M","M","M","M","R","E","R","T","?","?","T","E","M","R","B",null,"M","$","?","M","?","R","$","E","T","E","M","M","T","M","R","B",null,"M","$","T","$","M","R","E","R","T","E","M","R","E","?","R","B",null,"R","$","E","B",null],"character_chosen":"DEFECT","items_purchased":["Chaos","Electrodynamics","Cables","Defragment+1"],"campfire_rested":0,"item_purchase_floors":[19,24,36,38],"current_hp_per_floor":[75,75,75,69,69,69,62,62,72,40,33,33,15,11,11,6,85,68,68,68,68,68,68,68,47,47,53,57,65,65,67,67,51,85,85,85,85,85,85,85,85,85,85,92,92,92,92,92,92,60,92,92,92,76,16],"gold":47,"neow_bonus":"THREE_ENEMY_KILL","is_prod":false,"is_daily":false,"chose_seed":false,"campfire_upgraded":9,"win_rate":0,"timestamp":1555845190,"path_taken":["M","M","M","M","M","R","E","R","T","?","?","?","E","M","R","BOSS","M","$","?","M","?","R","$","E","T","E","M","?","?","M","R","BOSS","M","?","?","$","M","R","E","R","T","E","M","R","E","?","R","BOSS","R","$","E","BOSS"],"build_version":"2019-01-23","purchased_purges":3,"victory":true,"max_hp_per_floor":[75,75,75,75,75,75,75,75,85,85,85,85,85,85,85,85,85,85,85,85,85,85,85,85,85,85,85,85,85,85,85,85,85,85,85,85,85,85,85,85,85,85,85,92,92,92,92,92,92,92,92,92,92,92,92],"card_choices":[{"not_picked":["Coolheaded","Darkness"],"picked":"Ball Lightning","floor":1},{"not_picked":["Lockon","Sweeping Beam"],"picked":"Coolheaded","floor":2},{"not_picked":["Undo","BootSequence"],"picked":"Turbo","floor":3},{"not_picked":["Cold Snap","Capacitor"],"picked":"Darkness","floor":4},{"not_picked":["Stack","Turbo","Conserve Battery"],"picked":"SKIP","floor":5},{"not_picked":["Sweeping Beam","Hologram"],"picked":"Darkness","floor":7},{"not_picked":["Barrage","All For One"],"picked":"White Noise","floor":13},{"not_picked":["Sweeping Beam","Steam","Sunder"],"picked":"SKIP","floor":14},{"not_picked":["Seek","Echo Form"],"picked":"Buffer","floor":16},{"not_picked":["Compile Driver+1","Go for the Eyes"],"picked":"Steam Power+1","floor":18},{"not_picked":["Steam+1","Leap","Steam Power"],"picked":"SKIP","floor":21},{"not_picked":["Steam+1","Leap","Steam Power"],"picked":"SKIP","floor":21},{"not_picked":["Electrodynamics","Gash+1","Barrage"],"picked":"SKIP","floor":25},{"not_picked":["Beam Cell","Go for the Eyes","Blizzard"],"picked":"Biased Cognition","floor":27},{"not_picked":["Auto Shields","Cold Snap+1","Hologram"],"picked":"Turbo+1","floor":28},{"not_picked":["Barrage","Hologram","Rebound"],"picked":"Reboot","floor":29},{"not_picked":["Sweeping Beam","Barrage","Reprogram"],"picked":"Conserve Battery+1","floor":31},{"not_picked":["Reboot","Amplify","Machine Learning"],"picked":"Echo Form","floor":33},{"not_picked":["Ball Lightning","Steam","Barrage","Sweeping Beam+1"],"picked":"SKIP","floor":35},{"not_picked":["Beam Cell","Sweeping Beam+1","Turbo+1"],"picked":"Skim+1","floor":39},{"not_picked":["Steam Power","Skim+1","Sweeping Beam+1"],"picked":"Core Surge","floor":41},{"not_picked":["Stack","Fission","Multi-Cast"],"picked":"Seek","floor":44},{"not_picked":["Barrage+1","Beam Cell","Cold Snap+1"],"picked":"Redo+1","floor":45},{"not_picked":["Cold Snap+1","Ball Lightning","Steam"],"picked":"Loop+1","floor":47},{"not_picked":["Coolheaded","Scrape","Streamline"],"picked":"Capacitor+1","floor":54}],"player_experience":3034824,"relics_obtained":[{"floor":7,"key":"Boot"},{"floor":9,"key":"Pear"},{"floor":12,"key":"Art of War"},{"floor":13,"key":"Bird Faced Urn"},{"floor":17,"key":"Pen Nib"},{"floor":17,"key":"Gremlin Horn"},{"floor":17,"key":"Ice Cream"},{"floor":25,"key":"Mummified Hand"},{"floor":26,"key":"Question Card"},{"floor":27,"key":"Tiny Chest"},{"floor":37,"key":"Frozen Egg 2"},{"floor":41,"key":"Orichalcum"},{"floor":43,"key":"Ornamental Fan"},{"floor":44,"key":"Strawberry"},{"floor":47,"key":"Bottled Lightning"},{"floor":54,"key":"Bottled Flame"}],"event_choices":[{"damage_healed":0,"gold_gain":0,"player_choice":"Searched \u00272\u0027 times","damage_taken":0,"relics_obtained":["Bag of Preparation"],"max_hp_gain":0,"max_hp_loss":0,"event_name":"Dead Adventurer","floor":10,"gold_loss":0},{"cards_removed":["Strike_B"],"damage_healed":0,"gold_gain":0,"player_choice":"Card Removal","damage_taken":7,"max_hp_gain":0,"max_hp_loss":0,"event_name":"Golden Wing","floor":11,"gold_loss":0},{"cards_removed":["Shame"],"damage_healed":0,"gold_gain":0,"player_choice":"Gave Gold","damage_taken":0,"max_hp_gain":0,"max_hp_loss":0,"event_name":"Beggar","floor":20,"gold_loss":75},{"damage_healed":0,"gold_gain":0,"player_choice":"Traded Relic","damage_taken":0,"relics_obtained":["Nloth\u0027s Gift"],"max_hp_gain":0,"max_hp_loss":0,"event_name":"N\u0027loth","floor":22,"relics_lost":["Pear"],"gold_loss":0},{"cards_removed":["Darkness"],"damage_healed":0,"gold_gain":0,"player_choice":"Removed Skill","damage_taken":0,"max_hp_gain":0,"max_hp_loss":0,"event_name":"Falling","floor":48,"gold_loss":0}],"is_beta":false,"boss_relics":[{"not_picked":["Snecko Eye","FrozenCore"],"picked":"Calling Bell"},{"not_picked":["Busted Crown","Cursed Key"],"picked":"Nuclear Battery"}],"items_purged_floors":[19,24,53],"is_endless":false,"potions_floor_spawned":[2,3,7,14,18,25,35,41,44,45,47],"ascension_level":1}