{"gold_per_floor":[118,118,43,53,70,70,90,90,90,90,90],"floor_reached":11,"playtime":340,"items_purged":["Strike_R"],"score":126,"play_id":"8c516900-cd90-4c6c-a4b5-37dbe6f5ac0e","local_time":"20181227154217","is_ascension_mode":true,"campfire_choices":[{"data":"Limit Break","floor":6.0,"key":"SMITH"},{"data":"True Grit","floor":8.0,"key":"SMITH"}],"neow_cost":"TEN_PERCENT_HP_LOSS","seed_source_timestamp":4116755929777,"circlet_count":0,"master_deck":["AscendersBane","Strike_R","Strike_R","Strike_R","Defend_R","Defend_R","Defend_R","Bash","Limit Break+1","True Grit+1","Inflame","Thunderclap","Evolve"],"special_seed":0,"relics":["Burning Blood","Regal Pillow"],"potions_floor_usage":[11,11],"damage_taken":[{"damage":24.0,"enemies":"Jaw Worm","floor":1.0,"turns":5.0},{"damage":17.0,"enemies":"Cultist","floor":4.0,"turns":5.0},{"damage":1.0,"enemies":"2 Louse","floor":5.0,"turns":3.0},{"damage":10.0,"enemies":"Large Slime","floor":7.0,"turns":6.0},{"damage":42,"enemies":"Gremlin Gang","floor":11,"turns":3}],"seed_played":"7123514346456375101","potions_obtained":[{"floor":1.0,"key":"LiquidBronze"},{"floor":4.0,"key":"Block Potion"},{"floor":7.0,"key":"Block Potion"}],"is_trial":false,"path_per_floor":["M","?","$","M","M","R","M","R","T","?"],"character_chosen":"IRONCLAD","items_purchased":[],"campfire_rested":0,"item_purchase_floors":[],"current_hp_per_floor":[50,50,50,39,44,44,40,40,40,30,0],"gold":90,"neow_bonus":"TRANSFORM_TWO_CARDS","is_prod":false,"is_daily":false,"chose_seed":false,"campfire_upgraded":2,"win_rate":0,"timestamp":1545896537,"path_taken":["M","?","$","M","M","R","M","R","T","?","?"],"build_version":"2018-12-25","purchased_purges":1,"victory":false,"max_hp_per_floor":[68,68,68,68,68,68,68,68,68,68,68],"card_choices":[{"not_picked":["Body Slam","Sentinel"],"picked":"Inflame","floor":1.0},{"not_picked":["Havoc","True Grit"],"picked":"Thunderclap","floor":4.0},{"not_picked":["Flex","Armaments","Blood for Blood"],"picked":"SKIP","floor":5.0},{"not_picked":["Armaments","Corruption"],"picked":"Evolve","floor":7.0}],"player_experience":1186730,"relics_obtained":[{"floor":9.0,"key":"Regal Pillow"}],"event_choices":[{"damage_healed":0.0,"max_hp_gain":0.0,"max_hp_loss":0.0,"gold_gain":0.0,"event_name":"Liars Game","player_choice":"Ignored","floor":2.0,"gold_loss":0.0,"damage_taken":0.0},{"damage_healed":0.0,"max_hp_gain":0.0,"max_hp_loss":0.0,"gold_gain":0.0,"event_name":"Wheel of Change","player_choice":"Damaged","floor":10.0,"gold_loss":0.0,"damage_taken":10.0}],"is_beta":true,"boss_relics":[],"items_purged_floors":[3],"is_endless":false,"potions_floor_spawned":[1,4,7],"killed_by":"Gremlin Gang","ascension_level":20}