{"gold_per_floor":[117,117,42,52,72,72,89,115,115,126,144,144,77,77,77,77],"floor_reached":16,"playtime":466,"items_purged":["Pain"],"score":179,"play_id":"ccbb6160-4c39-4c56-8e10-5cc39aaee915","local_time":"20190317175452","is_ascension_mode":true,"campfire_choices":[{"data":"Body Slam","floor":6,"key":"SMITH"},{"data":"Entrench","floor":15,"key":"SMITH"}],"neow_cost":"CURSE","seed_source_timestamp":9678952234200,"circlet_count":0,"master_deck":["AscendersBane","Strike_R","Strike_R","Strike_R","Strike_R","Strike_R","Defend_R","Defend_R","Defend_R","Defend_R","Bash","True Grit","Body Slam+1","Burning Pact","Immolate","Entrench+1","Second Wind"],"relics":["Burning Blood","Calipers","Paper Frog","Pantograph","Pear"],"potions_floor_usage":[8,16],"damage_taken":[{"damage":23,"enemies":"2 Louse","floor":1,"turns":3},{"damage":5,"enemies":"Cultist","floor":4,"turns":4},{"damage":7,"enemies":"Jaw Worm","floor":5,"turns":6},{"damage":6,"enemies":"Exordium Wildlife","floor":7,"turns":4},{"damage":32,"enemies":"Gremlin Nob","floor":8,"turns":4},{"damage":6,"enemies":"Red Slaver","floor":10,"turns":3},{"damage":12,"enemies":"3 Louse","floor":11,"turns":4},{"damage":84,"enemies":"Slime Boss","floor":16,"turns":12}],"seed_played":"8650992781680600292","potions_obtained":[{"floor":1,"key":"Dexterity Potion"},{"floor":7,"key":"SteroidPotion"},{"floor":11,"key":"SneckoOil"}],"is_trial":false,"path_per_floor":["M","?","$","M","M","R","M","E","T","M","M","?","$","?","R","B"],"character_chosen":"IRONCLAD","items_purchased":["Second Wind"],"campfire_rested":0,"item_purchase_floors":[13],"current_hp_per_floor":[51,51,51,52,51,51,51,25,25,25,19,44,44,54,54,0],"gold":77,"neow_bonus":"ONE_RARE_RELIC","is_prod":false,"is_daily":false,"chose_seed":false,"campfire_upgraded":2,"win_rate":0,"timestamp":1552816492,"path_taken":["M","?","?","M","?","R","M","E","T","M","M","?","$","?","R","BOSS"],"build_version":"2019-01-23","purchased_purges":1,"victory":false,"max_hp_per_floor":[75,75,75,75,75,75,75,75,75,75,75,75,75,85,85,85],"card_choices":[{"not_picked":["Rampage","Wild Strike"],"picked":"True Grit","floor":1},{"not_picked":["Seeing Red","Headbutt"],"picked":"Body Slam","floor":4},{"not_picked":["True Grit","Body Slam"],"picked":"Burning Pact","floor":5},{"not_picked":["Flex","Iron Wave"],"picked":"Immolate","floor":7},{"not_picked":["Sword Boomerang","Warcry","Cleave"],"picked":"SKIP","floor":8},{"not_picked":["Reckless Charge","Perfected Strike","Rage"],"picked":"SKIP","floor":10},{"not_picked":["Havoc","Heavy Blade"],"picked":"Entrench","floor":11}],"player_experience":2850670,"relics_obtained":[{"floor":8,"key":"Paper Frog"},{"floor":9,"key":"Pantograph"}],"event_choices":[{"damage_healed":0,"gold_gain":0,"player_choice":"0 cards matched","damage_taken":0,"max_hp_gain":0,"max_hp_loss":0,"event_name":"Match and Keep!","floor":2,"gold_loss":0,"cards_obtained":[]},{"damage_healed":25,"gold_gain":0,"player_choice":"Banana","damage_taken":0,"max_hp_gain":0,"max_hp_loss":0,"event_name":"Big Fish","floor":12,"gold_loss":0},{"damage_healed":0,"gold_gain":0,"player_choice":"Gave Potion","damage_taken":0,"relics_obtained":["Pear"],"max_hp_gain":0,"max_hp_loss":0,"event_name":"WeMeetAgain","floor":14,"gold_loss":0}],"is_beta":false,"boss_relics":[],"items_purged_floors":[3],"is_endless":false,"potions_floor_spawned":[1,7,11],"killed_by":"Slime Boss","ascension_level":15}