{"gold_per_floor":[112,123,123,139,139,139,170,135,135,36,36,50,24,51,51,51],"floor_reached":16,"playtime":617,"items_purged":[],"score":167,"play_id":"e76d90c2-fc2f-4711-a79b-caabca2cf893","local_time":"20190416003013","is_ascension_mode":true,"campfire_choices":[{"data":"Bash","floor":6,"key":"SMITH"},{"floor":11,"key":"REST"},{"data":"Armaments","floor":15,"key":"SMITH"}],"neow_cost":"PERCENT_DAMAGE","seed_source_timestamp":314474784101300,"circlet_count":0,"master_deck":["AscendersBane","Strike_R","Strike_R","Strike_R","Strike_R","Strike_R","Defend_R","Defend_R","Defend_R","Defend_R","Bash+1","Cleave","Headbutt","Bludgeon","Inflame","True Grit","Armaments+1","Rampage"],"relics":["Burning Blood","Champion Belt","Singing Bowl","Ornamental Fan","Paper Frog"],"potions_floor_usage":[7,14],"damage_taken":[{"damage":6,"enemies":"Jaw Worm","floor":1,"turns":4},{"damage":11,"enemies":"2 Louse","floor":2,"turns":2},{"damage":0,"enemies":"Small Slimes","floor":4,"turns":4},{"damage":40,"enemies":"3 Sentries","floor":7,"turns":5},{"damage":11,"enemies":"2 Fungi Beasts","floor":12,"turns":3},{"damage":30,"enemies":"Gremlin Nob","floor":14,"turns":5},{"damage":42,"enemies":"The Guardian","floor":16,"turns":6}],"seed_played":"2266061298010425131","potions_obtained":[{"floor":2,"key":"Explosive Potion"},{"floor":12,"key":"Block Potion"}],"is_trial":false,"path_per_floor":["M","M","?","M","?","R","E","?","T","$","R","M","$","E","R","B"],"character_chosen":"IRONCLAD","items_purchased":["Inflame","True Grit","Armaments"],"campfire_rested":1,"item_purchase_floors":[10,10,13],"current_hp_per_floor":[51,46,51,57,57,57,23,44,44,44,69,66,66,42,42,0],"gold":51,"neow_bonus":"ONE_RARE_RELIC","is_prod":false,"is_daily":false,"chose_seed":false,"campfire_upgraded":2,"win_rate":0,"timestamp":1555363813,"path_taken":["M","M","?","M","?","R","E","?","T","?","R","M","$","E","R","BOSS"],"build_version":"2019-01-23","purchased_purges":0,"victory":false,"max_hp_per_floor":[80,80,85,85,85,85,85,85,85,85,85,87,87,87,87,87],"card_choices":[{"not_picked":["Clothesline","Body Slam"],"picked":"Cleave","floor":1},{"not_picked":["Wild Strike","Corruption","Dual Wield"],"picked":"SKIP","floor":2},{"not_picked":["Warcry","Dropkick"],"picked":"Headbutt","floor":4},{"not_picked":["Perfected Strike","Combust"],"picked":"Bludgeon","floor":7},{"not_picked":["Combust","Sword Boomerang","Hemokinesis"],"picked":"Singing Bowl","floor":12},{"not_picked":["Sword Boomerang","Fire Breathing"],"picked":"Rampage","floor":14}],"player_experience":270356,"relics_obtained":[{"floor":7,"key":"Singing Bowl"},{"floor":9,"key":"Ornamental Fan"},{"floor":14,"key":"Paper Frog"}],"event_choices":[{"damage_healed":0,"gold_gain":0,"player_choice":"Donut","damage_taken":0,"max_hp_gain":5,"max_hp_loss":0,"event_name":"Big Fish","floor":3,"gold_loss":0},{"damage_healed":0,"gold_gain":0,"player_choice":"Ignored","damage_taken":0,"max_hp_gain":0,"max_hp_loss":0,"event_name":"Liars Game","floor":5,"gold_loss":0},{"damage_healed":21,"gold_gain":0,"player_choice":"Healed","damage_taken":0,"max_hp_gain":0,"max_hp_loss":0,"event_name":"The Cleric","floor":8,"gold_loss":35}],"is_beta":false,"boss_relics":[],"items_purged_floors":[],"is_endless":false,"potions_floor_spawned":[2,12],"killed_by":"The Guardian","ascension_level":11}