{"gold_per_floor":[115,115,128,128,146,146,176,176,176,209,384,349,349,381,381,381],"floor_reached":16,"playtime":707,"items_purged":[],"score":128,"play_id":"24c873ee-c71a-4e1f-b251-0055ca0f28f5","local_time":"20181115212532","is_ascension_mode":true,"campfire_choices":[{"data":"Leg Sweep","floor":6,"key":"SMITH"},{"floor":13,"key":"REST"},{"floor":15,"key":"REST"}],"neow_cost":"NONE","seed_source_timestamp":2796855601001194,"circlet_count":0,"master_deck":["Defend_G","Defend_G","Defend_G","Defend_G","Defend_G","Strike_G","Strike_G","Strike_G","Strike_G","Strike_G","Survivor","Neutralize","Skewer+1","Backflip","Leg Sweep+1","Slice","Acrobatics","Doubt","Wraith Form v2"],"relics":["Ring of the Snake","NeowsBlessing","Darkstone Periapt","The Courier","Snake Skull","Bronze Scales"],"potions_floor_usage":[10,14,16],"damage_taken":[{"damage":0,"enemies":"Cultist","floor":1,"turns":1},{"damage":0,"enemies":"Small Slimes","floor":3,"turns":1},{"damage":0,"enemies":"2 Louse","floor":5,"turns":1},{"damage":29,"enemies":"Gremlin Nob","floor":7,"turns":6},{"damage":35,"enemies":"Lagavulin","floor":10,"turns":9},{"damage":20,"enemies":"Gremlin Nob","floor":14,"turns":4},{"damage":55,"enemies":"Hexaghost","floor":16,"turns":13}],"seed_played":"-2155584705204619487","potions_obtained":[{"floor":7,"key":"EssenceOfSteel"},{"floor":10,"key":"LiquidBronze"},{"floor":14,"key":"SpeedPotion"}],"is_trial":false,"path_per_floor":["M","$","M","?","M","R","E","?","T","E","?","?","R","E","R","B"],"character_chosen":"THE_SILENT","items_purchased":[],"campfire_rested":2,"item_purchase_floors":[],"current_hp_per_floor":[70,70,70,70,70,70,41,41,41,6,12,31,53,33,55,0],"gold":381,"neow_bonus":"THREE_ENEMY_KILL","is_prod":false,"is_daily":false,"chose_seed":false,"campfire_upgraded":1,"win_rate":0,"timestamp":1542335132,"path_taken":["M","$","?","?","?","R","E","?","T","E","?","?","R","E","R","BOSS"],"build_version":"2018-11-08","purchased_purges":0,"victory":false,"max_hp_per_floor":[70,70,70,70,70,70,70,70,70,70,76,76,76,76,76,76],"card_choices":[{"not_picked":["Dodge and Roll","Slice"],"picked":"Skewer","floor":1},{"not_picked":["Blur","Prepared"],"picked":"Backflip","floor":3},{"not_picked":["PiercingWail","Flying Knee"],"picked":"Leg Sweep","floor":5},{"not_picked":["Choke","Finisher"],"picked":"Slice","floor":7},{"not_picked":["Skewer","Catalyst"],"picked":"Acrobatics","floor":10},{"not_picked":["Deflect","PiercingWail"],"picked":"Wraith Form v2","floor":14}],"player_experience":146542,"relics_obtained":[{"floor":7,"key":"Darkstone Periapt"},{"floor":9,"key":"The Courier"},{"floor":10,"key":"Snake Skull"},{"floor":14,"key":"Bronze Scales"}],"event_choices":[{"damage_healed":0,"gold_gain":0,"player_choice":"Bought 0 Potions","damage_taken":0,"max_hp_gain":0,"max_hp_loss":0,"event_name":"The Woman in Blue","floor":4,"gold_loss":0},{"damage_healed":0,"gold_gain":0,"player_choice":"Grow","damage_taken":0,"max_hp_gain":0,"max_hp_loss":0,"event_name":"Living Wall","floor":8,"gold_loss":0,"cards_upgraded":["Skewer"]},{"damage_healed":0,"gold_gain":175,"player_choice":"AGREE","damage_taken":0,"max_hp_gain":0,"max_hp_loss":0,"event_name":"Liars Game","floor":11,"gold_loss":0,"cards_obtained":["Doubt"]},{"damage_healed":19,"gold_gain":0,"player_choice":"Healed","damage_taken":0,"max_hp_gain":0,"max_hp_loss":0,"event_name":"The Cleric","floor":12,"gold_loss":35}],"is_beta":false,"boss_relics":[],"items_purged_floors":[],"is_endless":false,"potions_floor_spawned":[7,10,14],"killed_by":"Hexaghost","ascension_level":2}