{"gold_per_floor":[219,219,237,187,187,187,201,231,258,272,290,290,324,336,336,435,435,448,55,85,104,104,104,116,116,116,41,41,60,10,21,21,116,116,127,127,127],"floor_reached":37,"playtime":2293,"items_purged":["Strike_R"],"score":686,"play_id":"a65e3ab7-2b08-4352-8117-c72c083b3263","local_time":"20190417002804","is_ascension_mode":true,"campfire_choices":[{"data":"Armaments","floor":6,"key":"SMITH"},{"floor":12,"key":"REST"},{"data":"Whirlwind","floor":15,"key":"SMITH"},{"floor":23,"key":"REST"},{"data":"Barricade","floor":25,"key":"SMITH"},{"data":"Impervious","floor":28,"key":"SMITH"},{"data":"True Grit","floor":32,"key":"SMITH"}],"neow_cost":"NONE","seed_source_timestamp":399066397165000,"circlet_count":0,"master_deck":["AscendersBane","Strike_R","Strike_R","Defend_R","Defend_R+1","Defend_R","Defend_R","Bash","Armaments+1","Iron Wave","Pommel Strike","Ghostly Armor+1","True Grit+1","Iron Wave","Whirlwind+1","Impervious+1","Barricade+1","Shockwave","RitualDagger","Double Tap","Shrug It Off"],"relics":["Burning Blood","Anchor","Blood Vial","War Paint","Velvet Choker","Pantograph","Vajra","Red Mask","Sozu"],"potions_floor_usage":[13,16,16,16,20,20,24,33,33],"damage_taken":[{"damage":7,"enemies":"2 Louse","floor":1,"turns":3},{"damage":10,"enemies":"Cultist","floor":3,"turns":5},{"damage":3,"enemies":"Jaw Worm","floor":7,"turns":5},{"damage":57,"enemies":"Gremlin Nob","floor":8,"turns":6},{"damage":8,"enemies":"3 Louse","floor":10,"turns":4},{"damage":0,"enemies":"2 Fungi Beasts","floor":11,"turns":4},{"damage":15,"enemies":"3 Sentries","floor":13,"turns":10},{"damage":0,"enemies":"Exordium Wildlife","floor":14,"turns":5},{"damage":0,"enemies":"The Guardian","floor":16,"turns":18},{"damage":9,"enemies":"Spheric Guardian","floor":18,"turns":9},{"damage":69,"enemies":"Masked Bandits","floor":20,"turns":10},{"damage":0,"enemies":"3 Byrds","floor":21,"turns":6},{"damage":0,"enemies":"Shelled Parasite and Fungi","floor":24,"turns":10},{"damage":24,"enemies":"Centurion and Healer","floor":29,"turns":6},{"damage":3,"enemies":"Snecko","floor":31,"turns":5},{"damage":61,"enemies":"Automaton","floor":33,"turns":20},{"damage":9,"enemies":"Orb Walker","floor":35,"turns":5},{"damage":67,"enemies":"2 Orb Walkers","floor":37,"turns":5}],"seed_played":"-321487144705629796","potions_obtained":[{"floor":10,"key":"Fire Potion"},{"floor":11,"key":"PowerPotion"},{"floor":13,"key":"EntropicBrew"},{"floor":18,"key":"Weak Potion"},{"floor":21,"key":"AttackPotion"},{"floor":31,"key":"GamblersBrew"}],"is_trial":false,"path_per_floor":["M","?","M","?","?","R","M","E","T","M","M","R","E","M","R","B",null,"M","$","?","M","?","R","M","R","T","$","R","M","$","M","R","B",null,"M","?","?"],"character_chosen":"IRONCLAD","items_purchased":["Pantograph","Vajra","Energy Potion"],"campfire_rested":2,"item_purchase_floors":[19,19,30],"current_hp_per_floor":[71,71,67,67,67,67,70,19,19,19,27,51,44,52,52,60,75,74,74,13,21,15,39,47,47,47,47,47,31,31,36,36,8,62,61,61,0],"gold":127,"neow_bonus":"HUNDRED_GOLD","is_prod":false,"is_daily":false,"chose_seed":false,"campfire_upgraded":5,"win_rate":0,"timestamp":1555450084,"path_taken":["M","?","M","?","?","R","?","E","T","M","M","R","E","M","R","BOSS","M","$","?","M","?","R","M","R","T","$","R","M","$","M","R","BOSS","M","?","?"],"build_version":"2019-01-23","purchased_purges":1,"victory":false,"max_hp_per_floor":[80,80,80,80,80,80,80,80,80,80,80,80,80,80,80,80,80,80,80,80,80,80,80,80,80,80,80,80,80,80,80,80,80,80,80,76,76],"card_choices":[{"not_picked":["Sword Boomerang","Evolve"],"picked":"Armaments","floor":1},{"not_picked":["Power Through","Warcry"],"picked":"Iron Wave","floor":3},{"not_picked":["Heavy Blade","Clash"],"picked":"Pommel Strike","floor":7},{"not_picked":["Havoc","Power Through"],"picked":"Ghostly Armor","floor":8},{"not_picked":["Clash","Heavy Blade"],"picked":"True Grit","floor":10},{"not_picked":["Reckless Charge","Thunderclap"],"picked":"Iron Wave","floor":11},{"not_picked":["Flex","Cleave"],"picked":"Whirlwind","floor":13},{"not_picked":["Whirlwind","Dual Wield"],"picked":"Impervious","floor":14},{"not_picked":["Exhume","Dark Embrace"],"picked":"Barricade","floor":16},{"not_picked":["Heavy Blade","True Grit","Perfected Strike"],"picked":"SKIP","floor":18},{"not_picked":["Headbutt","Perfected Strike"],"picked":"Shockwave","floor":21},{"not_picked":["Havoc","Armaments"],"picked":"Double Tap","floor":24},{"not_picked":["Anger","Perfected Strike","Corruption"],"picked":"SKIP","floor":29},{"not_picked":["Iron Wave","Hemokinesis+1","Clothesline"],"picked":"SKIP","floor":31},{"not_picked":["Reckless Charge","Pommel Strike"],"picked":"Shrug It Off","floor":35}],"player_experience":282081,"relics_obtained":[{"floor":8,"key":"Anchor"},{"floor":9,"key":"Blood Vial"},{"floor":13,"key":"War Paint"},{"floor":20,"key":"Red Mask"}],"event_choices":[{"damage_healed":0,"gold_gain":0,"player_choice":"Ignored","damage_taken":0,"max_hp_gain":0,"max_hp_loss":0,"event_name":"Liars Game","floor":2,"gold_loss":0},{"cards_removed":["Strike_R"],"damage_healed":0,"gold_gain":0,"player_choice":"Card Removal","damage_taken":0,"max_hp_gain":0,"max_hp_loss":0,"event_name":"The Cleric","floor":4,"gold_loss":50},{"cards_removed":["Strike_R"],"damage_healed":0,"gold_gain":0,"player_choice":"Offered Basic","damage_taken":0,"max_hp_gain":0,"max_hp_loss":0,"event_name":"Bonfire Elementals","floor":5,"gold_loss":0},{"damage_healed":0,"gold_gain":0,"player_choice":"Fought Bandits","damage_taken":0,"max_hp_gain":0,"max_hp_loss":0,"event_name":"Masked Bandits","floor":20,"gold_loss":0},{"damage_healed":0,"gold_gain":0,"player_choice":"Joined the Cult","damage_taken":6,"max_hp_gain":0,"max_hp_loss":0,"event_name":"Nest","floor":22,"gold_loss":0,"cards_obtained":["RitualDagger"]},{"damage_healed":0,"gold_gain":0,"player_choice":"Max HP","damage_taken":0,"max_hp_gain":0,"max_hp_loss":4,"event_name":"Winding Halls","floor":36,"gold_loss":0},{"damage_healed":0,"gold_gain":0,"player_choice":"Fight","damage_taken":0,"max_hp_gain":0,"max_hp_loss":0,"event_name":"Mysterious Sphere","floor":37,"gold_loss":0}],"is_beta":false,"boss_relics":[{"not_picked":["Coffee Dripper","Runic Dome"],"picked":"Velvet Choker"},{"not_picked":["Snecko Eye","Mark of Pain"],"picked":"Sozu"}],"items_purged_floors":[27],"is_endless":false,"potions_floor_spawned":[10,11,13,18,21,31,35],"killed_by":"2 Orb Walkers","ascension_level":12}