{"gold_per_floor":[115,126,51,51,201,201,227,227,227,227,10,10,24,59,59,59],"floor_reached":16,"playtime":1000,"items_purged":["Strike_B"],"score":262,"play_id":"f33b3ca5-9886-48eb-903b-8983496b7d40","local_time":"20190114182815","is_ascension_mode":true,"campfire_choices":[{"data":"Zap","floor":6,"key":"SMITH"},{"data":"Core Surge","floor":8,"key":"SMITH"},{"data":"Dualcast","floor":10,"key":"SMITH"},{"data":"Cold Snap","floor":12,"key":"SMITH"},{"data":"Cold Snap","floor":15,"key":"SMITH"}],"neow_cost":"NONE","seed_source_timestamp":345605587274258,"circlet_count":0,"master_deck":["AscendersBane","Strike_B","Strike_B","Strike_B","Defend_B","Defend_B","Defend_B","Defend_B","Zap+1","Dualcast+1","Doubt","Core Surge+1","Echo Form","Cold Snap+1","Cold Snap+1","Conserve Battery+1"],"relics":["Cracked Core","NeowsBlessing","Juzu Bracelet","Centennial Puzzle","Toxic Egg 2","Pen Nib"],"potions_floor_usage":[16],"damage_taken":[{"damage":0,"enemies":"Jaw Worm","floor":1,"turns":1},{"damage":0,"enemies":"2 Louse","floor":2,"turns":1},{"damage":0,"enemies":"Gremlin Nob","floor":7,"turns":1},{"damage":0,"enemies":"Cultist","floor":13,"turns":3},{"damage":13,"enemies":"Lagavulin","floor":14,"turns":8},{"damage":46,"enemies":"Hexaghost","floor":16,"turns":11}],"seed_played":"-3761025052003338534","potions_obtained":[{"floor":1,"key":"Dexterity Potion"}],"is_trial":false,"path_per_floor":["M","M","$","?","?","R","E","R","T","R","$","R","M","E","R","B"],"character_chosen":"DEFECT","items_purchased":["Echo Form","Cold Snap"],"campfire_rested":0,"item_purchase_floors":[11,11],"current_hp_per_floor":[64,64,64,59,59,59,59,59,59,59,59,59,59,46,46,0],"gold":59,"neow_bonus":"THREE_ENEMY_KILL","is_prod":false,"is_daily":false,"chose_seed":false,"campfire_upgraded":5,"win_rate":0,"timestamp":1547508495,"path_taken":["M","M","$","?","?","R","E","R","T","R","$","R","M","E","R","BOSS"],"build_version":"2019-01-10","purchased_purges":1,"victory":false,"max_hp_per_floor":[71,71,71,71,71,71,71,71,71,71,71,71,71,71,71,71],"card_choices":[{"not_picked":["Redo","Stack"],"picked":"Core Surge","floor":7},{"not_picked":["Redo+1","Leap+1"],"picked":"Cold Snap","floor":13},{"not_picked":["Turbo+1","Leap+1"],"picked":"Conserve Battery+1","floor":14}],"player_experience":1641304,"relics_obtained":[{"floor":7,"key":"Centennial Puzzle"},{"floor":9,"key":"Toxic Egg 2"},{"floor":14,"key":"Pen Nib"}],"event_choices":[{"damage_healed":0,"gold_gain":0,"player_choice":"Success","damage_taken":5,"relics_obtained":["Juzu Bracelet"],"max_hp_gain":0,"max_hp_loss":0,"event_name":"Scrap Ooze","floor":4,"gold_loss":0},{"damage_healed":0,"gold_gain":150,"player_choice":"AGREE","damage_taken":0,"max_hp_gain":0,"max_hp_loss":0,"event_name":"Liars Game","floor":5,"gold_loss":0,"cards_obtained":["Doubt"]}],"is_beta":true,"boss_relics":[],"items_purged_floors":[3],"is_endless":false,"potions_floor_spawned":[1],"killed_by":"Hexaghost","ascension_level":20}