{"gold_per_floor":[116,134,147,166,166,194,213,231,254,108,108],"floor_reached":11,"playtime":556,"items_purged":["Strike_R"],"score":85,"play_id":"82dd2aa1-6449-47ab-bd38-444c7ed0d474","local_time":"20190325224505","is_ascension_mode":true,"campfire_choices":[],"neow_cost":"NONE","seed_source_timestamp":915481157212400,"circlet_count":0,"master_deck":["Strike_R","Strike_R","Strike_R","Strike_R","Defend_R","Defend_R+1","Defend_R+1","Defend_R","Bash","Spot Weakness","Twin Strike","Warcry","Battle Trance","Seeing Red","Bloodletting","Cleave","Flex","Heavy Blade"],"relics":["Burning Blood","War Paint"],"potions_floor_usage":[6,6,11],"damage_taken":[{"damage":4,"enemies":"Small Slimes","floor":1,"turns":4},{"damage":15,"enemies":"Cultist","floor":2,"turns":5},{"damage":6,"enemies":"Jaw Worm","floor":3,"turns":4},{"damage":15,"enemies":"Exordium Wildlife","floor":4,"turns":5},{"damage":46,"enemies":"Gremlin Nob","floor":6,"turns":5},{"damage":14,"enemies":"Looter","floor":7,"turns":3},{"damage":21,"enemies":"Large Slime","floor":8,"turns":5},{"damage":13,"enemies":"Lagavulin","floor":11,"turns":2}],"seed_played":"6584691140530251036","potions_obtained":[{"floor":1,"key":"AttackPotion"},{"floor":2,"key":"SpeedPotion"},{"floor":8,"key":"SteroidPotion"}],"is_trial":false,"path_per_floor":["M","M","M","M","?","E","M","M","T","$","E"],"character_chosen":"IRONCLAD","items_purchased":["Flex","Heavy Blade"],"campfire_rested":0,"item_purchase_floors":[10,10],"current_hp_per_floor":[88,79,79,70,70,30,22,7,7,7,0],"gold":108,"neow_bonus":"TEN_PERCENT_HP_BONUS","is_prod":false,"is_daily":false,"chose_seed":false,"campfire_upgraded":0,"win_rate":0,"timestamp":1553546705,"path_taken":["M","M","M","M","?","E","M","M","T","$","E"],"build_version":"2019-01-23","purchased_purges":1,"victory":false,"max_hp_per_floor":[88,88,88,88,88,88,88,88,88,88,88],"card_choices":[{"not_picked":["Cleave","Flex"],"picked":"Spot Weakness","floor":1},{"not_picked":["Spot Weakness","Clash"],"picked":"Twin Strike","floor":2},{"not_picked":["Spot Weakness","Sword Boomerang"],"picked":"Warcry","floor":3},{"not_picked":["Sever Soul","Exhume"],"picked":"Battle Trance","floor":4},{"not_picked":["Exhume","Sword Boomerang","Anger"],"picked":"SKIP","floor":6},{"not_picked":["Iron Wave","Searing Blow"],"picked":"Bloodletting","floor":7},{"not_picked":["Dual Wield","Clash"],"picked":"Cleave","floor":8}],"player_experience":99629,"relics_obtained":[{"floor":6,"key":"War Paint"}],"event_choices":[{"damage_healed":0,"gold_gain":0,"player_choice":"1 cards matched","damage_taken":0,"max_hp_gain":0,"max_hp_loss":0,"event_name":"Match and Keep!","floor":5,"gold_loss":0,"cards_obtained":["Seeing Red"]}],"is_beta":false,"boss_relics":[],"items_purged_floors":[10],"is_endless":false,"potions_floor_spawned":[1,2,8],"killed_by":"Lagavulin","ascension_level":2}