{"gold_per_floor":[109,109,119,119,129,129,158,158,158,173,206,51,70,87,87,165,165,185,185,197,213,233,233,251,265,265,265],"floor_reached":27,"playtime":1102,"items_purged":["Strike_B"],"score":558,"play_id":"9b5edfc1-3dc2-4d3f-8420-8fa8ec478604","local_time":"20181209204758","is_ascension_mode":true,"campfire_choices":[{"data":"Zap","floor":6.0,"key":"SMITH"},{"data":"Ball Lightning","floor":8.0,"key":"SMITH"},{"data":"Defragment","floor":15.0,"key":"SMITH"},{"floor":23.0,"key":"REST"}],"neow_cost":"TEN_PERCENT_HP_LOSS","seed_source_timestamp":3813650430666,"circlet_count":0,"master_deck":["AscendersBane","Strike_B","Strike_B","Defend_B","Defend_B","Defend_B","Defend_B","Zap+1","Dualcast+1","Auto Shields","Ball Lightning+1","Hologram+1","Cold Snap","Melter","Loop","Defragment+1","Multi-Cast+1","Darkness+1","Consume+1","Go for the Eyes","Fission+1"],"special_seed":0,"relics":["Cracked Core","Du-Vu Doll","Toxic Egg 2","Meat on the Bone","Potion Belt","White Beast Statue","Cables"],"potions_floor_usage":[27],"damage_taken":[{"damage":19.0,"enemies":"Jaw Worm","floor":1.0,"turns":4.0},{"damage":5.0,"enemies":"Small Slimes","floor":3.0,"turns":4.0},{"damage":0.0,"enemies":"Cultist","floor":5.0,"turns":3.0},{"damage":22.0,"enemies":"3 Sentries","floor":7.0,"turns":8.0},{"damage":5.0,"enemies":"3 Louse","floor":10.0,"turns":2.0},{"damage":32.0,"enemies":"Gremlin Nob","floor":11.0,"turns":4.0},{"damage":7.0,"enemies":"Red Slaver","floor":13.0,"turns":2.0},{"damage":3.0,"enemies":"Gremlin Gang","floor":14.0,"turns":3.0},{"damage":0.0,"enemies":"The Guardian","floor":16.0,"turns":8.0},{"damage":16.0,"enemies":"Shell Parasite","floor":18.0,"turns":4.0},{"damage":27.0,"enemies":"2 Thieves","floor":20.0,"turns":5.0},{"damage":0.0,"enemies":"Chosen and Byrds","floor":21.0,"turns":3.0},{"damage":38.0,"enemies":"Snake Plant","floor":22.0,"turns":4.0},{"damage":8.0,"enemies":"Snecko","floor":24.0,"turns":3.0},{"damage":26.0,"enemies":"Cultist and Chosen","floor":25.0,"turns":6.0},{"damage":24,"enemies":"Slavers","floor":27,"turns":2}],"seed_played":"-7668057157748672022","potions_obtained":[{"floor":1.0,"key":"Regen Potion"},{"floor":5.0,"key":"Dexterity Potion"},{"floor":10.0,"key":"SpeedPotion"},{"floor":11.0,"key":"Block Potion"},{"floor":18.0,"key":"Explosive Potion"},{"floor":20.0,"key":"Explosive Potion"},{"floor":21.0,"key":"Ancient Potion"},{"floor":22.0,"key":"GamblersBrew"},{"floor":24.0,"key":"GamblersBrew"},{"floor":25.0,"key":"Explosive Potion"}],"is_trial":false,"path_per_floor":["M","?","M","?","M","R","E","R","T","M","E","$","M","M","R","B",null,"M","?","M","M","M","R","M","M","T","E"],"character_chosen":"DEFECT","items_purchased":["FocusPotion"],"campfire_rested":1,"item_purchase_floors":[12],"current_hp_per_floor":[45,64,59,59,59,59,49,49,49,44,24,24,29,38,38,38,58,42,42,27,39,13,32,36,22,22,0],"gold":265,"neow_bonus":"ONE_RARE_RELIC","is_prod":false,"is_daily":false,"chose_seed":false,"campfire_upgraded":3,"win_rate":0,"timestamp":1544359678,"path_taken":["M","?","M","?","?","R","E","R","T","M","E","$","M","M","R","BOSS","M","?","?","M","M","R","M","?","T","E"],"build_version":"2018-12-06","purchased_purges":1,"victory":false,"max_hp_per_floor":[64,64,64,64,64,64,64,64,64,64,64,64,64,64,64,64,64,64,64,64,64,64,64,64,64,64,64],"card_choices":[{"not_picked":["Fusion","Conserve Battery"],"picked":"Auto Shields","floor":1.0},{"not_picked":["Hello World","Lockon"],"picked":"Ball Lightning","floor":3.0},{"not_picked":["Conserve Battery","Scrape","Stack"],"picked":"SKIP","floor":5.0},{"not_picked":["Fusion","Streamline"],"picked":"Hologram","floor":7.0},{"not_picked":["Aggregate+1","Ball Lightning"],"picked":"Cold Snap","floor":10.0},{"not_picked":["FTL","Hologram+1","Melter"],"picked":"SKIP","floor":11.0},{"not_picked":["FTL","Hologram+1"],"picked":"Melter","floor":11.0},{"not_picked":["Hologram+1","Go for the Eyes"],"picked":"Loop","floor":13.0},{"not_picked":["Machine Learning","Streamline"],"picked":"Defragment","floor":14.0},{"not_picked":["Thunder Strike","Machine Learning"],"picked":"Multi-Cast+1","floor":16.0},{"not_picked":["Static Discharge+1","Barrage","Rebound"],"picked":"SKIP","floor":18.0},{"not_picked":["Rebound","Streamline"],"picked":"Darkness+1","floor":20.0},{"not_picked":["Sunder","Gash"],"picked":"Consume+1","floor":21.0},{"not_picked":["Static Discharge","Compile Driver"],"picked":"Go for the Eyes","floor":22.0},{"not_picked":["Defragment","Loop","Gash"],"picked":"SKIP","floor":24.0},{"not_picked":["Defragment","Force Field+1"],"picked":"Fission+1","floor":25.0}],"player_experience":2337957,"relics_obtained":[{"floor":7.0,"key":"Toxic Egg 2"},{"floor":9.0,"key":"Meat on the Bone"},{"floor":11.0,"key":"Potion Belt"},{"floor":26.0,"key":"Cables"}],"event_choices":[{"damage_healed":21.0,"max_hp_gain":0.0,"max_hp_loss":0.0,"gold_gain":0.0,"event_name":"Big Fish","player_choice":"Banana","floor":2.0,"gold_loss":0.0,"damage_taken":0.0},{"cards_removed":["Strike_B"],"damage_healed":0.0,"max_hp_gain":0.0,"max_hp_loss":0.0,"gold_gain":0.0,"event_name":"Bonfire Elementals","player_choice":"Offered Basic","floor":4.0,"gold_loss":0.0,"damage_taken":0.0},{"damage_healed":0.0,"max_hp_gain":0.0,"max_hp_loss":0.0,"gold_gain":0.0,"event_name":"Accursed Blacksmith","player_choice":"Forge","floor":19.0,"gold_loss":0.0,"damage_taken":0.0,"cards_upgraded":["Dualcast"]}],"is_beta":false,"boss_relics":[{"not_picked":["Astrolabe","Eternal Feather"],"picked":"White Beast Statue"}],"items_purged_floors":[12],"is_endless":false,"potions_floor_spawned":[1,5,10,11,18,20,21,22,24,25],"killed_by":"Slavers","ascension_level":20}