{"gold_per_floor":[114,124,134,200,170,170,197,197,197,217,217,232,232,249,249,249],"floor_reached":16,"playtime":587,"items_purged":[],"score":204,"play_id":"0758c833-6ebe-41dc-8325-deb1dd43a118","local_time":"20180927013556","is_ascension_mode":true,"campfire_choices":[{"data":"Armaments","floor":6,"key":"SMITH"},{"data":"Corruption","floor":8,"key":"SMITH"},{"data":"Feed","floor":15,"key":"SMITH"}],"neow_cost":"NONE","seed_source_timestamp":14472731904184,"circlet_count":0,"master_deck":["Strike_R","Strike_R","Strike_R","Strike_R","Defend_R","Defend_R","Defend_R","Defend_R","Bash","AscendersBane","Feed+1","Clash","Sword Boomerang","Armaments+1","Whirlwind+1","Corruption+1","Clothesline","Sword Boomerang"],"relics":["Burning Blood","Letter Opener","Frozen Egg 2"],"potions_floor_usage":[7,16],"damage_taken":[{"damage":18,"enemies":"Jaw Worm","floor":1,"turns":6},{"damage":1,"enemies":"Small Slimes","floor":2,"turns":3},{"damage":1,"enemies":"Cultist","floor":3,"turns":4},{"damage":1,"enemies":"Looter","floor":5,"turns":4},{"damage":35,"enemies":"Gremlin Nob","floor":7,"turns":6},{"damage":27,"enemies":"Lots of Slimes","floor":10,"turns":4},{"damage":5,"enemies":"Exordium Wildlife","floor":12,"turns":3},{"damage":0,"enemies":"Large Slime","floor":14,"turns":5},{"damage":57,"enemies":"Slime Boss","floor":16,"turns":8}],"seed_played":"2809017296183581402","potions_obtained":[{"floor":1,"key":"SkillPotion"},{"floor":7,"key":"Ancient Potion"},{"floor":10,"key":"SkillPotion"}],"is_trial":false,"path_per_floor":["M","M","M","?","M","R","E","R","T","M","?","M","?","M","R"],"character_chosen":"IRONCLAD","items_purchased":[],"campfire_rested":0,"item_purchase_floors":[],"current_hp_per_floor":[59,67,75,75,80,80,54,54,54,36,36,40,40,49,49,0],"gold":249,"neow_bonus":"ONE_RANDOM_RARE_CARD","is_prod":false,"is_daily":false,"chose_seed":false,"campfire_upgraded":3,"win_rate":0,"timestamp":1538004956,"path_taken":["M","M","M","?","M","R","E","R","T","M","?","M","?","M","R","BOSS"],"build_version":"2018-09-20","purchased_purges":0,"victory":false,"max_hp_per_floor":[78,81,84,84,84,84,87,87,87,90,90,93,93,96,96,96],"card_choices":[{"not_picked":["Rupture","Warcry"],"picked":"Clash","floor":1},{"not_picked":["Cleave","Hemokinesis"],"picked":"Sword Boomerang","floor":2},{"not_picked":["Anger","Warcry"],"picked":"Armaments","floor":3},{"not_picked":["Carnage","Sword Boomerang"],"picked":"Whirlwind","floor":5},{"not_picked":["Fire Breathing","Iron Wave"],"picked":"Corruption","floor":7},{"not_picked":["Combust+1","Reckless Charge","Thunderclap"],"picked":"SKIP","floor":10},{"not_picked":["Pommel Strike","Body Slam"],"picked":"Clothesline","floor":12},{"not_picked":["Perfected Strike","Sentinel"],"picked":"Sword Boomerang","floor":14}],"player_experience":271873,"relics_obtained":[{"floor":7,"key":"Letter Opener"},{"floor":9,"key":"Frozen Egg 2"}],"event_choices":[{"event_name":"Golden Wing","player_choice":"Gained Gold","floor":4,"damage_taken":0},{"event_name":"Upgrade Shrine","player_choice":"Upgraded","floor":11,"damage_taken":0},{"event_name":"Purifier","player_choice":"One Purge","floor":13,"damage_taken":0}],"is_beta":false,"boss_relics":[],"items_purged_floors":[],"is_endless":false,"potions_floor_spawned":[1,7,10],"killed_by":"Slime Boss","ascension_level":15}