{"gold_per_floor":[115,115,131,206,131,163,179,199,222,222,222],"floor_reached":11,"playtime":309,"items_purged":["Regret"],"score":73,"play_id":"46da126e-30cc-4249-b550-d6ee8603f0c5","local_time":"20190111210630","is_ascension_mode":false,"campfire_choices":[],"neow_cost":"NONE","seed_source_timestamp":173800914936792,"circlet_count":0,"master_deck":["Strike_R","Strike_R","Strike_R","Strike_R","Strike_R","Defend_R","Defend_R","Defend_R+1","Defend_R+1","Bash"],"relics":["Orrery","War Paint","Potion Belt","Oddly Smooth Stone"],"potions_floor_usage":[8],"damage_taken":[{"damage":6,"enemies":"2 Louse","floor":1,"turns":4},{"damage":11,"enemies":"Jaw Worm","floor":3,"turns":2},{"damage":46,"enemies":"3 Sentries","floor":6,"turns":14},{"damage":1,"enemies":"Cultist","floor":7,"turns":4},{"damage":0,"enemies":"Large Slime","floor":8,"turns":7},{"damage":6,"enemies":"Lots of Slimes","floor":11,"turns":1}],"seed_played":"3926153377072059422","potions_obtained":[{"floor":1,"key":"Swift Potion"}],"is_trial":false,"path_per_floor":["M","?","M","?","$","E","M","M","T","?","M"],"character_chosen":"IRONCLAD","items_purchased":[],"campfire_rested":0,"item_purchase_floors":[],"current_hp_per_floor":[74,74,63,52,52,6,5,5,5,5,0],"gold":222,"neow_bonus":"BOSS_RELIC","is_prod":false,"is_daily":false,"chose_seed":false,"campfire_upgraded":0,"win_rate":0,"timestamp":1547237190,"path_taken":["M","?","M","?","$","E","M","?","T","?","M"],"build_version":"2019-01-10","purchased_purges":1,"victory":false,"max_hp_per_floor":[80,80,80,80,80,80,80,80,80,80,80],"card_choices":[{"not_picked":["Immolate","Battle Trance","Dual Wield"],"picked":"SKIP","floor":1},{"not_picked":["Thunderclap","Infernal Blade","Anger"],"picked":"SKIP","floor":3},{"not_picked":["Searing Blow","Sword Boomerang","Sever Soul"],"picked":"SKIP","floor":6},{"not_picked":["Heavy Blade","Evolve","Metallicize"],"picked":"SKIP","floor":7},{"not_picked":["Headbutt","Double Tap","Sentinel"],"picked":"SKIP","floor":8}],"player_experience":439344,"relics_obtained":[{"floor":6,"key":"Potion Belt"},{"floor":9,"key":"Oddly Smooth Stone"}],"event_choices":[{"damage_healed":0,"gold_gain":0,"player_choice":"Box","damage_taken":0,"relics_obtained":["War Paint"],"max_hp_gain":0,"max_hp_loss":0,"event_name":"Big Fish","floor":2,"gold_loss":0,"cards_obtained":["Regret"]},{"damage_healed":0,"gold_gain":75,"player_choice":"Gather Gold","damage_taken":11,"max_hp_gain":0,"max_hp_loss":0,"event_name":"World of Goop","floor":4,"gold_loss":0},{"damage_healed":0,"gold_gain":0,"player_choice":"Ignored","damage_taken":0,"max_hp_gain":0,"max_hp_loss":0,"event_name":"Golden Wing","floor":10,"gold_loss":0}],"is_beta":false,"boss_relics":[],"items_purged_floors":[5],"is_endless":false,"potions_floor_spawned":[1],"killed_by":"Lots of Slimes","ascension_level":0}