{"gold_per_floor":[119,136,154,17,34,34,63,63,63,63,63,74,74,107,107,184,184,204,44,44,56,56,56],"floor_reached":23,"playtime":1173,"items_purged":["Decay"],"score":498,"play_id":"0429d04d-8ce6-4c53-98c2-f6f90178bb68","local_time":"20190121110408","is_ascension_mode":true,"campfire_choices":[{"floor":6.0,"key":"REST"},{"data":"Defragment","floor":8.0,"key":"SMITH"},{"data":"Zap","floor":10.0,"key":"SMITH"},{"floor":13.0,"key":"REST"},{"data":"Turbo","floor":15.0,"key":"SMITH"}],"neow_cost":"TEN_PERCENT_HP_LOSS","seed_source_timestamp":122004146664,"circlet_count":0,"master_deck":["AscendersBane","Strike_B","Strike_B","Strike_B","Defend_B","Defend_B","Defend_B","Defend_B","Zap+1","Dualcast","Genetic Algorithm","Defragment+1","Conserve Battery","BootSequence","Cold Snap","Turbo+1","Redo","Melter","Creative AI+1","Machine Learning+1","Clumsy","Parasite","Heatsinks+1","Skim+1"],"special_seed":0,"relics":["Cracked Core","Dead Branch","Pantograph","Frozen Egg 2","Dodecahedron","Calling Bell","Vajra","Toxic Egg 2","Mango"],"potions_floor_usage":[],"damage_taken":[{"damage":1.0,"enemies":"Cultist","floor":1.0,"turns":3.0},{"damage":16.0,"enemies":"2 Louse","floor":2.0,"turns":3.0},{"damage":8.0,"enemies":"Small Slimes","floor":3.0,"turns":3.0},{"damage":9.0,"enemies":"2 Fungi Beasts","floor":5.0,"turns":4.0},{"damage":27.0,"enemies":"Lagavulin","floor":7.0,"turns":12.0},{"damage":0.0,"enemies":"Exordium Wildlife","floor":12.0,"turns":8.0},{"damage":24.0,"enemies":"Gremlin Nob","floor":14.0,"turns":4.0},{"damage":0.0,"enemies":"The Guardian","floor":16.0,"turns":12.0},{"damage":16.0,"enemies":"3 Byrds","floor":18.0,"turns":3.0},{"damage":23.0,"enemies":"Shell Parasite","floor":21.0,"turns":6.0},{"damage":36,"enemies":"Slavers","floor":23,"turns":3}],"seed_played":"5317636912372591713","potions_obtained":[{"floor":3.0,"key":"SkillPotion"},{"floor":12.0,"key":"Block Potion"}],"is_trial":false,"path_per_floor":["M","M","M","$","M","R","E","R","T","R","?","M","R","E","R","B",null,"M","$","?","M","?","E"],"character_chosen":"DEFECT","items_purchased":["BootSequence","Cold Snap","Heatsinks+1"],"campfire_rested":2,"item_purchase_floors":[4,4,19],"current_hp_per_floor":[63,47,39,39,30,49,22,22,22,22,22,22,41,17,17,42,73,57,57,57,34,34,0],"gold":56,"neow_bonus":"ONE_RARE_RELIC","is_prod":false,"is_daily":false,"chose_seed":false,"campfire_upgraded":3,"win_rate":0,"timestamp":1548039848,"path_taken":["M","M","?","$","M","R","E","R","T","R","?","M","R","E","R","BOSS","M","$","?","M","?","E"],"build_version":"2019-01-17v2","purchased_purges":1,"victory":false,"max_hp_per_floor":[64,64,64,64,64,64,64,64,64,64,64,64,64,64,64,64,78,78,78,78,78,78,78],"card_choices":[{"not_picked":["Redo","Turbo"],"picked":"Genetic Algorithm","floor":1.0},{"not_picked":["Steam","Barrage"],"picked":"Defragment","floor":2.0},{"not_picked":["Gash","Heatsinks"],"picked":"Conserve Battery","floor":3.0},{"not_picked":["Compile Driver","Lockon"],"picked":"Turbo","floor":5.0},{"not_picked":["Turbo","Stack","Ball Lightning"],"picked":"SKIP","floor":7.0},{"not_picked":["Barrage","Compile Driver"],"picked":"Melter","floor":12.0},{"not_picked":["Leap","Ball Lightning"],"picked":"Creative AI+1","floor":14.0},{"not_picked":["Meteor Strike","All For One"],"picked":"Machine Learning+1","floor":16.0},{"not_picked":["Go for the Eyes","Redo+1","Streamline+1"],"picked":"SKIP","floor":18.0},{"not_picked":["Beam Cell","Scrape"],"picked":"Skim+1","floor":21.0}],"player_experience":2569053,"relics_obtained":[{"floor":7.0,"key":"Pantograph"},{"floor":9.0,"key":"Frozen Egg 2"},{"floor":14.0,"key":"Dodecahedron"},{"floor":17.0,"key":"Vajra"},{"floor":17.0,"key":"Toxic Egg 2"},{"floor":17.0,"key":"Mango"}],"event_choices":[{"damage_healed":0.0,"max_hp_gain":0.0,"max_hp_loss":0.0,"gold_gain":0.0,"cards_transformed":["Strike_B"],"event_name":"Living Wall","player_choice":"Change","floor":11.0,"gold_loss":0.0,"damage_taken":0.0,"cards_obtained":["Redo"]},{"damage_healed":0.0,"max_hp_gain":0.0,"max_hp_loss":0.0,"gold_gain":0.0,"event_name":"The Mausoleum","player_choice":"Ignored","floor":20.0,"gold_loss":0.0,"damage_taken":0.0},{"damage_healed":0.0,"max_hp_gain":0.0,"max_hp_loss":0.0,"gold_gain":0.0,"event_name":"Cursed Tome","player_choice":"Ignored","floor":22.0,"gold_loss":0.0,"damage_taken":0.0}],"is_beta":false,"boss_relics":[{"not_picked":["Busted Crown","Runic Pyramid"],"picked":"Calling Bell"}],"items_purged_floors":[19],"is_endless":false,"potions_floor_spawned":[3,12],"killed_by":"Slavers","ascension_level":20}