{"gold_per_floor":[113,133,147,163,88,88,38,64,64,64,83,102,27,40,40,114,114,34,34,34,34,34,34,34,34,34,34,0,0,0,0,0,0],"floor_reached":33,"playtime":1416,"items_purged":["Strike_G"],"score":552,"play_id":"11289939-6fc1-49f2-929d-510500135b0d","local_time":"20190508223438","is_ascension_mode":true,"campfire_choices":[{"data":"Venomology","floor":6.0,"key":"SMITH"},{"data":"1","floor":10.0,"key":"LIFT"},{"floor":15.0,"key":"REST"},{"floor":23.0,"key":"REST"},{"data":"2","floor":25.0,"key":"LIFT"},{"floor":30,"key":"REST"},{"floor":32,"key":"REST"}],"neow_cost":"TEN_PERCENT_HP_LOSS","seed_source_timestamp":176535575794594,"circlet_count":0,"master_deck":["AscendersBane","Defend_G","Defend_G","Defend_G","Defend_G","Defend_G","Strike_G","Strike_G","Survivor","Neutralize","Venomology+1","Poisoned Stab","Storm of Steel","Well Laid Plans","Deadly Poison","Venomology","Blade Dance","Calculated Gamble","Expertise","Corpse Explosion","Acrobatics","Decay","Setup","Poisoned Stab+1","Dodge and Roll+1","Backflip"],"special_seed":0,"relics":["Ring of the Snake","Question Card","Girya","Ectoplasm","Regal Pillow"],"potions_floor_usage":[27,27,31,31,33,33,33],"damage_taken":[{"damage":10.0,"enemies":"2 Louse","floor":1.0,"turns":4.0},{"damage":1.0,"enemies":"Jaw Worm","floor":2.0,"turns":3.0},{"damage":0.0,"enemies":"Cultist","floor":3.0,"turns":4.0},{"damage":2.0,"enemies":"Looter","floor":4.0,"turns":5.0},{"damage":36.0,"enemies":"Lagavulin","floor":8.0,"turns":7.0},{"damage":4.0,"enemies":"Lots of Slimes","floor":11.0,"turns":6.0},{"damage":1.0,"enemies":"Blue Slaver","floor":12.0,"turns":4.0},{"damage":2.0,"enemies":"Looter","floor":14.0,"turns":4.0},{"damage":32.0,"enemies":"The Guardian","floor":16.0,"turns":14.0},{"damage":23.0,"enemies":"2 Thieves","floor":18.0,"turns":3.0},{"damage":0.0,"enemies":"3 Byrds","floor":20.0,"turns":2.0},{"damage":23.0,"enemies":"Snake Plant","floor":22.0,"turns":5.0},{"damage":0.0,"enemies":"3 Cultists","floor":24.0,"turns":2.0},{"damage":17,"enemies":"Centurion and Healer","floor":27,"turns":5},{"damage":25,"enemies":"Snake Plant","floor":31,"turns":4},{"damage":59,"enemies":"Automaton","floor":33,"turns":6}],"seed_played":"-3955416010186797055","potions_obtained":[{"floor":8.0,"key":"Block Potion"},{"floor":12.0,"key":"Dexterity Potion"},{"floor":22.0,"key":"SkillPotion"},{"floor":24.0,"key":"GamblersBrew"},{"floor":31,"key":"SteroidPotion"}],"is_trial":false,"path_per_floor":["M","M","M","M","?","R","$","E","T","R","M","M","$","M","R","B",null,"M","?","M","?","M","R","M","R","T","M","?","$","R","M","R","B"],"character_chosen":"THE_SILENT","items_purchased":["Deadly Poison"],"campfire_rested":4,"item_purchase_floors":[7],"current_hp_per_floor":[49,48,48,46,46,46,46,25,25,25,21,20,20,18,36,4,46,23,23,28,28,5,23,23,23,23,6,6,6,39,14,47,0],"gold":0,"neow_bonus":"THREE_RARE_CARDS","is_prod":false,"is_daily":false,"chose_seed":false,"campfire_upgraded":1,"win_rate":0,"timestamp":1557322478,"path_taken":["M","M","M","M","?","R","$","E","T","R","M","M","$","M","R","BOSS","M","?","?","?","?","R","M","R","T","M","?","$","R","M","R","BOSS"],"build_version":"2019-01-23","purchased_purges":1,"victory":false,"max_hp_per_floor":[60,60,60,60,60,60,60,60,60,60,60,60,60,60,60,60,60,60,60,60,60,60,60,60,60,60,60,60,60,60,60,60,60],"card_choices":[{"not_picked":["A Thousand Cuts","Doppelganger"],"picked":"Venomology","floor":0.0},{"not_picked":["Underhanded Strike","Heel Hook"],"picked":"Poisoned Stab","floor":1.0},{"not_picked":["Slice","Outmaneuver","Deflect"],"picked":"SKIP","floor":2.0},{"not_picked":["Deflect","Reflex"],"picked":"Storm of Steel","floor":3.0},{"not_picked":["Deflect","Flying Knee"],"picked":"Well Laid Plans","floor":4.0},{"not_picked":["Endless Agony","Backflip"],"picked":"Venomology","floor":8.0},{"not_picked":["Sucker Punch","Endless Agony","Quick Slash"],"picked":"Blade Dance","floor":11.0},{"not_picked":["All Out Attack","Well Laid Plans","Bouncing Flask"],"picked":"Calculated Gamble","floor":12.0},{"not_picked":["Deflect","Endless Agony","Poisoned Stab"],"picked":"Expertise","floor":14.0},{"not_picked":["Doppelganger","Storm of Steel","Bullet Time"],"picked":"Corpse Explosion","floor":16.0},{"not_picked":["Poisoned Stab","Caltrops+1","Accuracy"],"picked":"Acrobatics","floor":18.0},{"not_picked":["Eviscerate","Setup","Accuracy"],"picked":"Poisoned Stab+1","floor":22.0},{"not_picked":["Acrobatics","Bane","Flechettes+1"],"picked":"Dodge and Roll+1","floor":24.0},{"not_picked":["All Out Attack","Acrobatics","Wraith Form v2","Bane"],"picked":"SKIP","floor":27},{"not_picked":["Bane+1","Underhanded Strike","Accuracy+1"],"picked":"Backflip","floor":31}],"player_experience":773549,"relics_obtained":[{"floor":8.0,"key":"Question Card"},{"floor":9.0,"key":"Girya"},{"floor":26.0,"key":"Regal Pillow"}],"event_choices":[{"cards_removed":["Strike_G"],"damage_healed":0.0,"max_hp_gain":0.0,"max_hp_loss":0.0,"gold_gain":0.0,"event_name":"The Cleric","player_choice":"Card Removal","floor":5.0,"gold_loss":75.0,"damage_taken":0.0},{"damage_healed":0.0,"max_hp_gain":0.0,"max_hp_loss":0.0,"gold_gain":0.0,"event_name":"Wheel of Change","player_choice":"Cursed","floor":19.0,"gold_loss":0.0,"damage_taken":0.0,"cards_obtained":["Decay"]},{"damage_healed":0.0,"max_hp_gain":0.0,"max_hp_loss":0.0,"gold_gain":0.0,"cards_transformed":["Strike_G"],"event_name":"Transmorgrifier","player_choice":"Transformed","floor":21.0,"gold_loss":0.0,"damage_taken":0.0,"cards_obtained":["Setup"]},{"damage_healed":0,"gold_gain":0,"player_choice":"Paid Fearfully","damage_taken":0,"max_hp_gain":0,"max_hp_loss":0,"event_name":"Masked Bandits","floor":28,"gold_loss":34}],"is_beta":false,"boss_relics":[{"not_picked":["Pandora\u0027s Box","Velvet Choker"],"picked":"Ectoplasm"}],"items_purged_floors":[13],"is_endless":false,"potions_floor_spawned":[4,8,12,22,24,31],"killed_by":"Automaton","ascension_level":20}