{"path_per_floor":["M","?","$","M","M","R","E","R","T","M","M","M","R","?","R","B",null,"M","$","M","M","?","R","E","M","T","M","R","M","R","M","R","B",null,"M","?","?","M","M","R","E","R","T","E","M","$","?","M","R","B"],"character_chosen":"THE_SILENT","items_purchased":["Footwork","Poisoned Stab","Footwork","Noxious Fumes","Pear"],"gold_per_floor":[119,119,6,16,31,31,56,56,80,91,101,114,114,114,114,213,213,224,39,53,66,66,66,93,104,150,163,163,174,174,184,184,281,281,297,297,297,308,328,328,356,356,356,381,391,75,0,17,17,17],"floor_reached":51,"campfire_rested":5,"playtime":4465,"item_purchase_floors":[],"current_hp_per_floor":[65,65,65,65,65,65,10,30,30,30,30,30,30,23,43,4,67,67,67,67,56,56,56,32,32,32,32,52,52,52,44,44,22,67,67,67,67,66,45,65,72,72,72,44,44,54,54,54,79,33],"items_purged":["Parasite","Strike_G"],"gold":17,"score":741,"play_id":"73712061-9b56-4e71-940c-939b128f3cad","local_time":"20180616201002","is_prod":false,"is_daily":false,"chose_seed":false,"is_ascension_mode":true,"campfire_upgraded":6,"win_rate":0,"timestamp":1529205002,"campfire_choices":[{"data":"Footwork","floor":6.0,"key":"SMITH"},{"floor":8.0,"key":"REST"},{"data":"Deadly Poison","floor":13.0,"key":"SMITH"},{"floor":15.0,"key":"REST"},{"data":"Poisoned Stab","floor":23.0,"key":"SMITH"},{"floor":28.0,"key":"REST"},{"data":"Footwork","floor":30.0,"key":"SMITH"},{"data":"Footwork","floor":32.0,"key":"SMITH"},{"floor":40,"key":"REST"},{"data":"Venomology","floor":42,"key":"SMITH"},{"floor":49,"key":"REST"}],"path_taken":["M","?","$","M","M","R","E","R","T","?","M","M","R","?","R","BOSS","M","?","M","M","?","R","E","?","T","M","R","M","R","?","R","BOSS","M","?","?","M","?","R","E","R","T","E","M","$","?","M","R","BOSS"],"build_version":"2018-06-14v2","seed_source_timestamp":46563384578137,"purchased_purges":2,"victory":true,"master_deck":["Defend_G","Defend_G","Defend_G","Strike_G","Strike_G","Survivor","Neutralize","Bane","Footwork+1","Backflip","Backflip","Footwork+1","Adrenaline","Deadly Poison+1","Burst","Sucker Punch+1","Tools of the Trade+1","A Thousand Cuts+1","Poisoned Stab","Footwork+1","Poisoned Stab+1","PiercingWail","Quick Slash+1","Dash","Die Die Die","Venomology+1","Noxious Fumes","Prepared+1"],"max_hp_per_floor":[70,70,67,67,67,67,67,67,67,67,67,67,67,67,67,67,67,67,67,67,67,67,67,67,67,67,67,67,67,67,67,67,67,67,67,67,67,67,67,67,74,74,74,74,74,84,84,84,84,84],"special_seed":0,"relics":["Ring of the Snake","The Specimen","Bag of Marbles","Vajra","Girya","Astrolabe","Lantern","Art of War","Busted Crown","Strawberry","Blue Candle","Anchor","Pear","Red Mask"],"card_choices":[{"not_picked":["Finisher","Terror"],"picked":"Bane","floor":1.0},{"not_picked":["Flying Knee","PiercingWail"],"picked":"Backflip","floor":4.0},{"not_picked":["Poisoned Stab","Sucker Punch"],"picked":"Backflip","floor":5.0},{"not_picked":["Finisher","Eviscerate"],"picked":"Footwork","floor":7.0},{"not_picked":["Terror","Cloak And Dagger"],"picked":"Adrenaline","floor":10.0},{"not_picked":["Blur","Setup","Acrobatics"],"picked":"SKIP","floor":11.0},{"not_picked":["Catalyst","Acrobatics"],"picked":"Deadly Poison","floor":12.0},{"not_picked":["Bullet Time","Storm of Steel"],"picked":"Burst","floor":16.0},{"not_picked":["Deflect+1","Setup","Heel Hook"],"picked":"SKIP","floor":18.0},{"not_picked":["Infinite Blades","Escape Plan"],"picked":"Poisoned Stab","floor":20.0},{"not_picked":["Distraction","Riddle With Holes"],"picked":"PiercingWail","floor":21.0},{"not_picked":["Dagger Throw","Riddle With Holes"],"picked":"Quick Slash+1","floor":24.0},{"not_picked":["Infinite Blades","Calculated Gamble+1","Flying Knee+1"],"picked":"SKIP","floor":25.0},{"not_picked":["Sucker Punch+1","Flying Knee","Dagger Spray"],"picked":"SKIP","floor":27.0},{"not_picked":["Underhanded Strike","Deflect+1","Caltrops"],"picked":"SKIP","floor":29.0},{"not_picked":["Endless Agony","Sucker Punch"],"picked":"Dash","floor":31.0},{"not_picked":["Tactician","Storm of Steel"],"picked":"Die Die Die","floor":33},{"not_picked":["Quick Slash"],"picked":"SKIP","floor":35},{"not_picked":["Predator"],"picked":"SKIP","floor":38},{"not_picked":["Dagger Spray"],"picked":"SKIP","floor":39},{"not_picked":["Bane+1"],"picked":"SKIP","floor":41},{"not_picked":["Flying Knee+1"],"picked":"SKIP","floor":44},{"not_picked":["Dodge and Roll"],"picked":"SKIP","floor":45},{"not_picked":[],"picked":"Prepared+1","floor":48}],"player_experience":550748,"potions_floor_usage":[33,33,33,39,41,41,44,44,50,50,50],"damage_taken":[{"damage":5.0,"enemies":"Small Slimes","floor":1.0,"turns":5.0},{"damage":0.0,"enemies":"Jaw Worm","floor":4.0,"turns":5.0},{"damage":0.0,"enemies":"Cultist","floor":5.0,"turns":4.0},{"damage":55.0,"enemies":"Gremlin Nob","floor":7.0,"turns":7.0},{"damage":0.0,"enemies":"Looter","floor":10.0,"turns":4.0},{"damage":0.0,"enemies":"Large Slime","floor":11.0,"turns":8.0},{"damage":0.0,"enemies":"Exordium Wildlife","floor":12.0,"turns":9.0},{"damage":39.0,"enemies":"Slime Boss","floor":16.0,"turns":16.0},{"damage":0.0,"enemies":"Spheric Guardian","floor":18.0,"turns":7.0},{"damage":0.0,"enemies":"Shell Parasite","floor":20.0,"turns":7.0},{"damage":11.0,"enemies":"Snecko","floor":21.0,"turns":7.0},{"damage":24.0,"enemies":"Gremlin Leader","floor":24.0,"turns":8.0},{"damage":0.0,"enemies":"Snake Plant","floor":25.0,"turns":5.0},{"damage":0.0,"enemies":"Chosen and Byrds","floor":27.0,"turns":5.0},{"damage":0.0,"enemies":"3 Cultists","floor":29.0,"turns":6.0},{"damage":8.0,"enemies":"Snecko","floor":31.0,"turns":5.0},{"damage":22,"enemies":"Collector","floor":33,"turns":12},{"damage":0,"enemies":"Orb Walker","floor":35,"turns":4},{"damage":1,"enemies":"3 Shapes","floor":38,"turns":4},{"damage":21,"enemies":"3 Darklings","floor":39,"turns":3},{"damage":0,"enemies":"Giant Head","floor":41,"turns":10},{"damage":28,"enemies":"2 Orb Walkers","floor":44,"turns":5},{"damage":0,"enemies":"4 Shapes","floor":45,"turns":5},{"damage":0,"enemies":"Sphere and 2 Shapes","floor":48,"turns":3},{"damage":46,"enemies":"Donu and Deca","floor":50,"turns":11}],"relics_obtained":[{"floor":7.0,"key":"Bag of Marbles"},{"floor":9.0,"key":"Vajra"},{"floor":24.0,"key":"Lantern"},{"floor":26.0,"key":"Art of War"},{"floor":41,"key":"Strawberry"},{"floor":43,"key":"Blue Candle"},{"floor":44,"key":"Anchor"}],"event_choices":[{"event_name":"Liars Game","player_choice":"disagreed","floor":2.0,"damage_taken":0.0},{"event_name":"Scrap Ooze","player_choice":"success","floor":14.0,"damage_taken":7.0},{"event_name":"Beggar","player_choice":"Ignored","floor":22.0,"damage_taken":0.0},{"event_name":"The Lab","player_choice":"Got Potions","floor":36,"damage_taken":0},{"event_name":"Transmorgrifier","player_choice":"Transform","floor":37,"damage_taken":0},{"event_name":"Tomb of Lord Red Mask","player_choice":"Paid","floor":47,"damage_taken":0}],"boss_relics":[{"not_picked":["White Beast Statue","Sozu"],"picked":"Astrolabe"},{"not_picked":["Tiny House","Calling Bell"],"picked":"Busted Crown"}],"items_purged_floors":[],"is_endless":false,"potions_floor_spawned":[1,7,12,16,20,24,25,27,29,31,35,39,44,45],"seed_played":"5947636404286686212","ascension_level":1,"potions_obtained":[{"floor":1.0,"key":"Explosive Potion"},{"floor":7.0,"key":"LiquidBronze"},{"floor":12.0,"key":"Strength Potion"},{"floor":16.0,"key":"EssenceOfSteel"},{"floor":20.0,"key":"SteroidPotion"},{"floor":24.0,"key":"AttackPotion"},{"floor":29.0,"key":"Energy Potion"},{"floor":31.0,"key":"Dexterity Potion"},{"floor":35,"key":"Ancient Potion"},{"floor":36,"key":"Dexterity Potion"},{"floor":36,"key":"GamblersBrew"},{"floor":39,"key":"SteroidPotion"},{"floor":44,"key":"LiquidBronze"},{"floor":45,"key":"Dexterity Potion"}],"is_trial":false}