{"gold_per_floor":[12,26,26,26,42,42,74,74,97,114,64,79,95,107,107,205,205,219,219,41,15,15,15,15,15,38,58,58,58,69,85,85,85],"floor_reached":33,"playtime":2449,"items_purged":["Wraith Form v2"],"score":274,"play_id":"ccafbf49-46d3-470a-90d8-709b963ec1fe","local_time":"20181005173243","is_ascension_mode":true,"campfire_choices":[{"data":"Concentrate","floor":6,"key":"SMITH"},{"data":"Dodge and Roll","floor":8,"key":"SMITH"},{"floor":15,"key":"REST"},{"floor":23,"key":"REST"},{"floor":25,"key":"REST"},{"floor":29,"key":"REST"},{"floor":32,"key":"REST"}],"neow_cost":"NO_GOLD","seed_source_timestamp":0,"circlet_count":0,"master_deck":["Defend_G","Defend_G","Defend_G","Defend_G","Defend_G","Strike_G","Strike_G","Strike_G","Survivor","Neutralize+1","Concentrate+1","Deflect","Dodge and Roll+1","Underhanded Strike","Backstab","Prepared","Calculated Gamble","Unload","Escape Plan","After Image","Backflip","Footwork","Finesse","Prepared","Dodge and Roll","Prepared+1","Malaise"],"special_seed":0,"relics":["Ring of the Snake","Bag of Marbles","Smiling Mask","FaceOfCleric","Nloth\u0027s Gift","Orichalcum","Bronze Scales"],"potions_floor_usage":[16,16,27,27],"damage_taken":[{"damage":0,"enemies":"2 Louse","floor":1,"turns":6},{"damage":1,"enemies":"Small Slimes","floor":2,"turns":6},{"damage":29,"enemies":"Jaw Worm","floor":5,"turns":10},{"damage":30,"enemies":"Gremlin Nob","floor":7,"turns":7},{"damage":1,"enemies":"2 Fungi Beasts","floor":10,"turns":3},{"damage":0,"enemies":"Exordium Thugs","floor":12,"turns":6},{"damage":0,"enemies":"Red Slaver","floor":13,"turns":4},{"damage":0,"enemies":"Gremlin Gang","floor":14,"turns":3},{"damage":29,"enemies":"The Guardian","floor":16,"turns":20},{"damage":49,"enemies":"Chosen","floor":18,"turns":11},{"damage":12,"enemies":"2 Thieves","floor":21,"turns":5},{"damage":51,"enemies":"3 Cultists","floor":27,"turns":10},{"damage":0,"enemies":"Centurion and Healer","floor":30,"turns":22},{"damage":0,"enemies":"Shelled Parasite and Fungi","floor":31,"turns":11},{"damage":43,"enemies":"Collector","floor":33,"turns":16}],"seed_played":"5066839423648831344","potions_obtained":[{"floor":1,"key":"Energy Potion"},{"floor":5,"key":"SpeedPotion"},{"floor":7,"key":"Poison Potion"},{"floor":16,"key":"SpeedPotion"},{"floor":18,"key":"Swift Potion"},{"floor":30,"key":"FearPotion"}],"is_trial":false,"path_per_floor":["M","M","?","?","M","R","E","R","T","M","$","M","M","M","R","B",null,"M","?","$","M","?","R","$","R","T","M","T","R","M","M","R"],"character_chosen":"THE_SILENT","items_purchased":["Footwork","Finesse"],"campfire_rested":5,"item_purchase_floors":[20,20],"current_hp_per_floor":[70,69,69,69,40,40,10,10,10,9,9,9,9,9,30,1,70,21,21,21,10,10,31,31,52,52,2,2,23,24,25,47,4],"gold":85,"neow_bonus":"TRANSFORM_TWO_CARDS","is_prod":false,"is_daily":false,"chose_seed":false,"campfire_upgraded":2,"win_rate":0,"timestamp":1538753563,"path_taken":["M","M","?","?","?","R","E","R","T","M","$","M","M","M","R","BOSS","M","?","$","M","?","R","$","R","T","M","?","R","M","?","R","BOSS"],"build_version":"2018-10-04","purchased_purges":1,"victory":false,"max_hp_per_floor":[70,70,70,70,70,70,70,70,70,70,70,70,70,70,70,70,70,70,70,70,71,71,71,71,71,71,72,72,72,73,74,74,74],"card_choices":[{"not_picked":["Well Laid Plans","Finisher"],"picked":"Deflect","floor":1},{"not_picked":["Deflect","Tactician"],"picked":"Dodge and Roll","floor":2},{"not_picked":["Concentrate","Setup"],"picked":"Underhanded Strike","floor":5},{"not_picked":["Heel Hook","Choke"],"picked":"Backstab","floor":7},{"not_picked":["Flechettes","Outmaneuver"],"picked":"Prepared","floor":10},{"not_picked":["Poisoned Stab","Heel Hook"],"picked":"Calculated Gamble","floor":12},{"not_picked":["Bane","Poisoned Stab"],"picked":"Unload","floor":13},{"not_picked":["Slice","Concentrate"],"picked":"Escape Plan","floor":14},{"not_picked":["Storm of Steel","Malaise"],"picked":"After Image","floor":16},{"not_picked":["Sucker Punch+1","PiercingWail+1"],"picked":"Backflip","floor":18},{"not_picked":["Dodge and Roll","Slice"],"picked":"Prepared","floor":21},{"not_picked":["Concentrate","Blur"],"picked":"Dodge and Roll","floor":27},{"not_picked":["Dagger Throw","Cloak And Dagger"],"picked":"Prepared+1","floor":30},{"not_picked":["Dagger Spray","Quick Slash"],"picked":"Malaise","floor":31}],"player_experience":94035,"relics_obtained":[{"floor":7,"key":"Bag of Marbles"},{"floor":9,"key":"Smiling Mask"},{"floor":26,"key":"Orichalcum"},{"floor":28,"key":"Bronze Scales"}],"event_choices":[{"event_name":"Liars Game","player_choice":"disagreed","floor":3,"damage_taken":0},{"event_name":"Living Wall","player_choice":"Grow","floor":4,"damage_taken":0},{"event_name":"FaceTrader","player_choice":"Trade","floor":19,"damage_taken":0},{"event_name":"N\u0027loth","player_choice":"Traded a White Beast Statue","floor":22,"damage_taken":0}],"is_beta":false,"boss_relics":[{"not_picked":["Calling Bell","Busted Crown"],"picked":"White Beast Statue"}],"items_purged_floors":[11],"is_endless":false,"potions_floor_spawned":[1,5,7,10,16,18,21,30],"killed_by":"Collector","ascension_level":2}