{"gold_per_floor":[113,60,21,32,45,65,65,80,80,80,105,122,122,138,138,212,212,229,2,14,64,77,77,77],"floor_reached":24,"playtime":976,"items_purged":[],"score":370,"play_id":"dba76d86-73e0-4dfc-b205-0b1af91c7940","local_time":"20180907104111","is_ascension_mode":true,"campfire_choices":[{"data":"Zap","floor":7.0,"key":"SMITH"},{"data":"Rip and Tear","floor":10.0,"key":"SMITH"},{"data":"Self Repair","floor":13.0,"key":"SMITH"},{"data":"Barrage","floor":15.0,"key":"SMITH"},{"floor":23,"key":"REST"}],"neow_cost":"NONE","seed_source_timestamp":1129960384970,"circlet_count":0,"master_deck":["Strike_B","Strike_B","Strike_B","Strike_B","Defend_B","Defend_B","Defend_B","Defend_B","Zap+1","Dualcast","AscendersBane","Rainbow","Hologram","Compile Driver","Rip and Tear+1","Chill","Barrage+1","Self Repair+1","Seek","Genetic Algorithm","Buffer","Reinforced Body","Barrage"],"special_seed":0,"relics":["Cracked Core","Matryoshka","Art of War","Cursed Key","PrismaticShard"],"potions_floor_usage":[22,24],"damage_taken":[{"damage":0.0,"enemies":"Cultist","floor":1.0,"turns":4.0},{"damage":6.0,"enemies":"2 Louse","floor":4.0,"turns":2.0},{"damage":10.0,"enemies":"Small Slimes","floor":5.0,"turns":3.0},{"damage":10.0,"enemies":"Exordium Thugs","floor":6.0,"turns":4.0},{"damage":0.0,"enemies":"2 Fungi Beasts","floor":8.0,"turns":2.0},{"damage":14.0,"enemies":"Lagavulin","floor":11.0,"turns":6.0},{"damage":6.0,"enemies":"Blue Slaver","floor":12.0,"turns":3.0},{"damage":5.0,"enemies":"Lots of Slimes","floor":14.0,"turns":5.0},{"damage":35.0,"enemies":"Hexaghost","floor":16.0,"turns":9.0},{"damage":13.0,"enemies":"Spheric Guardian","floor":18.0,"turns":4.0},{"damage":4.0,"enemies":"Shell Parasite","floor":20.0,"turns":5.0},{"damage":44,"enemies":"Cultist and Chosen","floor":22,"turns":7},{"damage":50,"enemies":"Book of Stabbing","floor":24,"turns":8}],"seed_played":"2215552083218104445","potions_obtained":[{"floor":4.0,"key":"Dexterity Potion"},{"floor":11.0,"key":"FearPotion"}],"is_trial":false,"path_per_floor":["M","$","$","M","M","M","R","M","T","R","E","M","R","M","R","B",null,"M","$","M","?","M","R"],"character_chosen":"DEFECT","items_purchased":["Compile Driver","Rip and Tear","PrismaticShard"],"campfire_rested":1,"item_purchase_floors":[2,3,19],"current_hp_per_floor":[64,64,64,58,48,38,38,38,38,38,31,32,32,37,37,12,56,53,53,59,59,25,46,0],"gold":77,"neow_bonus":"ONE_RANDOM_RARE_CARD","is_prod":false,"is_daily":false,"chose_seed":false,"campfire_upgraded":4,"win_rate":0,"timestamp":1536342071,"path_taken":["M","?","$","M","M","M","R","M","T","R","E","M","R","?","R","BOSS","M","$","M","?","M","R","E"],"build_version":"2018-09-06","purchased_purges":0,"victory":false,"max_hp_per_floor":[71,71,71,71,71,71,71,71,71,71,71,71,71,71,71,71,71,71,71,71,71,71,71,71],"card_choices":[{"not_picked":["Gash","Lockon"],"picked":"Hologram","floor":1.0},{"not_picked":["Doom and Gloom","Streamline"],"picked":"Chill","floor":4.0},{"not_picked":["Static Discharge","Fusion","Loop"],"picked":"SKIP","floor":5.0},{"not_picked":["Coolheaded","Lockon"],"picked":"Barrage","floor":6.0},{"not_picked":["Undo","Turbo"],"picked":"Self Repair","floor":8.0},{"not_picked":["Blizzard","Cold Snap"],"picked":"Seek","floor":11.0},{"not_picked":["Leap","Lockon"],"picked":"Genetic Algorithm","floor":12.0},{"not_picked":["Compile Driver","Coolheaded","Gash"],"picked":"SKIP","floor":14.0},{"not_picked":["Rainbow","Amplify"],"picked":"Buffer","floor":16.0},{"not_picked":["Coolheaded","Genetic Algorithm"],"picked":"Reinforced Body","floor":18.0},{"not_picked":["Bane+1","Prepared","Cleave"],"picked":"SKIP","floor":20.0},{"not_picked":["Heavy Blade","Bane"],"picked":"Barrage","floor":22}],"player_experience":1078917,"relics_obtained":[{"floor":9.0,"key":"Matryoshka"},{"floor":11.0,"key":"Art of War"}],"event_choices":[{"event_name":"Nest","player_choice":"Stole From Cult","floor":21.0,"damage_taken":0.0}],"is_beta":false,"boss_relics":[{"not_picked":["Tiny House","Inserter"],"picked":"Cursed Key"}],"items_purged_floors":[],"is_endless":false,"potions_floor_spawned":[4,11,12,16,20],"killed_by":"Book of Stabbing","ascension_level":17}