{"gold_per_floor":[110,125,125,138,153,153,178,196,196,227,227,260,260,279,279,354,354,371,471,481,30,30,30,65,65,92,112,112,139,139,157,157,231,231,245,263,263,363,380,380,407,407,407,407,297,297,324,111,111,111,111,111,111,61,86,86],"floor_reached":57,"playtime":3357,"items_purged":["Strike_R","Defend_R","Defend_R"],"score":3467,"play_id":"dfa370b6-0bbc-4817-b1a4-e9eeec90925e","local_time":"20190101182226","is_ascension_mode":true,"campfire_choices":[{"data":"Armaments","floor":6.0,"key":"SMITH"},{"data":"Uppercut","floor":11.0,"key":"SMITH"},{"data":"Battle Trance","floor":13.0,"key":"SMITH"},{"data":"Shrug It Off","floor":15.0,"key":"SMITH"},{"floor":23.0,"key":"REST"},{"floor":28.0,"key":"REST"},{"data":"Pommel Strike","floor":32.0,"key":"SMITH"},{"data":"Burning Pact","floor":40.0,"key":"SMITH"},{"floor":46.0,"key":"DIG"},{"floor":49.0,"key":"RECALL"},{"floor":53.0,"key":"DIG"}],"neow_cost":"TEN_PERCENT_HP_LOSS","seed_source_timestamp":0,"circlet_count":0,"master_deck":["AscendersBane","Defend_R","Defend_R","Uppercut+1","Armaments+1","Spot Weakness","Shrug It Off+1","Battle Trance+1","Bloodletting+1","Exhume+1","Limit Break+1","Burning Pact+1","Pommel Strike+1","Fiend Fire","Feel No Pain+1"],"special_seed":0,"relics":["Burning Blood","Bird Faced Urn","Happy Flower","Sundial","Dream Catcher","Pocketwatch","Astrolabe","Shovel","Bottled Flame","Blood Vial","Pear","Smiling Mask","Red Skull","Empty Cage","StoneCalendar","Dodecahedron","Anchor","Incense Burner","PreservedInsect","Bag of Preparation","Self Forming Clay","Orichalcum"],"potions_floor_usage":[56],"damage_taken":[{"damage":7.0,"enemies":"Cultist","floor":1.0,"turns":4.0},{"damage":4.0,"enemies":"Jaw Worm","floor":2.0,"turns":3.0},{"damage":10.0,"enemies":"Small Slimes","floor":4.0,"turns":5.0},{"damage":5.0,"enemies":"2 Fungi Beasts","floor":5.0,"turns":4.0},{"damage":33.0,"enemies":"3 Sentries","floor":7.0,"turns":9.0},{"damage":12.0,"enemies":"Large Slime","floor":8.0,"turns":6.0},{"damage":23.0,"enemies":"Gremlin Nob","floor":10.0,"turns":4.0},{"damage":0.0,"enemies":"Lagavulin","floor":12.0,"turns":7.0},{"damage":0.0,"enemies":"3 Louse","floor":14.0,"turns":4.0},{"damage":0.0,"enemies":"The Guardian","floor":16.0,"turns":7.0},{"damage":6.0,"enemies":"3 Byrds","floor":18.0,"turns":5.0},{"damage":14.0,"enemies":"Colosseum Slavers","floor":19.0,"turns":4.0},{"damage":35.0,"enemies":"Colosseum Nobs","floor":19.0,"turns":4.0},{"damage":15.0,"enemies":"Shell Parasite","floor":20.0,"turns":3.0},{"damage":24.0,"enemies":"Book of Stabbing","floor":24.0,"turns":4.0},{"damage":20.0,"enemies":"Snake Plant","floor":27.0,"turns":4.0},{"damage":4.0,"enemies":"Gremlin Leader","floor":29.0,"turns":3.0},{"damage":8.0,"enemies":"Centurion and Healer","floor":31.0,"turns":4.0},{"damage":10.0,"enemies":"Collector","floor":33.0,"turns":3.0},{"damage":3.0,"enemies":"Orb Walker","floor":35.0,"turns":2.0},{"damage":25.0,"enemies":"3 Shapes","floor":36.0,"turns":3.0},{"damage":6.0,"enemies":"Mind Bloom Boss Battle","floor":38.0,"turns":6.0},{"damage":9.0,"enemies":"Transient","floor":39.0,"turns":6.0},{"damage":3.0,"enemies":"Nemesis","floor":41.0,"turns":3.0},{"damage":9.0,"enemies":"Reptomancer","floor":47.0,"turns":3.0},{"damage":3.0,"enemies":"Awakened One","floor":50.0,"turns":4.0},{"damage":3.0,"enemies":"Donu and Deca","floor":51.0,"turns":2.0},{"damage":0.0,"enemies":"Shield and Spear","floor":55.0,"turns":2.0},{"damage":11,"enemies":"The Heart","floor":56,"turns":5}],"seed_played":"5184427070190171193","potions_obtained":[{"floor":2.0,"key":"Energy Potion"},{"floor":4.0,"key":"EssenceOfSteel"},{"floor":8.0,"key":"Swift Potion"},{"floor":10.0,"key":"Block Potion"},{"floor":14.0,"key":"SkillPotion"},{"floor":18.0,"key":"SteroidPotion"},{"floor":19.0,"key":"Strength Potion"},{"floor":20.0,"key":"Ancient Potion"},{"floor":29.0,"key":"EntropicBrew"},{"floor":31.0,"key":"SpeedPotion"},{"floor":35.0,"key":"Block Potion"},{"floor":38.0,"key":"GamblersBrew"}],"is_trial":false,"path_per_floor":["M","M","M","M","R","E","M","T","E","R","E","R","M","R","B",null,"M","?","M","$","?","R","E","?","T","M","R","E","?","M","R",null,"M","M","?","M","R","?","T","T","?","R","E","$","R","B","B",null,"R","$",null],"character_chosen":"IRONCLAD","items_purchased":["Blood Vial","Limit Break","AttackPotion","Bag of Preparation"],"campfire_rested":2,"item_purchase_floors":[21,21,21,48],"current_hp_per_floor":[67,68,68,64,65,65,38,32,32,15,15,21,21,27,27,33,59,59,22,13,13,13,33,27,27,27,15,38,42,42,42,42,40,69,74,59,59,63,64,64,69,69,69,69,69,69,70,70,70,74,74,74,74,74,74,69],"gold":86,"neow_bonus":"ONE_RARE_RELIC","is_prod":false,"is_daily":false,"chose_seed":false,"campfire_upgraded":6,"win_rate":0,"timestamp":1546338146,"path_taken":["M","?","?","M","M","R","E","?","T","E","R","E","R","M","R","BOSS","M","?","M","$","?","R","E","?","T","M","R","E","?","M","R","BOSS","M","M","?","?","M","R","E","?","T","?","?","R","E","$","R","BOSS","BOSS","R","$","E","BOSS"],"build_version":"2018-12-25","purchased_purges":3,"victory":true,"max_hp_per_floor":[68,68,68,68,68,68,68,68,68,68,68,68,68,68,68,68,68,68,68,68,68,68,68,78,78,78,78,78,78,78,78,78,78,78,78,78,78,78,78,78,78,74,74,74,74,74,74,74,74,74,74,74,74,74,74,74],"card_choices":[{"not_picked":["Warcry","Flex"],"picked":"Twin Strike","floor":1.0},{"not_picked":["Warcry","Thunderclap"],"picked":"Uppercut","floor":2.0},{"not_picked":["True Grit","Clash"],"picked":"Armaments","floor":4.0},{"not_picked":["Fire Breathing","Corruption"],"picked":"Spot Weakness","floor":5.0},{"not_picked":["Sentinel","True Grit","Warcry"],"picked":"SKIP","floor":7.0},{"not_picked":["Sentinel","True Grit","Warcry"],"picked":"SKIP","floor":7.0},{"not_picked":["Combust","Carnage","Pummel"],"picked":"SKIP","floor":8.0},{"not_picked":["Second Wind","Armaments"],"picked":"Shrug It Off","floor":10.0},{"not_picked":["Corruption","Iron Wave"],"picked":"Battle Trance","floor":12.0},{"not_picked":["Rampage","Perfected Strike","Spot Weakness"],"picked":"SKIP","floor":14.0},{"not_picked":["Perfected Strike","Bloodletting+1","Havoc+1"],"picked":"SKIP","floor":18.0},{"not_picked":["Iron Wave","Inflame","Intimidate"],"picked":"SKIP","floor":20.0},{"not_picked":["Metallicize","Clash"],"picked":"Burning Pact","floor":23.0},{"not_picked":["Berserk","Sword Boomerang"],"picked":"Pommel Strike","floor":24.0},{"not_picked":["Flex","Disarm","Wild Strike+1"],"picked":"SKIP","floor":27.0},{"not_picked":["Havoc","Blood for Blood"],"picked":"Fiend Fire","floor":28.0},{"not_picked":["Headbutt","Flame Barrier","Shrug It Off"],"picked":"SKIP","floor":29.0},{"not_picked":["Shockwave","Twin Strike","Dropkick"],"picked":"SKIP","floor":31.0},{"not_picked":["Reckless Charge+1","Bloodletting"],"picked":"Feel No Pain+1","floor":35.0},{"not_picked":["True Grit","Armaments","Body Slam"],"picked":"SKIP","floor":36.0},{"not_picked":["Havoc","Flex","Anger"],"picked":"SKIP","floor":39.0},{"not_picked":["Barricade","Carnage","Pommel Strike"],"picked":"SKIP","floor":41.0},{"not_picked":["Anger","Inflame","Reckless Charge"],"picked":"SKIP","floor":47.0},{"not_picked":["Disarm","Twin Strike","Warcry"],"picked":"SKIP","floor":55.0}],"player_experience":1216791,"relics_obtained":[{"floor":7.0,"key":"Happy Flower"},{"floor":9.0,"key":"Sundial"},{"floor":10.0,"key":"Dream Catcher"},{"floor":12.0,"key":"Pocketwatch"},{"floor":19.0,"key":"Shovel"},{"floor":19.0,"key":"Bottled Flame"},{"floor":24.0,"key":"Pear"},{"floor":26.0,"key":"Smiling Mask"},{"floor":29.0,"key":"Red Skull"},{"floor":38.0,"key":"StoneCalendar"},{"floor":41.0,"key":"Dodecahedron"},{"floor":44.0,"key":"Anchor"},{"floor":46.0,"key":"Incense Burner"},{"floor":47.0,"key":"PreservedInsect"},{"floor":53.0,"key":"Self Forming Clay"},{"floor":55.0,"key":"Orichalcum"}],"event_choices":[{"cards_removed":["Bash"],"damage_healed":0.0,"max_hp_gain":0.0,"max_hp_loss":0.0,"gold_gain":0.0,"event_name":"Bonfire Elementals","player_choice":"Offered Basic","floor":3.0,"gold_loss":0.0,"damage_taken":0.0},{"damage_healed":0.0,"max_hp_gain":0.0,"max_hp_loss":0.0,"gold_gain":0.0,"event_name":"Colosseum","player_choice":"Fight","floor":19.0,"gold_loss":0.0,"damage_taken":0.0},{"damage_healed":0.0,"max_hp_gain":0.0,"max_hp_loss":0.0,"gold_gain":0.0,"event_name":"Colosseum","player_choice":"Fought Nobs","floor":19.0,"gold_loss":0.0,"damage_taken":0.0},{"damage_healed":0.0,"max_hp_gain":0.0,"max_hp_loss":0.0,"gold_gain":0.0,"event_name":"Vampires","player_choice":"Ignored","floor":22.0,"gold_loss":0.0,"damage_taken":0.0},{"damage_healed":0.0,"max_hp_gain":0.0,"max_hp_loss":0.0,"gold_gain":0.0,"event_name":"Forgotten Altar","player_choice":"Smashed Altar","floor":25.0,"gold_loss":0.0,"damage_taken":0.0,"cards_obtained":["Decay"]},{"damage_healed":0.0,"max_hp_gain":0.0,"max_hp_loss":0.0,"gold_gain":0.0,"event_name":"The Mausoleum","player_choice":"Ignored","floor":30.0,"gold_loss":0.0,"damage_taken":0.0},{"cards_removed":["Anger"],"damage_healed":0.0,"max_hp_gain":0.0,"max_hp_loss":0.0,"gold_gain":0.0,"event_name":"Falling","player_choice":"Removed Attack","floor":37.0,"gold_loss":0.0,"damage_taken":0.0},{"damage_healed":0.0,"max_hp_gain":0.0,"max_hp_loss":0.0,"gold_gain":0.0,"event_name":"MindBloom","player_choice":"Fight","floor":38.0,"gold_loss":0.0,"damage_taken":0.0},{"damage_healed":0.0,"max_hp_gain":0.0,"max_hp_loss":4.0,"gold_gain":0.0,"event_name":"Winding Halls","player_choice":"Max HP","floor":42.0,"gold_loss":0.0,"damage_taken":0.0},{"cards_removed":["Twin Strike"],"damage_healed":0.0,"max_hp_gain":0.0,"max_hp_loss":0.0,"gold_gain":0.0,"event_name":"Designer","player_choice":"Upgrade and Remove","floor":45.0,"gold_loss":110.0,"damage_taken":0.0,"cards_upgraded":["Limit Break"]}],"is_beta":true,"boss_relics":[{"not_picked":["Sozu","Mark of Pain"],"picked":"Astrolabe"},{"not_picked":["Runic Cube","Velvet Choker"],"picked":"Empty Cage"}],"items_purged_floors":[21,48,54],"is_endless":false,"potions_floor_spawned":[2,4,8,10,14,18,19,20,29,31,35,38,55],"ascension_level":20}