{"gold_per_floor":[114,114,168,318,333,333,333,333,333,2,0,0,21,52,52,148,148,171,221,11,11,11,42,42,77,77,102,102,54,54,4,4,76,76,95,115,131,180,195,229,229,58,58,58,58,71,102,102,102,102,102,102,102,2,32,32],"floor_reached":57,"playtime":2830,"items_purged":["Strike_B","Writhe","Defend_B"],"score":3141,"play_id":"4e44476b-53f7-44e4-95b9-32b9148bbb25","local_time":"20190118225705","is_ascension_mode":true,"campfire_choices":[{"data":"Darkness","floor":6.0,"key":"SMITH"},{"data":"Doubt","floor":8.0,"key":"PURGE"},{"data":"Strike_B","floor":15.0,"key":"PURGE"},{"data":"Strike_B","floor":24.0,"key":"PURGE"},{"data":"Defend_B","floor":28.0,"key":"PURGE"},{"data":"Strike_B","floor":32.0,"key":"PURGE"},{"data":"Zap","floor":41.0,"key":"PURGE"},{"data":"Defend_B","floor":44.0,"key":"PURGE"},{"floor":49.0,"key":"RECALL"},{"data":"Apotheosis","floor":53,"key":"SMITH"}],"neow_cost":"PERCENT_DAMAGE","seed_source_timestamp":2279972179555,"circlet_count":0,"master_deck":["AscendersBane","Dualcast","Darkness+1","Redo","Rip and Tear","Conserve Battery","Echo Form","Coolheaded","Apotheosis+1","Ghostly","Ghostly","Ghostly","Capacitor","Reboot","White Noise","Consume+1","Flash of Steel","Echo Form"],"special_seed":0,"relics":["Cracked Core","Peace Pipe","Meat on the Bone","Vajra","Bloody Idol","Mummified Hand","Membership Card","Sundial","Busted Crown","ClockworkSouvenir","Mercury Hourglass","Letter Opener","Pocketwatch","Matryoshka","Omamori","Cursed Key","Incense Burner","Frozen Eye","Potion Belt","Bird Faced Urn","Symbiotic Virus"],"potions_floor_usage":[56,56,56,56],"damage_taken":[{"damage":2.0,"enemies":"Jaw Worm","floor":1.0,"turns":3.0},{"damage":1.0,"enemies":"2 Louse","floor":5.0,"turns":3.0},{"damage":0.0,"enemies":"Small Slimes","floor":13.0,"turns":2.0},{"damage":20.0,"enemies":"Lagavulin","floor":14.0,"turns":6.0},{"damage":15.0,"enemies":"Slime Boss","floor":16.0,"turns":7.0},{"damage":24.0,"enemies":"3 Byrds","floor":18.0,"turns":5.0},{"damage":24.0,"enemies":"Slavers","floor":23.0,"turns":5.0},{"damage":6.0,"enemies":"Gremlin Leader","floor":25.0,"turns":10.0},{"damage":3.0,"enemies":"Book of Stabbing","floor":27.0,"turns":5.0},{"damage":0.0,"enemies":"Collector","floor":33.0,"turns":6.0},{"damage":1.0,"enemies":"Orb Walker","floor":35.0,"turns":3.0},{"damage":23.0,"enemies":"3 Darklings","floor":36.0,"turns":5.0},{"damage":0.0,"enemies":"4 Shapes","floor":37.0,"turns":4.0},{"damage":2.0,"enemies":"2 Orb Walkers","floor":38.0,"turns":6.0},{"damage":3.0,"enemies":"Jaw Worm Horde","floor":39.0,"turns":3.0},{"damage":13.0,"enemies":"Reptomancer","floor":40.0,"turns":6.0},{"damage":0.0,"enemies":"Maw","floor":46.0,"turns":5.0},{"damage":3.0,"enemies":"Giant Head","floor":47.0,"turns":6.0},{"damage":0.0,"enemies":"Awakened One","floor":50.0,"turns":7.0},{"damage":0,"enemies":"Donu and Deca","floor":51,"turns":8},{"damage":0,"enemies":"Shield and Spear","floor":55,"turns":6},{"damage":41,"enemies":"The Heart","floor":56,"turns":7}],"seed_played":"-7469707452040956946","potions_obtained":[{"floor":13.0,"key":"AttackPotion"},{"floor":14.0,"key":"Ancient Potion"},{"floor":16.0,"key":"SpeedPotion"},{"floor":23.0,"key":"Regen Potion"},{"floor":27.0,"key":"AttackPotion"},{"floor":33.0,"key":"AttackPotion"},{"floor":36.0,"key":"FearPotion"},{"floor":39.0,"key":"SkillPotion"},{"floor":40.0,"key":"SkillPotion"},{"floor":47.0,"key":"PowerPotion"}],"is_trial":false,"path_per_floor":["M","?","T","?","M","R","?","R","T","$","?","$","M","E","R","B",null,"M","?","$","?","?","E","R","E","T","E","R","$","?","$","R","B",null,"M","M","M","?","M","E","R","$","T","R","?","M","E","?","R","B","B",null,"R","$","E","B",null],"character_chosen":"DEFECT","items_purchased":["Membership Card","Rip and Tear","SteroidPotion","Apotheosis","ClockworkSouvenir","Capacitor","SteroidPotion","Frozen Eye","Flash of Steel","SpeedPotion","Fire Potion"],"campfire_rested":0,"item_purchase_floors":[10,10,10,20,20,29,29,42,54,54,54],"current_hp_per_floor":[44,39,39,39,38,38,14,14,14,14,14,14,26,18,18,15,57,45,45,45,45,35,28,28,27,27,29,29,29,29,29,29,34,35,35,29,34,35,35,27,27,27,27,27,27,32,34,34,34,35,35,35,35,35,35,35],"gold":32,"neow_bonus":"ONE_RARE_RELIC","is_prod":false,"is_daily":false,"chose_seed":false,"campfire_upgraded":2,"win_rate":0,"timestamp":1547823425,"path_taken":["M","?","?","?","M","R","?","R","T","$","?","?","M","E","R","BOSS","M","?","$","?","?","E","R","E","T","E","R","$","?","$","R","BOSS","M","M","M","?","M","E","R","$","T","R","?","?","E","?","R","BOSS","BOSS","R","$","E","BOSS"],"build_version":"2019-01-17v2","purchased_purges":3,"victory":true,"max_hp_per_floor":[71,71,71,71,71,71,71,71,71,71,71,71,71,71,71,71,71,71,71,71,71,35,35,35,35,35,35,35,35,35,35,35,35,35,35,35,35,35,35,35,35,35,35,35,35,35,35,35,35,35,35,35,35,35,35,35],"card_choices":[{"not_picked":["Ball Lightning","Redo"],"picked":"Darkness","floor":1.0},{"not_picked":["Gash","Rebound"],"picked":"Redo","floor":5.0},{"not_picked":["Cold Snap","Ball Lightning","Double Energy"],"picked":"SKIP","floor":13.0},{"not_picked":["Cold Snap","Ball Lightning","Double Energy"],"picked":"SKIP","floor":13.0},{"not_picked":["Auto Shields","Cold Snap"],"picked":"Conserve Battery","floor":14.0},{"not_picked":["Thunder Strike","Reboot"],"picked":"Echo Form","floor":16.0},{"not_picked":[],"picked":"Coolheaded","floor":18.0},{"not_picked":["Fusion"],"picked":"SKIP","floor":23.0},{"not_picked":["Steam"],"picked":"SKIP","floor":25.0},{"not_picked":["Stack"],"picked":"SKIP","floor":27.0},{"not_picked":[],"picked":"Reboot","floor":33.0},{"not_picked":[],"picked":"White Noise","floor":35.0},{"not_picked":["Leap"],"picked":"SKIP","floor":36.0},{"not_picked":["Leap"],"picked":"SKIP","floor":37.0},{"not_picked":["Conserve Battery+1"],"picked":"SKIP","floor":39.0},{"not_picked":[],"picked":"Consume+1","floor":40.0},{"not_picked":["Gash"],"picked":"SKIP","floor":46.0},{"not_picked":["Conserve Battery"],"picked":"SKIP","floor":47.0},{"not_picked":[],"picked":"Echo Form","floor":55}],"player_experience":2548838,"relics_obtained":[{"floor":3.0,"key":"Vajra"},{"floor":9.0,"key":"Mummified Hand"},{"floor":14.0,"key":"Sundial"},{"floor":23.0,"key":"Mercury Hourglass"},{"floor":25.0,"key":"Letter Opener"},{"floor":26.0,"key":"Pocketwatch"},{"floor":27.0,"key":"Matryoshka"},{"floor":38.0,"key":"Incense Burner"},{"floor":43.0,"key":"Potion Belt"},{"floor":47.0,"key":"Bird Faced Urn"},{"floor":55,"key":"Symbiotic Virus"}],"event_choices":[{"damage_healed":0.0,"max_hp_gain":0.0,"max_hp_loss":0.0,"gold_gain":0.0,"event_name":"Scrap Ooze","player_choice":"Success","floor":2.0,"gold_loss":0.0,"damage_taken":5.0,"relics_obtained":["Meat on the Bone"]},{"damage_healed":0.0,"max_hp_gain":0.0,"max_hp_loss":0.0,"gold_gain":150.0,"event_name":"Liars Game","player_choice":"AGREE","floor":4.0,"gold_loss":0.0,"damage_taken":0.0,"cards_obtained":["Doubt"]},{"damage_healed":0.0,"max_hp_gain":0.0,"max_hp_loss":0.0,"gold_gain":0.0,"event_name":"Golden Idol","player_choice":"Take Damage","floor":7.0,"gold_loss":0.0,"damage_taken":24.0,"relics_obtained":["Golden Idol"]},{"damage_healed":0.0,"max_hp_gain":0.0,"max_hp_loss":0.0,"gold_gain":0.0,"event_name":"World of Goop","player_choice":"Left Gold","floor":11.0,"gold_loss":2.0,"damage_taken":0.0},{"damage_healed":0.0,"max_hp_gain":0.0,"max_hp_loss":0.0,"gold_gain":50.0,"event_name":"Nest","player_choice":"Stole From Cult","floor":19.0,"gold_loss":0.0,"damage_taken":0.0},{"damage_healed":0.0,"max_hp_gain":0.0,"max_hp_loss":0.0,"gold_gain":0.0,"event_name":"Forgotten Altar","player_choice":"Gave Idol","floor":21.0,"relics_lost":["Golden Idol"],"gold_loss":0.0,"damage_taken":0.0,"relics_obtained":["Bloody Idol"]},{"damage_healed":0.0,"max_hp_gain":0.0,"max_hp_loss":36.0,"gold_gain":0.0,"event_name":"Ghosts","player_choice":"Became a Ghost","floor":22.0,"gold_loss":0.0,"damage_taken":0.0,"cards_obtained":["Ghostly","Ghostly","Ghostly"]},{"damage_healed":0.0,"max_hp_gain":0.0,"max_hp_loss":0.0,"gold_gain":0.0,"event_name":"The Mausoleum","player_choice":"Opened","floor":30.0,"gold_loss":0.0,"damage_taken":0.0,"relics_obtained":["Omamori"],"cards_obtained":["Writhe"]},{"damage_healed":0.0,"max_hp_gain":0.0,"max_hp_loss":0.0,"gold_gain":0.0,"event_name":"Mysterious Sphere","player_choice":"Fight","floor":38.0,"gold_loss":0.0,"damage_taken":0.0},{"cards_removed":["Defend_B"],"damage_healed":0.0,"max_hp_gain":0.0,"max_hp_loss":0.0,"gold_gain":0.0,"event_name":"Purifier","player_choice":"Purged","floor":45.0,"gold_loss":0.0,"damage_taken":0.0},{"damage_healed":0.0,"max_hp_gain":0.0,"max_hp_loss":0.0,"gold_gain":0.0,"event_name":"Tomb of Lord Red Mask","player_choice":"Ignored","floor":48.0,"gold_loss":0.0,"damage_taken":0.0}],"is_beta":false,"boss_relics":[{"not_picked":["Eternal Feather","Empty Cage"],"picked":"Busted Crown"},{"not_picked":["Philosopher\u0027s Stone","Sozu"],"picked":"Cursed Key"}],"items_purged_floors":[10,31,42],"is_endless":false,"potions_floor_spawned":[13,14,16,23,27,33,36,39,40,47],"ascension_level":20}