{"gold_per_floor":[114,114,114,138,28,71,95,118,141,159,177,191,212,226,226,352,352,366,389,402,7,26,26,44,67,135,155,178,178,199,213,213,213],"floor_reached":33,"playtime":4559,"items_purged":["Injury"],"score":338,"play_id":"0a409282-837b-46d9-8584-d2e4d27d6271","local_time":"20190509235513","is_ascension_mode":false,"campfire_choices":[{"data":"Prepared","floor":15,"key":"SMITH"},{"data":"Tactician","floor":23,"key":"SMITH"},{"data":"After Image","floor":32,"key":"SMITH"}],"neow_cost":"NONE","seed_source_timestamp":51852967535838,"circlet_count":0,"master_deck":["Defend_G","Defend_G","Defend_G","Defend_G","Defend_G","Strike_G","Strike_G","Strike_G","Strike_G","Strike_G","Survivor","Neutralize","Deadly Poison+1","Bane","Backstab","Footwork","Bane","Malaise","Backflip","Backflip","Deflect","Prepared+1","Tactician+1","Malaise","Noxious Fumes+1","Caltrops","Bane+1","Dagger Spray+1","Bouncing Flask","Deadly Poison","Caltrops+1","Flying Knee+1","Catalyst","After Image+1","Ghostly","Ghostly","Ghostly","Ghostly","Ghostly","Acrobatics+1"],"relics":["Ring of the Snake","NeowsBlessing","Golden Idol","Bag of Preparation","Anchor","White Beast Statue","Molten Egg 2","Bottled Lightning"],"potions_floor_usage":[16,16,18,20,24,24,25,25,25,25,25,25,25,25,27,30,30,31,33],"damage_taken":[{"damage":0,"enemies":"Jaw Worm","floor":1,"turns":1},{"damage":0,"enemies":"Small Slimes","floor":4,"turns":1},{"damage":0,"enemies":"Lagavulin","floor":6,"turns":1},{"damage":0,"enemies":"2 Louse","floor":7,"turns":1},{"damage":7,"enemies":"Exordium Wildlife","floor":8,"turns":2},{"damage":0,"enemies":"3 Louse","floor":10,"turns":2},{"damage":0,"enemies":"Lots of Slimes","floor":11,"turns":3},{"damage":0,"enemies":"Gremlin Gang","floor":12,"turns":7},{"damage":0,"enemies":"Large Slime","floor":13,"turns":6},{"damage":0,"enemies":"Looter","floor":14,"turns":2},{"damage":2,"enemies":"Hexaghost","floor":16,"turns":11},{"damage":6,"enemies":"3 Byrds","floor":18,"turns":9},{"damage":0,"enemies":"Chosen","floor":19,"turns":5},{"damage":9,"enemies":"Centurion and Healer","floor":20,"turns":8},{"damage":0,"enemies":"Snake Plant","floor":22,"turns":4},{"damage":4,"enemies":"Snecko","floor":24,"turns":7},{"damage":2,"enemies":"3 Cultists","floor":25,"turns":5},{"damage":18,"enemies":"Shelled Parasite and Fungi","floor":27,"turns":4},{"damage":1,"enemies":"Snecko","floor":28,"turns":5},{"damage":2,"enemies":"Sentry and Sphere","floor":30,"turns":6},{"damage":0,"enemies":"3 Cultists","floor":31,"turns":5},{"damage":40,"enemies":"Collector","floor":33,"turns":5}],"seed_played":"-5237836349724774523","potions_obtained":[{"floor":4,"key":"Fire Potion"},{"floor":11,"key":"Energy Potion"},{"floor":13,"key":"GhostInAJar"},{"floor":14,"key":"Swift Potion"},{"floor":18,"key":"GhostInAJar"},{"floor":19,"key":"SpeedPotion"},{"floor":20,"key":"EntropicBrew"},{"floor":22,"key":"Block Potion"},{"floor":24,"key":"Poison Potion"},{"floor":25,"key":"Poison Potion"},{"floor":27,"key":"SpeedPotion"},{"floor":28,"key":"GamblersBrew"},{"floor":30,"key":"LiquidBronze"},{"floor":31,"key":"SpeedPotion"}],"is_trial":false,"path_per_floor":["M","?","?","M","$","E","M","M","T","M","M","M","M","M","R","B",null,"M","M","M","$","M","R","M","M","T","M","M","?","M","M","R","B"],"character_chosen":"THE_SILENT","items_purchased":["Backstab","Molten Egg 2","Bane+1","Dagger Spray+1","Bouncing Flask"],"campfire_rested":0,"item_purchase_floors":[5,21,21,21,21],"current_hp_per_floor":[70,70,70,70,70,70,70,63,63,63,63,63,63,63,63,61,70,64,64,55,55,55,55,51,49,49,31,30,30,28,28,28,0],"gold":213,"neow_bonus":"THREE_ENEMY_KILL","is_prod":false,"is_daily":false,"chose_seed":false,"campfire_upgraded":3,"win_rate":0,"timestamp":1557413713,"path_taken":["M","?","?","M","$","E","M","M","T","M","M","M","M","M","R","BOSS","M","M","M","$","M","R","M","M","T","M","M","?","M","M","R","BOSS"],"build_version":"2019-01-23","purchased_purges":1,"victory":false,"max_hp_per_floor":[70,70,70,70,70,70,70,70,70,70,70,70,70,70,70,70,70,70,70,70,70,70,70,70,70,70,70,70,35,35,35,35,35],"card_choices":[{"not_picked":["Prepared","Bouncing Flask"],"picked":"Deadly Poison","floor":1},{"not_picked":["Bouncing Flask","Blade Dance"],"picked":"Bane","floor":4},{"not_picked":["Bane","Flechettes"],"picked":"Footwork","floor":6},{"not_picked":["Deadly Poison","Underhanded Strike"],"picked":"Bane","floor":7},{"not_picked":["Backflip","Acrobatics"],"picked":"Malaise","floor":8},{"not_picked":["Underhanded Strike","Slice"],"picked":"Backflip","floor":10},{"not_picked":["Outmaneuver","Quick Slash"],"picked":"Backflip","floor":11},{"not_picked":["Choke","Underhanded Strike"],"picked":"Deflect","floor":12},{"not_picked":["Dodge and Roll","Slice"],"picked":"Prepared","floor":13},{"not_picked":["Dagger Throw","Flying Knee"],"picked":"Tactician","floor":14},{"not_picked":["Night Terror","Tools of the Trade"],"picked":"Malaise","floor":16},{"not_picked":["Skewer","Deadly Poison"],"picked":"Noxious Fumes+1","floor":18},{"not_picked":["Predator","Acrobatics"],"picked":"Caltrops","floor":19},{"not_picked":["Slice","Quick Slash","Deflect"],"picked":"SKIP","floor":20},{"not_picked":["Outmaneuver","Dagger Spray+1"],"picked":"Deadly Poison","floor":22},{"not_picked":["Distraction","Sucker Punch+1"],"picked":"Caltrops+1","floor":24},{"not_picked":["Prepared","Reflex+1"],"picked":"Flying Knee+1","floor":25},{"not_picked":["Tactician","Dodge and Roll"],"picked":"Catalyst","floor":27},{"not_picked":["Acrobatics","Deadly Poison+1"],"picked":"After Image","floor":28},{"not_picked":["Outmaneuver+1","Expertise","Dagger Spray+1"],"picked":"SKIP","floor":30},{"not_picked":["Noxious Fumes","Riddle With Holes+1"],"picked":"Acrobatics+1","floor":31}],"player_experience":169739,"relics_obtained":[{"floor":6,"key":"Bag of Preparation"},{"floor":9,"key":"Anchor"},{"floor":26,"key":"Bottled Lightning"}],"event_choices":[{"damage_healed":0,"gold_gain":0,"player_choice":"Take Wound","damage_taken":0,"relics_obtained":["Golden Idol"],"max_hp_gain":0,"max_hp_loss":0,"event_name":"Golden Idol","floor":2,"gold_loss":0,"cards_obtained":["Injury"]},{"damage_healed":0,"gold_gain":0,"player_choice":"Grow","damage_taken":0,"max_hp_gain":0,"max_hp_loss":0,"event_name":"Living Wall","floor":3,"gold_loss":0,"cards_upgraded":["Deadly Poison"]},{"damage_healed":0,"gold_gain":0,"player_choice":"Became a Ghost","damage_taken":0,"max_hp_gain":0,"max_hp_loss":35,"event_name":"Ghosts","floor":29,"gold_loss":0,"cards_obtained":["Ghostly","Ghostly","Ghostly","Ghostly","Ghostly"]}],"is_beta":false,"boss_relics":[{"not_picked":["Orrery","Cursed Key"],"picked":"White Beast Statue"}],"items_purged_floors":[5],"is_endless":false,"potions_floor_spawned":[4,11,13,14,18,19,20,22,24,25,27,28,30,31],"killed_by":"Collector","ascension_level":0}