{"gold_per_floor":[114,133,146,296,296,296,321,333,394,406,142,154,168,68,68,139,139,150,150,168,168,20,20,51,51,51,51,66,91,5,22,22,99,99,117,133,133,133,133,158,158,178,178,194,89,106,106,136,136,136],"floor_reached":51,"playtime":1765,"items_purged":["Strike_B","Strike_B"],"score":1350,"play_id":"0af3f05b-c675-4575-9c3f-26456da6c4c3","local_time":"20190304131133","is_ascension_mode":true,"campfire_choices":[{"data":"Zap","floor":6.0,"key":"SMITH"},{"data":"Ball Lightning","floor":8.0,"key":"SMITH"},{"data":"Beam Cell","floor":15.0,"key":"SMITH"},{"data":"Defragment","floor":23.0,"key":"SMITH"},{"floor":25.0,"key":"REST"},{"floor":27.0,"key":"REST"},{"floor":32.0,"key":"REST"},{"floor":41,"key":"REST"},{"floor":47,"key":"REST"},{"data":"Amplify","floor":49,"key":"SMITH"}],"neow_cost":"NONE","seed_source_timestamp":20523049977232,"circlet_count":0,"master_deck":["AscendersBane","Defend_B","Defend_B","Defend_B","Zap+1","Cold Snap","Ball Lightning+1","Compile Driver","Gash","Beam Cell+1","Ball Lightning","Echo Form","BootSequence","Doom and Gloom","Amplify+1","Cold Snap","Defragment+1","Rainbow","Self Repair","Coolheaded","Biased Cognition","Core Surge","Force Field+1","Electrodynamics","Skim","Glacier","Consume+1","Leap+1","Conserve Battery+1","Loop","Hologram+1"],"special_seed":0,"relics":["Cracked Core","NeowsBlessing","MawBank","Oddly Smooth Stone","Kunai","Runic Capacitor","Sozu","Vajra","StoneCalendar","Blood Vial","Runic Pyramid","Shuriken","Toxic Egg 2","Pocketwatch"],"potions_floor_usage":[],"damage_taken":[{"damage":0.0,"enemies":"Jaw Worm","floor":1.0,"turns":1.0},{"damage":0.0,"enemies":"Small Slimes","floor":2.0,"turns":1.0},{"damage":0.0,"enemies":"2 Louse","floor":3.0,"turns":1.0},{"damage":31.0,"enemies":"Gremlin Nob","floor":7.0,"turns":4.0},{"damage":3.0,"enemies":"Red Slaver","floor":12.0,"turns":3.0},{"damage":8.0,"enemies":"Exordium Thugs","floor":13.0,"turns":4.0},{"damage":10.0,"enemies":"Hexaghost","floor":16.0,"turns":6.0},{"damage":6.0,"enemies":"Shell Parasite","floor":18.0,"turns":4.0},{"damage":0.0,"enemies":"Chosen","floor":20.0,"turns":4.0},{"damage":29.0,"enemies":"Gremlin Leader","floor":24.0,"turns":6.0},{"damage":10.0,"enemies":"Sentry and Sphere","floor":28.0,"turns":4.0},{"damage":11.0,"enemies":"Book of Stabbing","floor":29.0,"turns":5.0},{"damage":24.0,"enemies":"3 Cultists","floor":31.0,"turns":5.0},{"damage":49.0,"enemies":"Collector","floor":33.0,"turns":10.0},{"damage":7.0,"enemies":"3 Shapes","floor":35.0,"turns":4.0},{"damage":28,"enemies":"3 Darklings","floor":36,"turns":6},{"damage":15,"enemies":"Nemesis","floor":40,"turns":7},{"damage":0,"enemies":"Sphere and 2 Shapes","floor":42,"turns":3},{"damage":10,"enemies":"Writhing Mass","floor":44,"turns":6},{"damage":30,"enemies":"Transient","floor":46,"turns":5},{"damage":0,"enemies":"Giant Head","floor":48,"turns":9},{"damage":46,"enemies":"Donu and Deca","floor":50,"turns":10}],"seed_played":"6060852128876439349","potions_obtained":[{"floor":2.0,"key":"SkillPotion"},{"floor":7.0,"key":"FearPotion"}],"is_trial":false,"path_per_floor":["M","M","M","?","?","R","E","R","T","?","$","M","M","$","R","B",null,"M","?","M","?","$","R","E","R","T","R","M","E","$","M","R","B",null,"M","M","?","$","?","E","R","M","T","M","$","M","R","E","R","B",null],"character_chosen":"DEFECT","items_purchased":["Runic Capacitor","Defragment","Rainbow","Self Repair","Coolheaded","Leap+1","Conserve Battery+1"],"campfire_rested":5,"item_purchase_floors":[11,22,22,30,30,45,45],"current_hp_per_floor":[64,64,64,64,64,64,33,33,33,33,33,30,22,22,22,12,56,50,50,50,50,50,50,21,42,42,63,53,42,42,34,55,15,57,66,40,40,40,40,34,55,57,57,63,63,49,70,71,71,39],"gold":136,"neow_bonus":"THREE_ENEMY_KILL","is_prod":false,"is_daily":false,"chose_seed":false,"campfire_upgraded":5,"win_rate":0,"timestamp":1551733893,"path_taken":["M","M","M","?","?","R","E","R","T","?","$","?","M","?","R","BOSS","M","?","M","?","$","R","E","R","T","R","M","E","$","M","R","BOSS","M","M","?","$","?","E","R","M","T","?","$","M","R","E","R","BOSS"],"build_version":"2019-01-23","purchased_purges":2,"victory":true,"max_hp_per_floor":[71,71,71,71,71,71,71,71,71,71,71,71,71,71,71,71,71,71,71,71,71,71,71,71,71,71,71,71,71,71,71,71,71,71,71,71,71,71,71,71,71,71,71,71,71,71,71,71,71,71],"card_choices":[{"not_picked":["Rebound","Scrape"],"picked":"Cold Snap","floor":1.0},{"not_picked":["Redo","Aggregate"],"picked":"Ball Lightning","floor":2.0},{"not_picked":["White Noise","Capacitor"],"picked":"Compile Driver","floor":3.0},{"not_picked":["Stack","Creative AI"],"picked":"Gash","floor":7.0},{"not_picked":["Hologram","Rebound"],"picked":"Beam Cell","floor":12.0},{"not_picked":["Redo","Doom and Gloom"],"picked":"Ball Lightning","floor":13.0},{"not_picked":["Rainbow","Reboot"],"picked":"Echo Form","floor":16.0},{"not_picked":["Stack","Go for the Eyes"],"picked":"BootSequence","floor":18.0},{"not_picked":["Go for the Eyes","Recycle"],"picked":"Cold Snap","floor":20.0},{"not_picked":["Double Energy","Turbo+1","Streamline"],"picked":"SKIP","floor":24.0},{"not_picked":["Sweeping Beam","Stack","Beam Cell"],"picked":"SKIP","floor":28.0},{"not_picked":["Hologram","Skim","White Noise"],"picked":"SKIP","floor":29.0},{"not_picked":["Cold Snap","Sunder"],"picked":"Biased Cognition","floor":31.0},{"not_picked":["Thunder Strike","Creative AI"],"picked":"Core Surge","floor":33.0},{"not_picked":["Compile Driver","Steam"],"picked":"Force Field+1","floor":35.0},{"not_picked":["Gash","Conserve Battery"],"picked":"Electrodynamics","floor":36},{"not_picked":["Barrage","All For One"],"picked":"Glacier","floor":40},{"not_picked":["Ball Lightning","Beam Cell","Fusion"],"picked":"SKIP","floor":42},{"not_picked":["Sweeping Beam","Heatsinks"],"picked":"Consume+1","floor":44},{"not_picked":["Aggregate+1","Force Field+1"],"picked":"Loop","floor":46},{"not_picked":["Rebound","Go for the Eyes"],"picked":"Hologram+1","floor":48}],"player_experience":2319595,"relics_obtained":[{"floor":7.0,"key":"MawBank"},{"floor":9.0,"key":"Oddly Smooth Stone"},{"floor":24.0,"key":"Vajra"},{"floor":26.0,"key":"StoneCalendar"},{"floor":29.0,"key":"Blood Vial"},{"floor":40,"key":"Shuriken"},{"floor":43,"key":"Toxic Egg 2"},{"floor":48,"key":"Pocketwatch"}],"event_choices":[{"damage_healed":0.0,"max_hp_gain":0.0,"max_hp_loss":0.0,"gold_gain":150.0,"event_name":"Liars Game","player_choice":"AGREE","floor":4.0,"gold_loss":0.0,"damage_taken":0.0,"cards_obtained":["Doubt"]},{"cards_removed":["Doubt"],"damage_healed":0.0,"max_hp_gain":0.0,"max_hp_loss":0.0,"gold_gain":0.0,"event_name":"Living Wall","player_choice":"Forget","floor":5.0,"gold_loss":0.0,"damage_taken":0.0},{"damage_healed":0.0,"max_hp_gain":0.0,"max_hp_loss":0.0,"gold_gain":0.0,"event_name":"WeMeetAgain","player_choice":"Gave Potion","floor":10.0,"gold_loss":0.0,"damage_taken":0.0,"relics_obtained":["Kunai"]},{"damage_healed":0.0,"max_hp_gain":0.0,"max_hp_loss":0.0,"gold_gain":0.0,"cards_transformed":["Strike_B","Strike_B"],"event_name":"Drug Dealer","player_choice":"Became Test Subject","floor":19.0,"gold_loss":0.0,"damage_taken":0.0,"cards_obtained":["Doom and Gloom","Amplify"]},{"damage_healed":0.0,"max_hp_gain":0.0,"max_hp_loss":0.0,"gold_gain":0.0,"event_name":"Ghosts","player_choice":"Ignored","floor":21.0,"gold_loss":0.0,"damage_taken":0.0},{"cards_removed":["Dualcast"],"damage_healed":0,"gold_gain":0,"player_choice":"Removed Skill","damage_taken":0,"max_hp_gain":0,"max_hp_loss":0,"event_name":"Falling","floor":37,"gold_loss":0},{"damage_healed":0,"gold_gain":0,"cards_transformed":["Defend_B"],"player_choice":"Transformed","damage_taken":0,"max_hp_gain":0,"max_hp_loss":0,"event_name":"Transmorgrifier","floor":39,"gold_loss":0,"cards_obtained":["Skim"]}],"is_beta":false,"boss_relics":[{"not_picked":["Runic Dome","Eternal Feather"],"picked":"Sozu"},{"not_picked":["Inserter","Pandora\u0027s Box"],"picked":"Runic Pyramid"}],"items_purged_floors":[11,14],"is_endless":false,"potions_floor_spawned":[2,7,18,28,31,33,42,46,48],"ascension_level":15}