{"gold_per_floor":[118,135,152,162,179,211,211,237,237,263,263,263,263,296,296,373,373,392,420,67,67,10,10,10],"floor_reached":24,"playtime":850,"items_purged":["Strike_B"],"score":444,"play_id":"3786432d-5955-458e-ad88-7ca4878ca6e5","local_time":"20190408172755","is_ascension_mode":true,"campfire_choices":[{"floor":7.0,"key":"REST"},{"floor":11.0,"key":"REST"},{"data":"Defragment","floor":13.0,"key":"SMITH"},{"data":"Zap","floor":15.0,"key":"SMITH"},{"floor":23.0,"key":"REST"}],"neow_cost":"NONE","seed_source_timestamp":11008422867500,"circlet_count":0,"master_deck":["AscendersBane","Strike_B","Strike_B","Strike_B","Defend_B","Defend_B","Defend_B","Defend_B","Zap+1","Dualcast","Capacitor","Streamline","Ball Lightning","Ball Lightning","Defragment+1","Conserve Battery","FTL","Chill","Reinforced Body","Thunder Strike","Steam","Self Repair+1","Writhe","Hologram+1"],"special_seed":0,"relics":["Cracked Core","NeowsBlessing","Juzu Bracelet","Boot","Oddly Smooth Stone","Bag of Marbles","Sundial","Velvet Choker","Red Mask","Toxic Egg 2","Gremlin Horn"],"potions_floor_usage":[24],"damage_taken":[{"damage":0.0,"enemies":"Cultist","floor":1.0,"turns":1.0},{"damage":0.0,"enemies":"Jaw Worm","floor":2.0,"turns":1.0},{"damage":0.0,"enemies":"2 Louse","floor":3.0,"turns":1.0},{"damage":2.0,"enemies":"Exordium Wildlife","floor":4.0,"turns":4.0},{"damage":15.0,"enemies":"Large Slime","floor":5.0,"turns":4.0},{"damage":15.0,"enemies":"3 Sentries","floor":6.0,"turns":5.0},{"damage":29.0,"enemies":"Gremlin Nob","floor":8.0,"turns":4.0},{"damage":32.0,"enemies":"3 Sentries","floor":10.0,"turns":6.0},{"damage":16.0,"enemies":"Lagavulin","floor":14.0,"turns":4.0},{"damage":30.0,"enemies":"The Guardian","floor":16.0,"turns":9.0},{"damage":24.0,"enemies":"Chosen","floor":18.0,"turns":4.0},{"damage":4.0,"enemies":"Masked Bandits","floor":19.0,"turns":4.0},{"damage":61,"enemies":"Gremlin Leader","floor":24,"turns":6}],"seed_played":"-3502778003338546467","potions_obtained":[{"floor":1.0,"key":"Fire Potion"},{"floor":2.0,"key":"EssenceOfSteel"},{"floor":5.0,"key":"Explosive Potion"},{"floor":6.0,"key":"Regen Potion"},{"floor":8.0,"key":"SteroidPotion"},{"floor":19.0,"key":"Weak Potion"}],"is_trial":false,"path_per_floor":["M","M","M","M","M","E","R","E","T","E","R","?","R","E","R","B",null,"M","?","$","?","$","R","E"],"character_chosen":"DEFECT","items_purchased":["Toxic Egg 2","Hologram+1"],"campfire_rested":3,"item_purchase_floors":[20,22],"current_hp_per_floor":[64,64,64,62,47,32,53,36,36,4,25,48,48,32,32,2,54,30,26,26,26,26,47,0],"gold":10,"neow_bonus":"THREE_ENEMY_KILL","is_prod":false,"is_daily":false,"chose_seed":false,"campfire_upgraded":2,"win_rate":0,"timestamp":1554715675,"path_taken":["M","?","M","M","M","E","R","E","T","E","R","?","R","E","R","BOSS","M","?","$","?","$","R","E"],"build_version":"2019-04-04","purchased_purges":1,"victory":false,"max_hp_per_floor":[71,71,71,71,71,71,71,71,71,71,71,71,71,71,71,71,71,71,71,71,71,71,71,71],"card_choices":[{"not_picked":["Force Field","Compile Driver"],"picked":"Capacitor","floor":1.0},{"not_picked":["Stack","Coolheaded"],"picked":"Streamline","floor":2.0},{"not_picked":["Steam","Conserve Battery"],"picked":"Ball Lightning","floor":3.0},{"not_picked":["Barrage","BootSequence"],"picked":"Ball Lightning","floor":4.0},{"not_picked":["Coolheaded","Leap"],"picked":"Defragment","floor":5.0},{"not_picked":["Machine Learning","Streamline"],"picked":"Conserve Battery","floor":6.0},{"not_picked":["Fusion","Hyperbeam"],"picked":"FTL","floor":8.0},{"not_picked":["Steam","Stack"],"picked":"Chill","floor":10.0},{"not_picked":["Rebound","Genetic Algorithm"],"picked":"Reinforced Body","floor":14.0},{"not_picked":["Reboot","Multi-Cast"],"picked":"Thunder Strike","floor":16.0},{"not_picked":["Consume","Compile Driver"],"picked":"Steam","floor":18.0},{"not_picked":["Conserve Battery","Blizzard"],"picked":"Self Repair+1","floor":19.0}],"player_experience":1366133,"relics_obtained":[{"floor":6.0,"key":"Juzu Bracelet"},{"floor":8.0,"key":"Boot"},{"floor":9.0,"key":"Oddly Smooth Stone"},{"floor":10.0,"key":"Bag of Marbles"},{"floor":14.0,"key":"Sundial"},{"floor":19.0,"key":"Red Mask"}],"event_choices":[{"damage_healed":23.0,"max_hp_gain":0.0,"max_hp_loss":0.0,"gold_gain":0.0,"event_name":"Big Fish","player_choice":"Banana","floor":12.0,"gold_loss":0.0,"damage_taken":0.0},{"damage_healed":0.0,"max_hp_gain":0.0,"max_hp_loss":0.0,"gold_gain":0.0,"event_name":"Masked Bandits","player_choice":"Fought Bandits","floor":19.0,"gold_loss":0.0,"damage_taken":0.0},{"damage_healed":0.0,"max_hp_gain":0.0,"max_hp_loss":0.0,"gold_gain":0.0,"event_name":"The Mausoleum","player_choice":"Opened","floor":21.0,"gold_loss":0.0,"damage_taken":0.0,"relics_obtained":["Gremlin Horn"],"cards_obtained":["Writhe"]}],"is_beta":true,"boss_relics":[{"not_picked":["Runic Pyramid","Lizard Tail"],"picked":"Velvet Choker"}],"items_purged_floors":[20],"is_endless":false,"potions_floor_spawned":[1,2,5,6,8,19],"killed_by":"Gremlin Leader","ascension_level":20}