{"gold_per_floor":[109,159,17,29,46,46,80,97,97,97,112,112,122,122,122,199,199,210,17,17,17,31,31,81,114,114,114,114,114,114,129,129,204,204,214,48,63,63,77,77,92,92,92,92,103,103,47,65,65,65],"floor_reached":51,"playtime":2259,"items_purged":["Strike_B"],"score":1347,"play_id":"f2a9b7d2-7c9e-4146-b975-895a3c97f79e","local_time":"20181008142107","is_ascension_mode":true,"campfire_choices":[{"data":"Go for the Eyes","floor":6.0,"key":"SMITH"},{"data":"Zap","floor":10.0,"key":"SMITH"},{"data":"Streamline","floor":12.0,"key":"SMITH"},{"data":"Capacitor","floor":15.0,"key":"SMITH"},{"data":"Creative AI","floor":23.0,"key":"SMITH"},{"floor":29,"key":"REST"},{"floor":30,"key":"REST"},{"floor":32,"key":"REST"},{"floor":40,"key":"REST"},{"floor":42,"key":"REST"},{"floor":44,"key":"REST"},{"floor":46,"key":"REST"},{"floor":49,"key":"REST"}],"neow_cost":"NONE","seed_source_timestamp":22254145173160,"circlet_count":0,"master_deck":["Defend_B","Zap+1","Dualcast","AscendersBane","Cold Snap","FTL","Go for the Eyes+1","Conserve Battery","Ball Lightning","Cold Snap","Streamline+1","Steam","Capacitor+1","Creative AI+1","Hologram+1","Ball Lightning","Glacier","Skim","Capacitor","Genetic Algorithm","Thunder Strike","Recycle+1","Machine Learning+1","Sweeping Beam+1","Compile Driver+1","Glacier","Core Surge","Go for the Eyes","Regret","Skim+1","Turbo","Reinforced Body+1"],"special_seed":0,"relics":["Cracked Core","Cables","Unceasing Top","Cursed Key","WingedGreaves","Astrolabe","Happy Flower","Bottled Tornado"],"potions_floor_usage":[33,33,39,41,48,50,50],"damage_taken":[{"damage":1.0,"enemies":"2 Louse","floor":1.0,"turns":3.0},{"damage":0.0,"enemies":"Cultist","floor":4.0,"turns":3.0},{"damage":0.0,"enemies":"Jaw Worm","floor":5.0,"turns":3.0},{"damage":19.0,"enemies":"Gremlin Nob","floor":7.0,"turns":4.0},{"damage":0.0,"enemies":"3 Louse","floor":8.0,"turns":4.0},{"damage":5.0,"enemies":"Exordium Wildlife","floor":11.0,"turns":4.0},{"damage":0.0,"enemies":"Blue Slaver","floor":13.0,"turns":2.0},{"damage":10.0,"enemies":"Hexaghost","floor":16.0,"turns":9.0},{"damage":14.0,"enemies":"Shell Parasite","floor":18.0,"turns":4.0},{"damage":4.0,"enemies":"3 Byrds","floor":22.0,"turns":4.0},{"damage":25.0,"enemies":"Slavers","floor":25.0,"turns":7.0},{"damage":19,"enemies":"Centurion and Healer","floor":31,"turns":7},{"damage":0,"enemies":"Champ","floor":33,"turns":15},{"damage":4,"enemies":"Orb Walker","floor":35,"turns":4},{"damage":15,"enemies":"3 Shapes","floor":37,"turns":6},{"damage":10,"enemies":"Maw","floor":39,"turns":10},{"damage":28,"enemies":"4 Shapes","floor":41,"turns":5},{"damage":54,"enemies":"Reptomancer","floor":45,"turns":8},{"damage":11,"enemies":"Transient","floor":48,"turns":6},{"damage":33,"enemies":"Donu and Deca","floor":50,"turns":13}],"seed_played":"-4873908770737549165","potions_obtained":[{"floor":0.0,"key":"EssenceOfSteel"},{"floor":0.0,"key":"Strength Potion"},{"floor":13.0,"key":"Fire Potion"},{"floor":18.0,"key":"EssenceOfSteel"},{"floor":25.0,"key":"EssenceOfSteel"},{"floor":37,"key":"SkillPotion"},{"floor":39,"key":"SneckoOil"},{"floor":41,"key":"FocusPotion"},{"floor":45,"key":"FearPotion"},{"floor":48,"key":"Fire Potion"}],"is_trial":false,"path_per_floor":["M","?","$","M","M","R","E","M","T","R","M","R","M","?","R","B",null,"M","$","?","?","M","R","?","E","T","?","$","R","R","M","R","B",null,"M","$","M","?","M","R","M","R","T","R","M","R","$","M","R","B"],"character_chosen":"DEFECT","items_purchased":["FTL","Go for the Eyes","Ball Lightning","SkillPotion","Happy Flower","Turbo"],"campfire_rested":8,"item_purchase_floors":[3,3,19,19,36,47],"current_hp_per_floor":[63,56,56,56,56,56,37,37,37,37,32,32,32,25,25,15,57,43,43,43,43,39,39,39,14,14,14,14,35,56,37,58,58,68,64,64,49,49,39,60,32,53,53,71,17,38,38,27,48,15],"gold":65,"neow_bonus":"THREE_SMALL_POTIONS","is_prod":false,"is_daily":false,"chose_seed":false,"campfire_upgraded":5,"win_rate":0,"timestamp":1539033667,"path_taken":["M","?","$","M","M","R","E","M","T","R","M","R","M","?","R","BOSS","M","$","?","?","M","R","?","E","T","?","$","R","R","M","R","BOSS","M","$","M","?","?","R","M","R","T","R","M","R","?","?","R","BOSS"],"build_version":"2018-10-04v2","purchased_purges":1,"victory":true,"max_hp_per_floor":[71,71,71,71,71,71,71,71,71,71,71,71,71,71,71,71,71,71,71,71,71,71,71,71,71,71,71,71,71,71,71,71,71,71,71,71,71,71,71,71,71,71,71,71,71,71,71,71,71,71],"card_choices":[{"not_picked":["Storm","Turbo"],"picked":"Cold Snap","floor":1.0},{"not_picked":["Beam Cell","Rebound"],"picked":"Conserve Battery","floor":4.0},{"not_picked":["Compile Driver","Stack"],"picked":"Ball Lightning","floor":5.0},{"not_picked":["Conserve Battery","Scrape"],"picked":"Cold Snap","floor":7.0},{"not_picked":["Skim","Ball Lightning"],"picked":"Streamline","floor":8.0},{"not_picked":["Reboot","Rip and Tear"],"picked":"Steam","floor":11.0},{"not_picked":["Darkness","Compile Driver"],"picked":"Capacitor","floor":13.0},{"not_picked":["Rainbow","Multi-Cast"],"picked":"Creative AI","floor":16.0},{"not_picked":["Hello World","Recycle"],"picked":"Hologram","floor":18.0},{"not_picked":["Steam","Gash","Sweeping Beam"],"picked":"SKIP","floor":22.0},{"not_picked":["Chaos","Beam Cell"],"picked":"Skim","floor":25.0},{"not_picked":["Rebound","Coolheaded","Reinforced Body"],"picked":"SKIP","floor":31},{"not_picked":["Amplify","Electrodynamics"],"picked":"Thunder Strike","floor":33},{"not_picked":["Conserve Battery","Gash","Ball Lightning"],"picked":"SKIP","floor":35},{"not_picked":["Sweeping Beam+1","Capacitor"],"picked":"Compile Driver+1","floor":37},{"not_picked":["Go for the Eyes","Streamline"],"picked":"Core Surge","floor":39},{"not_picked":["Darkness","Compile Driver"],"picked":"Go for the Eyes","floor":41},{"not_picked":["Beam Cell","Streamline"],"picked":"Skim+1","floor":45},{"not_picked":["Undo","Steam"],"picked":"Reinforced Body+1","floor":48}],"player_experience":1302656,"relics_obtained":[{"floor":7.0,"key":"Cables"},{"floor":9.0,"key":"Unceasing Top"},{"floor":25.0,"key":"WingedGreaves"},{"floor":43,"key":"Bottled Tornado"}],"event_choices":[{"event_name":"FaceTrader","player_choice":"Touch","floor":2.0,"damage_taken":0.0},{"event_name":"Golden Wing","player_choice":"Card Removal","floor":14.0,"damage_taken":0.0},{"event_name":"Upgrade Shrine","player_choice":"Upgraded","floor":20.0,"damage_taken":0.0},{"event_name":"The Library","player_choice":"Read","floor":21.0,"damage_taken":0.0},{"event_name":"Golden Shrine","player_choice":"Pray","floor":24.0,"damage_taken":0.0},{"event_name":"Drug Dealer","player_choice":"Became Test Subject","floor":27,"damage_taken":0},{"event_name":"Duplicator","player_choice":"One dupe","floor":38,"damage_taken":0}],"is_beta":false,"boss_relics":[{"not_picked":["Fusion Hammer","Inserter"],"picked":"Cursed Key"},{"not_picked":["Busted Crown","Eternal Feather"],"picked":"Astrolabe"}],"items_purged_floors":[19],"is_endless":false,"potions_floor_spawned":[1,4,13,18,25,37,39,41,45,48],"ascension_level":19}