{"gold_per_floor":[364,378,378,393,408,408,441,465,546,546,572,572,584,600,600,676,676,694,619,619,635,655,655,672,685,685,685,710,710,741,200,200,273,273,291,391,291,291,302,302,337,337,388,388,45,75,75,0,0,0],"floor_reached":51,"playtime":2495,"items_purged":["Strike_G","Strike_G"],"score":1477,"play_id":"02e4f4dd-08c3-46b1-8d3d-ff6df8791cca","local_time":"20181209145219","is_ascension_mode":true,"campfire_choices":[{"data":"Noxious Fumes","floor":6,"key":"SMITH"},{"data":"Neutralize","floor":10,"key":"SMITH"},{"data":"Deadly Poison","floor":12,"key":"SMITH"},{"data":"Poisoned Stab","floor":15,"key":"SMITH"},{"data":"Crippling Poison","floor":23,"key":"SMITH"},{"floor":27,"key":"REST"},{"data":"Footwork","floor":29,"key":"SMITH"},{"floor":32,"key":"REST"},{"data":"Apotheosis","floor":40,"key":"SMITH"},{"data":"Catalyst","floor":42,"key":"SMITH"},{"floor":44,"key":"REST"},{"data":"Malaise","floor":49,"key":"SMITH"}],"neow_cost":"TEN_PERCENT_HP_LOSS","seed_source_timestamp":115401329638765,"circlet_count":0,"master_deck":["AscendersBane","Defend_G","Defend_G","Defend_G","Defend_G","Defend_G","Strike_G","Survivor","Neutralize+1","Deadly Poison+1","Noxious Fumes+1","Dodge and Roll","Leg Sweep","Deflect","Poisoned Stab+1","Cloak And Dagger","Corpse Explosion","Distraction","Deflect","Crippling Poison+1","Footwork+1","Apotheosis+1","Wraith Form v2","Catalyst+1","Concentrate+1","Clumsy","Catalyst","Malaise+1"],"special_seed":0,"relics":["Ring of the Snake","Mango","Odd Mushroom","Meat on the Bone","Blood Vial","Runic Pyramid","Shuriken","Dream Catcher","Bronze Scales","Oddly Smooth Stone","Cursed Key","Ginger","Art of War","Happy Flower","Paper Crane","Juzu Bracelet","Red Mask"],"potions_floor_usage":[7,8,11,16,30],"damage_taken":[{"damage":0.0,"enemies":"Small Slimes","floor":1.0,"turns":3.0},{"damage":0.0,"enemies":"Cultist","floor":2.0,"turns":4.0},{"damage":6,"enemies":"2 Louse","floor":4,"turns":4},{"damage":2,"enemies":"Blue Slaver","floor":5,"turns":5},{"damage":15,"enemies":"Gremlin Nob","floor":7,"turns":5},{"damage":19,"enemies":"The Mushroom Lair","floor":8,"turns":6},{"damage":11,"enemies":"3 Sentries","floor":11,"turns":8},{"damage":10,"enemies":"Red Slaver","floor":13,"turns":5},{"damage":8,"enemies":"Exordium Thugs","floor":14,"turns":4},{"damage":29,"enemies":"Slime Boss","floor":16,"turns":10},{"damage":9,"enemies":"Spheric Guardian","floor":18,"turns":4},{"damage":1,"enemies":"3 Byrds","floor":21,"turns":5},{"damage":23,"enemies":"Centurion and Healer","floor":22,"turns":6},{"damage":15,"enemies":"Shelled Parasite and Fungi","floor":24,"turns":5},{"damage":4,"enemies":"3 Cultists","floor":25,"turns":3},{"damage":32,"enemies":"Gremlin Leader","floor":28,"turns":6},{"damage":25,"enemies":"Slavers","floor":30,"turns":4},{"damage":18,"enemies":"Champ","floor":33,"turns":14},{"damage":3,"enemies":"3 Darklings","floor":35,"turns":4},{"damage":0,"enemies":"Mind Bloom Boss Battle","floor":36,"turns":8},{"damage":0,"enemies":"3 Shapes","floor":39,"turns":3},{"damage":19,"enemies":"Reptomancer","floor":41,"turns":6},{"damage":0,"enemies":"Giant Head","floor":46,"turns":7},{"damage":0,"enemies":"Time Eater","floor":50,"turns":8}],"seed_played":"7679270009972865638","potions_obtained":[{"floor":2.0,"key":"Strength Potion"},{"floor":5,"key":"Regen Potion"},{"floor":8,"key":"Block Potion"},{"floor":13,"key":"SteroidPotion"},{"floor":16,"key":"Fire Potion"},{"floor":21,"key":"Swift Potion"},{"floor":30,"key":"EssenceOfSteel"}],"is_trial":false,"path_per_floor":["M","M","?","M","M","R","E","?","T","R","E","R","M","M","R","B",null,"M","?","?","M","M","R","M","M","T","R","E","R","E","$","R","B",null,"M","?","$","$","M","R","E","R","T","R","$","E","?","?","R","B",null],"character_chosen":"THE_SILENT","items_purchased":["Oddly Smooth Stone","Regen Potion","Apotheosis","GhostInAJar","Paper Crane","Catalyst"],"campfire_rested":3,"item_purchase_floors":[31,31,31,31,45,45],"current_hp_per_floor":[59,59,59,53,51,51,50,46,46,46,47,47,39,45,45,30,63,56,56,56,57,48,48,47,45,45,67,49,49,38,38,60,44,67,66,68,68,68,70,70,53,53,53,74,74,74,74,74,74,74],"gold":0,"neow_bonus":"TWO_FIFTY_GOLD","is_prod":false,"is_daily":false,"chose_seed":false,"campfire_upgraded":9,"win_rate":0,"timestamp":1544395939,"path_taken":["M","M","?","?","M","R","E","?","T","R","E","R","M","M","R","BOSS","M","?","?","M","M","R","M","M","T","R","E","R","E","$","R","BOSS","M","?","?","$","M","R","E","R","T","R","$","E","?","?","R","BOSS"],"build_version":"2018-12-06","purchased_purges":2,"victory":true,"max_hp_per_floor":[60,60,60,60,60,60,74,74,74,74,74,74,74,74,74,74,74,74,74,74,74,74,74,74,74,74,74,74,74,74,74,74,74,74,74,74,74,74,74,74,74,74,74,74,74,74,74,74,74,74],"card_choices":[{"not_picked":["Slice","Flying Knee"],"picked":"Deadly Poison","floor":1.0},{"not_picked":["Bane","Accuracy"],"picked":"Noxious Fumes","floor":2.0},{"not_picked":["Deadly Poison","Calculated Gamble"],"picked":"Dodge and Roll","floor":4},{"not_picked":["Poisoned Stab","Acrobatics"],"picked":"Leg Sweep","floor":5},{"not_picked":["Skewer","Blade Dance"],"picked":"Deflect","floor":7},{"not_picked":["Dagger Throw","Storm of Steel"],"picked":"Poisoned Stab","floor":8},{"not_picked":["Acrobatics","Bane"],"picked":"Cloak And Dagger","floor":11},{"not_picked":["Expertise","Eviscerate","Prepared"],"picked":"SKIP","floor":13},{"not_picked":["Flechettes","Outmaneuver","Slice"],"picked":"SKIP","floor":14},{"not_picked":["Doppelganger","A Thousand Cuts"],"picked":"Corpse Explosion","floor":16},{"not_picked":["Dagger Spray","Underhanded Strike","Quick Slash+1"],"picked":"SKIP","floor":18},{"not_picked":["Deadly Poison","Cloak And Dagger"],"picked":"Deflect","floor":21},{"not_picked":["Deflect","Leg Sweep"],"picked":"Crippling Poison","floor":22},{"not_picked":["Outmaneuver","Bane","Unload"],"picked":"SKIP","floor":24},{"not_picked":["Sucker Punch+1","Acrobatics"],"picked":"Backflip","floor":25},{"not_picked":["Poisoned Stab","PiercingWail+1"],"picked":"Footwork","floor":28},{"not_picked":["Expertise","Terror","Leg Sweep"],"picked":"SKIP","floor":30},{"not_picked":["Die Die Die","Glass Knife"],"picked":"Wraith Form v2","floor":33},{"not_picked":["Sucker Punch","Well Laid Plans","Expertise"],"picked":"SKIP","floor":35},{"not_picked":["Poisoned Stab","Sucker Punch"],"picked":"Catalyst","floor":39},{"not_picked":["Endless Agony+1","Distraction"],"picked":"Concentrate+1","floor":41},{"not_picked":["Choke","Acrobatics+1"],"picked":"Malaise","floor":46}],"player_experience":1762275,"relics_obtained":[{"floor":7,"key":"Mango"},{"floor":8,"key":"Odd Mushroom"},{"floor":9,"key":"Meat on the Bone"},{"floor":11,"key":"Blood Vial"},{"floor":26,"key":"Shuriken"},{"floor":28,"key":"Dream Catcher"},{"floor":30,"key":"Bronze Scales"},{"floor":36,"key":"Ginger"},{"floor":41,"key":"Art of War"},{"floor":43,"key":"Happy Flower"},{"floor":46,"key":"Juzu Bracelet"}],"event_choices":[{"damage_healed":0,"gold_gain":0,"player_choice":"Leave","damage_taken":0,"max_hp_gain":0,"max_hp_loss":0,"event_name":"FaceTrader","floor":3,"gold_loss":0},{"damage_healed":0,"gold_gain":0,"player_choice":"Fought Mushrooms","damage_taken":0,"max_hp_gain":0,"max_hp_loss":0,"event_name":"Mushrooms","floor":8,"gold_loss":0},{"cards_removed":["Strike_G"],"damage_healed":0,"gold_gain":0,"player_choice":"Gave Gold","damage_taken":0,"max_hp_gain":0,"max_hp_loss":0,"event_name":"Beggar","floor":19,"gold_loss":75},{"damage_healed":0,"gold_gain":0,"cards_transformed":["Strike_G"],"player_choice":"Transformed","damage_taken":0,"max_hp_gain":0,"max_hp_loss":0,"event_name":"Transmorgrifier","floor":20,"gold_loss":0,"cards_obtained":["Distraction"]},{"damage_healed":0,"gold_gain":0,"player_choice":"Fight","damage_taken":0,"max_hp_gain":0,"max_hp_loss":0,"event_name":"MindBloom","floor":36,"gold_loss":0},{"cards_removed":["Backflip"],"damage_healed":0,"gold_gain":0,"player_choice":"Removed Skill","damage_taken":0,"max_hp_gain":0,"max_hp_loss":0,"event_name":"Falling","floor":47,"gold_loss":0},{"damage_healed":0,"gold_gain":0,"player_choice":"Paid","damage_taken":0,"relics_obtained":["Red Mask"],"max_hp_gain":0,"max_hp_loss":0,"event_name":"Tomb of Lord Red Mask","floor":48,"gold_loss":75}],"is_beta":false,"boss_relics":[{"not_picked":["Fusion Hammer","Ring of the Serpent"],"picked":"Runic Pyramid"},{"not_picked":["Calling Bell","White Beast Statue"],"picked":"Cursed Key"}],"items_purged_floors":[31,37],"is_endless":false,"potions_floor_spawned":[2,5,8,13,16,21,24,30,35,36,46],"ascension_level":15}