{"gold_per_floor":[218,145,145,158,176,203,221,241,241,271,271,298,298,318,318,395,395,375,375,375,375,388,398,325,325,325,350,350,23,33,51,51,51],"floor_reached":33,"playtime":2381,"items_purged":["Defend_R","Strike_R"],"score":502,"play_id":"53337f3a-342a-4c20-8984-9310884ed306","local_time":"20180731200622","is_ascension_mode":true,"campfire_choices":[{"floor":11,"key":"REST"},{"data":"Inflame","floor":13,"key":"SMITH"},{"data":"Rampage","floor":15,"key":"SMITH"},{"floor":28,"key":"REST"},{"floor":32,"key":"REST"}],"neow_cost":"NONE","seed_source_timestamp":24631323524564,"circlet_count":0,"master_deck":["Strike_R","Strike_R","Strike_R","Defend_R","Defend_R","Defend_R","Bash","AscendersBane","Headbutt","Shrug It Off","Shrug It Off","Inflame+1","Fiend Fire","Twin Strike","Shrug It Off","Armaments+1","Rampage+1","Impervious","Warcry+1","True Grit","Twin Strike","Anger+1"],"relics":["Burning Blood","Gremlin Horn","Smiling Mask","Matryoshka","Blood Vial","Fusion Hammer","Omamori","Calipers","Ginger","Red Skull"],"potions_floor_usage":[10,22,27,27,33,33],"damage_taken":[{"damage":4,"enemies":"Small Slimes","floor":1,"turns":5},{"damage":12,"enemies":"2 Louse","floor":4,"turns":3},{"damage":0,"enemies":"Cultist","floor":5,"turns":4},{"damage":19,"enemies":"3 Sentries","floor":6,"turns":11},{"damage":1,"enemies":"2 Fungi Beasts","floor":7,"turns":3},{"damage":10,"enemies":"Lots of Slimes","floor":8,"turns":3},{"damage":29,"enemies":"Lagavulin","floor":10,"turns":8},{"damage":20,"enemies":"3 Sentries","floor":12,"turns":11},{"damage":0,"enemies":"3 Louse","floor":14,"turns":3},{"damage":40,"enemies":"The Guardian","floor":16,"turns":12},{"damage":15,"enemies":"2 Thieves","floor":18,"turns":4},{"damage":18,"enemies":"3 Byrds","floor":22,"turns":6},{"damage":10,"enemies":"Centurion and Healer","floor":23,"turns":7},{"damage":28,"enemies":"Slavers","floor":27,"turns":6},{"damage":13,"enemies":"Snake Plant","floor":30,"turns":5},{"damage":22,"enemies":"Slaver and Parasite","floor":31,"turns":7},{"damage":69,"enemies":"Automaton","floor":33,"turns":8}],"seed_played":"2959393142549675609","potions_obtained":[{"floor":1,"key":"EssenceOfSteel"},{"floor":6,"key":"Strength Potion"},{"floor":12,"key":"Block Potion"},{"floor":22,"key":"BloodPotion"}],"is_trial":false,"path_per_floor":["M","$","?","M","M","E","M","M","T","E","R","E","R","M","R","B",null,"M","?","?","?","M","M","$","?","T","E","R","$","M","M","R"],"character_chosen":"IRONCLAD","items_purchased":["Shrug It Off","AttackPotion","Twin Strike","Red Skull","BloodPotion","AttackPotion"],"campfire_rested":3,"item_purchase_floors":[2,2,24,29,29,29],"current_hp_per_floor":[70,70,70,64,70,57,62,58,58,35,57,43,43,51,51,19,61,54,54,54,54,44,42,42,42,42,29,51,51,46,32,54,0],"gold":51,"neow_bonus":"HUNDRED_GOLD","is_prod":false,"is_daily":false,"chose_seed":false,"campfire_upgraded":2,"win_rate":0,"timestamp":1533092782,"path_taken":["M","$","?","M","M","E","M","M","T","E","R","E","R","M","R","BOSS","M","?","?","?","M","M","$","?","T","E","R","$","M","M","R","BOSS"],"build_version":"2018-07-26","purchased_purges":2,"victory":false,"max_hp_per_floor":[75,75,75,75,75,75,75,75,75,75,75,75,75,75,75,75,75,75,75,75,75,75,75,75,75,75,75,75,75,75,75,75,75],"card_choices":[{"not_picked":["Combust","Disarm"],"picked":"Headbutt","floor":1},{"not_picked":["Burning Pact","Wild Strike"],"picked":"Shrug It Off","floor":4},{"not_picked":["Iron Wave","Disarm"],"picked":"Inflame","floor":5},{"not_picked":["Fire Breathing","Evolve"],"picked":"Fiend Fire","floor":6},{"not_picked":["Sentinel","Ghostly Armor"],"picked":"Twin Strike","floor":7},{"not_picked":["Bloodletting","Second Wind"],"picked":"Shrug It Off","floor":8},{"not_picked":["Corruption","Blood for Blood"],"picked":"Armaments","floor":10},{"not_picked":["Heavy Blade","Perfected Strike"],"picked":"Rampage","floor":12},{"not_picked":["Fiend Fire","Ghostly Armor","Perfected Strike"],"picked":"SKIP","floor":14},{"not_picked":["Barricade","Bludgeon"],"picked":"Impervious","floor":16},{"not_picked":["Uppercut","Metallicize"],"picked":"Warcry+1","floor":18},{"not_picked":["Body Slam","Flex"],"picked":"True Grit","floor":22},{"not_picked":["Shrug It Off","Flex","Rupture"],"picked":"SKIP","floor":23},{"not_picked":["Hemokinesis","Cleave","Barricade"],"picked":"SKIP","floor":27},{"not_picked":["Seeing Red","Clash"],"picked":"Anger+1","floor":30},{"not_picked":["Twin Strike","Flex+1","True Grit"],"picked":"SKIP","floor":31}],"player_experience":959440,"relics_obtained":[{"floor":6,"key":"Gremlin Horn"},{"floor":9,"key":"Smiling Mask"},{"floor":10,"key":"Matryoshka"},{"floor":12,"key":"Blood Vial"},{"floor":26,"key":"Omamori"},{"floor":26,"key":"Calipers"},{"floor":27,"key":"Ginger"}],"event_choices":[{"event_name":"Liars Game","player_choice":"disagreed","floor":3,"damage_taken":0},{"event_name":"The Lab","player_choice":"Got Potions","floor":19,"damage_taken":0},{"event_name":"Purifier","player_choice":"One Purge","floor":20,"damage_taken":0},{"event_name":"Upgrade Shrine","player_choice":"Upgraded","floor":21,"damage_taken":0},{"event_name":"Cursed Tome","player_choice":"Ignored","floor":25,"damage_taken":0}],"is_beta":false,"boss_relics":[{"not_picked":["Coffee Dripper","Empty Cage"],"picked":"Fusion Hammer"}],"items_purged_floors":[24,29],"is_endless":false,"potions_floor_spawned":[1,6,8,12,22],"killed_by":"Automaton","ascension_level":15}