{"gold_per_floor":[360,360,378,397,397,397,435,50,50,78,112,135,155,22,22,145,145,128,143,58,78,378,421,503,536,536,571,595,616,616,652,652,778,778,794,362,377,393,407,442,442,476,501,540,553,553,553,589,589,589,589,589,39,82,82],"floor_reached":56,"playtime":3590,"items_purged":["Strike_R","Strike_R","Strike_R","Sword Boomerang"],"score":1639,"play_id":"72edff69-6de3-4c43-9076-1b756b43271e","local_time":"20190506195517","is_ascension_mode":true,"campfire_choices":[{"data":"True Grit","floor":6.0,"key":"SMITH"},{"data":"Corruption","floor":15.0,"key":"SMITH"},{"data":"Apotheosis","floor":30.0,"key":"SMITH"},{"data":"Dark Embrace","floor":32.0,"key":"SMITH"},{"data":"Barricade","floor":41,"key":"SMITH"},{"data":"Battle Trance","floor":47,"key":"SMITH"},{"floor":49,"key":"RECALL"},{"data":"Evolve","floor":52,"key":"SMITH"}],"neow_cost":"TEN_PERCENT_HP_LOSS","seed_source_timestamp":20079041343400,"circlet_count":0,"master_deck":["Defend_R","Defend_R","Defend_R","Defend_R","Bash+1","True Grit+1","Dark Embrace+1","Battle Trance+1","Corruption+1","Spot Weakness","Leap","Evolve+1","Anger","Apotheosis+1","Fusion","Shrug It Off","Deflect","Leap","Hello World","Havoc+1","Conserve Battery+1","Master of Strategy+1","Rage+1","Shrug It Off+1","Burning Pact+1","Cloak And Dagger+1","Barricade+1","Cloak And Dagger+1","Whirlwind+1","Heatsinks+1","Turbo+1"],"special_seed":0,"relics":["Burning Blood","Golden Idol","Letter Opener","PrismaticShard","Blue Candle","Odd Mushroom","Kunai","Smiling Mask","Black Star","Boot","Old Coin","Orichalcum","Bag of Marbles","Dodecahedron","Toxic Egg 2","Whetstone","Mango","Paper Frog","Sundial","Ginger","Empty Cage","Chemical X","Frozen Egg 2","Incense Burner","Ancient Tea Set","Vajra","Bird Faced Urn","Gambling Chip","FossilizedHelix","Thread and Needle","Ice Cream","Medical Kit","Blood Vial","Lantern"],"potions_floor_usage":[37,40,42,55,55,55,55],"damage_taken":[{"damage":5.0,"enemies":"Jaw Worm","floor":1.0,"turns":6.0},{"damage":5.0,"enemies":"Small Slimes","floor":3.0,"turns":3.0},{"damage":7.0,"enemies":"2 Louse","floor":4.0,"turns":2.0},{"damage":47.0,"enemies":"Gremlin Nob","floor":7.0,"turns":6.0},{"damage":6.0,"enemies":"The Mushroom Lair","floor":10.0,"turns":4.0},{"damage":9.0,"enemies":"Lagavulin","floor":11.0,"turns":6.0},{"damage":0.0,"enemies":"Looter","floor":13.0,"turns":3.0},{"damage":16.0,"enemies":"Hexaghost","floor":16.0,"turns":7.0},{"damage":25.0,"enemies":"2 Thieves","floor":18.0,"turns":5.0},{"damage":0.0,"enemies":"Chosen","floor":19.0,"turns":6.0},{"damage":9.0,"enemies":"Snake Plant","floor":21.0,"turns":4.0},{"damage":0.0,"enemies":"Book of Stabbing","floor":23.0,"turns":4.0},{"damage":29.0,"enemies":"Slavers","floor":25.0,"turns":5.0},{"damage":10.0,"enemies":"Book of Stabbing","floor":27.0,"turns":4.0},{"damage":3.0,"enemies":"Shelled Parasite and Fungi","floor":28.0,"turns":5.0},{"damage":21.0,"enemies":"3 Cultists","floor":29.0,"turns":5.0},{"damage":16.0,"enemies":"Gremlin Leader","floor":31.0,"turns":6.0},{"damage":0.0,"enemies":"Automaton","floor":33.0,"turns":6.0},{"damage":0,"enemies":"3 Shapes","floor":35,"turns":4},{"damage":21,"enemies":"3 Darklings","floor":37,"turns":6},{"damage":13,"enemies":"Writhing Mass","floor":38,"turns":6},{"damage":0,"enemies":"Transient","floor":39,"turns":5},{"damage":9,"enemies":"Reptomancer","floor":40,"turns":4},{"damage":19,"enemies":"Nemesis","floor":42,"turns":3},{"damage":0,"enemies":"Giant Head","floor":44,"turns":3},{"damage":1,"enemies":"Jaw Worm Horde","floor":45,"turns":3},{"damage":13,"enemies":"Nemesis","floor":48,"turns":5},{"damage":13,"enemies":"Donu and Deca","floor":50,"turns":3},{"damage":0,"enemies":"Shield and Spear","floor":54,"turns":5},{"damage":0,"enemies":"The Heart","floor":55,"turns":6}],"seed_played":"2208038721533201420","potions_obtained":[{"floor":3.0,"key":"Regen Potion"},{"floor":4.0,"key":"LiquidBronze"},{"floor":13.0,"key":"Energy Potion"},{"floor":19.0,"key":"Strength Potion"},{"floor":25.0,"key":"Poison Potion"},{"floor":28.0,"key":"Energy Potion"},{"floor":33.0,"key":"Dexterity Potion"},{"floor":37,"key":"LiquidBronze"},{"floor":38,"key":"GamblersBrew"},{"floor":40,"key":"AttackPotion"}],"is_trial":false,"path_per_floor":["M","?","M","M","?","R","E","$","T","?","E","T","M","$","R","B",null,"M","M","?","M","T","E","T","E","T","E","M","M","R","E","R","B",null,"M","$","M","M","M","E","R","E","T","E","M","?","R","E","R","B",null,"R","$","E","B",null],"character_chosen":"IRONCLAD","items_purchased":["Corruption","PrismaticShard","Spot Weakness","Evolve","Anger","Shrug It Off+1","Burning Pact+1","Chemical X","EntropicBrew","Ice Cream","Medical Kit"],"campfire_rested":0,"item_purchase_floors":[8,8,8,14,14,36,36,36,36,53,53],"current_hp_per_floor":[72,54,55,54,47,47,21,21,21,21,18,18,24,24,24,14,72,53,59,59,56,56,62,62,39,53,49,52,37,37,27,27,33,86,86,86,71,64,70,67,67,54,54,60,71,71,71,74,74,79,86,86,86,86,86],"gold":82,"neow_bonus":"TWO_FIFTY_GOLD","is_prod":false,"is_daily":false,"chose_seed":false,"campfire_upgraded":7,"win_rate":0,"timestamp":1557143717,"path_taken":["M","?","M","M","?","R","E","$","T","?","E","?","?","?","R","BOSS","M","M","?","M","?","E","?","E","T","E","M","M","R","E","R","BOSS","M","$","M","M","M","E","R","E","T","E","?","?","R","E","R","BOSS","R","$","E","BOSS"],"build_version":"2019-04-23","purchased_purges":4,"victory":true,"max_hp_per_floor":[72,72,72,72,72,72,72,72,72,72,72,72,72,72,72,72,72,72,72,72,72,72,72,72,72,86,86,86,86,86,86,86,86,86,86,86,86,86,86,86,86,86,86,86,86,86,86,86,86,86,86,86,86,86,86],"card_choices":[{"not_picked":["Body Slam","Dual Wield"],"picked":"True Grit","floor":1.0},{"not_picked":["Clash","Armaments"],"picked":"Perfected Strike","floor":3.0},{"not_picked":["Flex","Headbutt"],"picked":"Dark Embrace","floor":4.0},{"not_picked":["Clash","Impervious"],"picked":"Battle Trance","floor":7.0},{"not_picked":["Dagger Spray","Burning Pact"],"picked":"Sword Boomerang","floor":10.0},{"not_picked":["Uppercut","Compile Driver","A Thousand Cuts"],"picked":"SKIP","floor":11.0},{"not_picked":["Dodge and Roll","Recycle"],"picked":"Leap","floor":13.0},{"not_picked":["Adrenaline","Rainbow"],"picked":"Apotheosis","floor":16.0},{"not_picked":["Clash","Barrage"],"picked":"Fusion","floor":18.0},{"not_picked":["Lockon","Setup"],"picked":"Shrug It Off","floor":19.0},{"not_picked":["Forethought","Quick Slash"],"picked":"Deflect","floor":21.0},{"not_picked":["Riddle With Holes","Flying Knee"],"picked":"Leap","floor":23.0},{"not_picked":["Warcry","Reinforced Body"],"picked":"Hello World","floor":25.0},{"not_picked":["Caltrops","Gash+1","Ball Lightning"],"picked":"SKIP","floor":27.0},{"not_picked":["Caltrops","Gash+1","Ball Lightning"],"picked":"SKIP","floor":27.0},{"not_picked":["Gash","Blood for Blood","Barrage"],"picked":"SKIP","floor":28.0},{"not_picked":["Rebound","Anger+1"],"picked":"Havoc+1","floor":29.0},{"not_picked":["Barrage","Flying Knee"],"picked":"Conserve Battery+1","floor":31.0},{"not_picked":["Storm of Steel+1","Offering+1"],"picked":"Master of Strategy+1","floor":33.0},{"not_picked":["Bloodletting+1","Sweeping Beam+1"],"picked":"Rage+1","floor":35},{"not_picked":["Capacitor+1","Redo+1"],"picked":"Cloak And Dagger+1","floor":37},{"not_picked":["Rip and Tear+1","Dagger Spray","Anger+1"],"picked":"SKIP","floor":38},{"not_picked":["Leg Sweep+1","Sweeping Beam"],"picked":"Barricade","floor":39},{"not_picked":["Undo+1","Steam+1"],"picked":"Cloak And Dagger+1","floor":40},{"not_picked":["Perfected Strike","Whirlwind+1","Armaments+1"],"picked":"SKIP","floor":42},{"not_picked":["Perfected Strike","Armaments+1"],"picked":"Whirlwind+1","floor":42},{"not_picked":["Redo+1","Streamline","Noxious Fumes+1"],"picked":"SKIP","floor":44},{"not_picked":["Crippling Poison+1","Reckless Charge","Cold Snap+1"],"picked":"SKIP","floor":45},{"not_picked":["Night Terror+1","Underhanded Strike+1"],"picked":"Heatsinks+1","floor":48},{"not_picked":["Sucker Punch","Venomology+1"],"picked":"Turbo+1","floor":54}],"player_experience":1420451,"relics_obtained":[{"floor":7.0,"key":"Letter Opener"},{"floor":9.0,"key":"Blue Candle"},{"floor":10.0,"key":"Odd Mushroom"},{"floor":11.0,"key":"Kunai"},{"floor":12.0,"key":"Smiling Mask"},{"floor":22.0,"key":"Old Coin"},{"floor":23.0,"key":"Orichalcum"},{"floor":23.0,"key":"Bag of Marbles"},{"floor":24.0,"key":"Dodecahedron"},{"floor":25.0,"key":"Toxic Egg 2"},{"floor":25.0,"key":"Whetstone"},{"floor":26.0,"key":"Mango"},{"floor":27.0,"key":"Paper Frog"},{"floor":27.0,"key":"Sundial"},{"floor":31.0,"key":"Ginger"},{"floor":40,"key":"Frozen Egg 2"},{"floor":40,"key":"Incense Burner"},{"floor":42,"key":"Ancient Tea Set"},{"floor":42,"key":"Vajra"},{"floor":44,"key":"Bird Faced Urn"},{"floor":44,"key":"Gambling Chip"},{"floor":48,"key":"FossilizedHelix"},{"floor":48,"key":"Thread and Needle"},{"floor":54,"key":"Blood Vial"},{"floor":54,"key":"Lantern"}],"event_choices":[{"damage_healed":0.0,"max_hp_gain":0.0,"max_hp_loss":0.0,"gold_gain":0.0,"event_name":"Golden Idol","player_choice":"Take Damage","floor":2.0,"gold_loss":0.0,"damage_taken":18.0,"relics_obtained":["Golden Idol"]},{"cards_removed":["Strike_R"],"damage_healed":0.0,"max_hp_gain":0.0,"max_hp_loss":0.0,"gold_gain":0.0,"event_name":"Golden Wing","player_choice":"Card Removal","floor":5.0,"gold_loss":0.0,"damage_taken":7.0},{"damage_healed":0.0,"max_hp_gain":0.0,"max_hp_loss":0.0,"gold_gain":0.0,"event_name":"Mushrooms","player_choice":"Fought Mushrooms","floor":10.0,"gold_loss":0.0,"damage_taken":0.0},{"damage_healed":0.0,"max_hp_gain":0.0,"max_hp_loss":0.0,"gold_gain":0.0,"event_name":"Addict","player_choice":"Obtained Relic","floor":20.0,"gold_loss":85.0,"damage_taken":0.0,"relics_obtained":["Boot"]},{"damage_healed":0,"gold_gain":0,"player_choice":"Ignored","damage_taken":0,"max_hp_gain":0,"max_hp_loss":0,"event_name":"Tomb of Lord Red Mask","floor":46,"gold_loss":0}],"is_beta":true,"boss_relics":[{"not_picked":["Snecko Eye","Runic Pyramid"],"picked":"Black Star"},{"not_picked":["Black Blood","Calling Bell"],"picked":"Empty Cage"}],"items_purged_floors":[8,14,36,53],"is_endless":false,"potions_floor_spawned":[3,4,13,19,25,28,33,37,38,40],"ascension_level":1}