{"gold_per_floor":[112,112,112,112,112,142,155,183,233,250,215,117,136,147,147,243,243,243,243,243,172,172,172,172,172,172,172,172,172,172,172,172,172,172,172,172,28,28,28,28,28,28,28,28,28,28,28,28],"floor_reached":48,"playtime":1815,"items_purged":[],"score":629,"play_id":"d393feb0-33bc-484d-98e0-ec6bcf13cd03","local_time":"25611023213334","is_ascension_mode":true,"campfire_choices":[{"floor":15.0,"key":"REST"},{"floor":23.0,"key":"REST"},{"floor":28,"key":"REST"},{"floor":30,"key":"REST"},{"floor":32,"key":"REST"},{"floor":40,"key":"REST"},{"floor":44,"key":"REST"}],"neow_cost":"NONE","seed_source_timestamp":5949323685210,"circlet_count":0,"master_deck":["Strike_B","Strike_B","Strike_B+1","Defend_B","Defend_B","Defend_B+1","Zap+1","Dualcast","Rebound","Sunder","Leap","Machine Learning","Chill","Dramatic Entrance","Auto Shields","Echo Form","Conserve Battery+1","Go for the Eyes+1","Beam Cell","Conserve Battery+1","Reinforced Body+1","Steam","White Noise+1","Streamline","Seek","Reprogram","Loop","Mind Blast","Panache","White Noise+1","Scrape+1","Loop","Electrodynamics"],"special_seed":0,"relics":["Cracked Core","NeowsBlessing","Vajra","Kunai","Pen Nib","Smiling Mask","Ectoplasm","Symbiotic Virus","Lantern","Runic Dome","War Paint","Bag of Marbles","Toxic Egg 2","Regal Pillow","Orichalcum"],"potions_floor_usage":[25,25,27,29,33,48],"damage_taken":[{"damage":0.0,"enemies":"Jaw Worm","floor":1.0,"turns":1.0},{"damage":0.0,"enemies":"3 Sentries","floor":6.0,"turns":1.0},{"damage":0.0,"enemies":"Small Slimes","floor":7.0,"turns":1.0},{"damage":16.0,"enemies":"Gremlin Nob","floor":8.0,"turns":3.0},{"damage":0.0,"enemies":"Cultist","floor":10.0,"turns":2.0},{"damage":0.0,"enemies":"3 Louse","floor":13.0,"turns":2.0},{"damage":0.0,"enemies":"Exordium Thugs","floor":14.0,"turns":2.0},{"damage":3.0,"enemies":"The Guardian","floor":16.0,"turns":12.0},{"damage":0.0,"enemies":"Spheric Guardian","floor":18.0,"turns":3.0},{"damage":18.0,"enemies":"3 Byrds","floor":19.0,"turns":3.0},{"damage":28.0,"enemies":"Centurion and Healer","floor":22.0,"turns":5.0},{"damage":11,"enemies":"Snake Plant","floor":24,"turns":4},{"damage":20,"enemies":"Shelled Parasite and Fungi","floor":25,"turns":3},{"damage":0,"enemies":"3 Cultists","floor":27,"turns":5},{"damage":14,"enemies":"Slavers","floor":29,"turns":2},{"damage":3,"enemies":"Snake Plant","floor":31,"turns":4},{"damage":33,"enemies":"Automaton","floor":33,"turns":12},{"damage":14,"enemies":"3 Shapes","floor":35,"turns":4},{"damage":22,"enemies":"3 Darklings","floor":36,"turns":6},{"damage":20,"enemies":"Giant Head","floor":41,"turns":8},{"damage":8,"enemies":"Maw","floor":45,"turns":7},{"damage":16,"enemies":"Jaw Worm Horde","floor":46,"turns":3},{"damage":43,"enemies":"Reptomancer","floor":47,"turns":9},{"damage":11,"enemies":"Spire Growth","floor":48,"turns":2}],"seed_played":"-2853091028650993078","potions_obtained":[{"floor":1.0,"key":"GamblersBrew"},{"floor":7.0,"key":"Poison Potion"},{"floor":14.0,"key":"EntropicBrew"},{"floor":19.0,"key":"LiquidBronze"},{"floor":22.0,"key":"LiquidBronze"},{"floor":25,"key":"SteroidPotion"},{"floor":27,"key":"AttackPotion"},{"floor":31,"key":"AttackPotion"},{"floor":41,"key":"PowerPotion"},{"floor":47,"key":"FearPotion"}],"is_trial":false,"path_per_floor":["M","?","?","?","?","E","M","E","T","M","?","$","M","M","R","B",null,"M","M","?","$","M","R","M","M","T","M","R","E","R","M","R","B",null,"M","M","$","?","$","R","E","T","T","R","M","M","E"],"character_chosen":"DEFECT","items_purchased":["Dramatic Entrance","Beam Cell","AttackPotion","War Paint"],"campfire_rested":7,"item_purchase_floors":[12,21,21,37],"current_hp_per_floor":[75,60,60,53,35,35,35,19,19,19,37,37,37,37,59,56,75,75,57,57,57,29,51,40,20,20,20,42,28,50,47,69,36,75,61,39,39,34,34,56,36,36,36,73,65,49,6,0],"gold":28,"neow_bonus":"THREE_ENEMY_KILL","is_prod":false,"is_daily":false,"chose_seed":false,"campfire_upgraded":0,"win_rate":0,"timestamp":1540305214,"path_taken":["M","?","?","?","?","E","?","E","T","M","?","$","?","M","R","BOSS","M","M","?","$","M","R","M","M","T","M","R","E","R","M","R","BOSS","M","M","$","?","?","R","E","?","T","R","M","M","E","M"],"build_version":"2018-10-18","purchased_purges":0,"victory":false,"max_hp_per_floor":[75,75,75,75,75,75,75,75,75,75,75,75,75,75,75,75,75,75,75,75,75,75,75,75,75,75,75,75,75,75,75,75,75,75,75,75,75,75,75,75,75,75,75,75,75,75,75,75],"card_choices":[{"not_picked":["Auto Shields","Streamline"],"picked":"Rebound","floor":1.0},{"not_picked":["Undo","Consume"],"picked":"Leap","floor":6.0},{"not_picked":["Gash","Capacitor"],"picked":"Machine Learning","floor":7.0},{"not_picked":["Heatsinks","Consume","Tempest"],"picked":"SKIP","floor":8.0},{"not_picked":["Static Discharge","Leap"],"picked":"Chill","floor":10.0},{"not_picked":["Capacitor","Stack"],"picked":"Sunder","floor":13.0},{"not_picked":["Sweeping Beam","Melter"],"picked":"Auto Shields","floor":14.0},{"not_picked":["Creative AI","Reboot"],"picked":"Echo Form","floor":16.0},{"not_picked":["Skim","Rebound+1"],"picked":"Conserve Battery+1","floor":18.0},{"not_picked":["Consume","Beam Cell"],"picked":"Go for the Eyes+1","floor":19.0},{"not_picked":["Auto Shields+1","Beam Cell"],"picked":"Conserve Battery+1","floor":22.0},{"not_picked":["Cold Snap","Lockon"],"picked":"Reinforced Body+1","floor":24},{"not_picked":["Lockon+1","Redo+1"],"picked":"Steam","floor":25},{"not_picked":["Compile Driver","Conserve Battery"],"picked":"White Noise","floor":27},{"not_picked":["Barrage","Melter"],"picked":"Streamline","floor":29},{"not_picked":["Steam Power","Hologram"],"picked":"Seek","floor":31},{"not_picked":["Go for the Eyes+1","Conserve Battery"],"picked":"Reprogram","floor":35},{"not_picked":["Barrage+1","Chaos"],"picked":"Loop","floor":36},{"not_picked":["Bandage Up","Panache"],"picked":"Mind Blast","floor":38},{"not_picked":["Jack Of All Trades","Impatience"],"picked":"Panache","floor":38},{"not_picked":["Turbo+1","Beam Cell"],"picked":"White Noise+1","floor":41},{"not_picked":["Go for the Eyes+1","Darkness+1"],"picked":"Scrape+1","floor":45},{"not_picked":["Compile Driver","Consume+1"],"picked":"Loop","floor":46},{"not_picked":["Stack+1","Barrage"],"picked":"Electrodynamics","floor":47}],"player_experience":221056,"relics_obtained":[{"floor":6.0,"key":"Kunai"},{"floor":8.0,"key":"Pen Nib"},{"floor":9.0,"key":"Smiling Mask"},{"floor":26,"key":"Symbiotic Virus"},{"floor":29,"key":"Lantern"},{"floor":41,"key":"Bag of Marbles"},{"floor":42,"key":"Toxic Egg 2"},{"floor":43,"key":"Regal Pillow"},{"floor":47,"key":"Orichalcum"}],"event_choices":[{"damage_healed":0.0,"max_hp_gain":0.0,"max_hp_loss":0.0,"gold_gain":0.0,"event_name":"Shining Light","player_choice":"Entered Light","floor":2.0,"gold_loss":0.0,"damage_taken":15.0,"cards_upgraded":["Defend_B","Strike_B"]},{"damage_healed":0.0,"max_hp_gain":0.0,"max_hp_loss":0.0,"gold_gain":0.0,"cards_transformed":["Defend_B"],"event_name":"Transmorgrifier","player_choice":"Transformed","floor":3.0,"gold_loss":0.0,"damage_taken":0.0,"cards_obtained":["Sunder"]},{"cards_removed":["Strike_B"],"damage_healed":0.0,"max_hp_gain":0.0,"max_hp_loss":0.0,"gold_gain":0.0,"event_name":"Golden Wing","player_choice":"Card Removal","floor":4.0,"gold_loss":0.0,"damage_taken":7.0},{"damage_healed":0.0,"max_hp_gain":0.0,"max_hp_loss":0.0,"gold_gain":0.0,"event_name":"Scrap Ooze","player_choice":"Success","floor":5.0,"gold_loss":0.0,"damage_taken":18.0,"relics_obtained":["Vajra"]},{"damage_healed":18.0,"max_hp_gain":0.0,"max_hp_loss":0.0,"gold_gain":0.0,"event_name":"The Cleric","player_choice":"Healed","floor":11.0,"gold_loss":35.0,"damage_taken":0.0},{"cards_removed":["Sunder"],"damage_healed":0.0,"max_hp_gain":0.0,"max_hp_loss":0.0,"gold_gain":0.0,"event_name":"Purifier","player_choice":"Purged","floor":20.0,"gold_loss":0.0,"damage_taken":0.0},{"damage_healed":0,"gold_gain":0,"player_choice":"Memory 2","damage_taken":5,"max_hp_gain":0,"max_hp_loss":0,"event_name":"SensoryStone","floor":38,"gold_loss":0}],"is_beta":false,"boss_relics":[{"not_picked":["Velvet Choker","Snecko Eye"],"picked":"Ectoplasm"},{"not_picked":["Empty Cage","Coffee Dripper"],"picked":"Runic Dome"}],"items_purged_floors":[],"is_endless":false,"potions_floor_spawned":[1,7,14,19,22,25,27,31,41,47],"killed_by":"Spire Growth","ascension_level":3}