{"gold_per_floor":[110,123,138,213,213,213,22,22,22,33,61,73,73,100,100,205,205,216,25,25,58,75,75,0,19,96,113,113,127,127,139,139,241,241,253,267,267,367,235,269,269,283,283,283,303,10,20,34,34,34],"floor_reached":51,"playtime":2855,"items_purged":["Strike_B"],"score":1090,"play_id":"4f64b723-a0a1-4acf-abb8-b7532c381c59","local_time":"20181130212644","is_ascension_mode":true,"campfire_choices":[{"data":"Zap","floor":6,"key":"SMITH"},{"data":"Static Discharge","floor":8,"key":"SMITH"},{"floor":15,"key":"REST"},{"data":"Defragment","floor":23,"key":"SMITH"},{"data":"Biased Cognition","floor":28,"key":"SMITH"},{"data":"Hello World","floor":32,"key":"SMITH"},{"floor":41,"key":"REST"},{"floor":44,"key":"REST"},{"floor":49,"key":"REST"}],"neow_cost":"NONE","seed_source_timestamp":411464241727956,"circlet_count":0,"master_deck":["AscendersBane","Defend_B","Defend_B","Zap+1","Dualcast","Leap","Static Discharge+1","Self Repair","Undo","Static Discharge+1","Defragment+1","Seek","Hello World+1","Glacier","Biased Cognition+1","Heatsinks","Bite","Bite","Bite","Bite","Bite","Hologram","Defragment","Leap","Heatsinks+1","Decay","Leap+1"],"relics":["Cracked Core","Juzu Bracelet","Singing Bowl","Lantern","Strawberry","Anchor","Busted Crown","Red Mask","Tiny Chest","Cursed Key","WingedGreaves","Cables","Mercury Hourglass","Incense Burner"],"potions_floor_usage":[3,21,40,42,47,50,50],"damage_taken":[{"damage":4,"enemies":"Jaw Worm","floor":1,"turns":3},{"damage":0,"enemies":"Small Slimes","floor":2,"turns":4},{"damage":2,"enemies":"2 Louse","floor":3,"turns":2},{"damage":4,"enemies":"Large Slime","floor":10,"turns":5},{"damage":10,"enemies":"Lagavulin","floor":11,"turns":7},{"damage":2,"enemies":"Looter","floor":12,"turns":4},{"damage":21,"enemies":"3 Sentries","floor":14,"turns":5},{"damage":26,"enemies":"Hexaghost","floor":16,"turns":15},{"damage":7,"enemies":"Shell Parasite","floor":18,"turns":8},{"damage":23,"enemies":"Masked Bandits","floor":21,"turns":3},{"damage":6,"enemies":"3 Byrds","floor":22,"turns":3},{"damage":14,"enemies":"Sentry and Sphere","floor":25,"turns":5},{"damage":1,"enemies":"Chosen and Byrds","floor":27,"turns":4},{"damage":7,"enemies":"Centurion and Healer","floor":29,"turns":5},{"damage":26,"enemies":"Cultist and Chosen","floor":31,"turns":5},{"damage":53,"enemies":"Automaton","floor":33,"turns":7},{"damage":24,"enemies":"3 Darklings","floor":35,"turns":4},{"damage":12,"enemies":"Orb Walker","floor":36,"turns":5},{"damage":3,"enemies":"Mind Bloom Boss Battle","floor":38,"turns":7},{"damage":106,"enemies":"Giant Head","floor":40,"turns":10},{"damage":33,"enemies":"Jaw Worm Horde","floor":42,"turns":7},{"damage":0,"enemies":"Transient","floor":45,"turns":5},{"damage":57,"enemies":"Writhing Mass","floor":47,"turns":9},{"damage":24,"enemies":"Spire Growth","floor":48,"turns":5},{"damage":22,"enemies":"Time Eater","floor":50,"turns":9}],"seed_played":"5601186085692667998","potions_obtained":[{"floor":1,"key":"Fire Potion"},{"floor":10,"key":"Energy Potion"},{"floor":16,"key":"AttackPotion"},{"floor":18,"key":"EssenceOfSteel"},{"floor":21,"key":"Ancient Potion"},{"floor":40,"key":"Weak Potion"},{"floor":42,"key":"SneckoOil"},{"floor":48,"key":"Regen Potion"}],"is_trial":false,"path_per_floor":["M","M","M","?","?","R","$","R","T","M","E","M","?","E","R","B",null,"M","$","?","?","M","R","?","M","T","M","R","M","?","M","R","B",null,"M","M","?","?","$","E","R","M","T","R","M","$","M","M","R","B",null],"character_chosen":"DEFECT","items_purchased":["Undo","Static Discharge","Blood Vial","Heatsinks","Defragment","Leap","Incense Burner"],"campfire_rested":4,"item_purchase_floors":[7,7,19,19,39,39,46],"current_hp_per_floor":[64,64,62,51,51,51,51,51,51,54,51,56,38,24,48,29,69,71,71,71,65,70,70,70,73,73,90,90,92,92,77,77,41,82,73,82,82,102,102,17,48,42,42,73,94,94,64,55,87,108],"gold":34,"neow_bonus":"RANDOM_COMMON_RELIC","is_prod":false,"is_daily":false,"chose_seed":false,"campfire_upgraded":5,"win_rate":0,"timestamp":1543609604,"path_taken":["M","M","M","?","?","R","$","R","T","M","E","M","?","E","R","BOSS","M","$","?","?","M","R","?","M","T","M","R","M","?","M","R","BOSS","M","M","?","?","$","E","R","M","T","R","M","$","M","M","R","BOSS"],"build_version":"2018-11-15","purchased_purges":1,"victory":true,"max_hp_per_floor":[75,75,75,75,75,75,75,75,75,75,75,75,82,82,82,82,82,84,84,84,86,86,86,86,88,88,90,90,92,92,94,94,96,96,98,100,100,102,102,104,104,104,104,104,106,106,106,108,108,108],"card_choices":[{"not_picked":["Genetic Algorithm","Steam"],"picked":"Leap","floor":1},{"not_picked":["Doom and Gloom","Recycle"],"picked":"Static Discharge","floor":2},{"not_picked":["Coolheaded","Recycle"],"picked":"Self Repair","floor":3},{"not_picked":["Conserve Battery","Sweeping Beam"],"picked":"Defragment","floor":10},{"not_picked":["Redo","Steam"],"picked":"Seek","floor":11},{"not_picked":["Steam","Coolheaded"],"picked":"Hello World","floor":12},{"not_picked":["Lockon","Beam Cell"],"picked":"Glacier","floor":14},{"not_picked":["Rainbow","Fission"],"picked":"Biased Cognition","floor":16},{"not_picked":["Fusion+1"],"picked":"Singing Bowl","floor":18},{"not_picked":["Scrape+1"],"picked":"Singing Bowl","floor":21},{"not_picked":[],"picked":"Go for the Eyes","floor":22},{"not_picked":["FTL"],"picked":"Singing Bowl","floor":25},{"not_picked":["Lockon"],"picked":"Singing Bowl","floor":27},{"not_picked":["Beam Cell+1"],"picked":"Singing Bowl","floor":29},{"not_picked":["Compile Driver"],"picked":"Singing Bowl","floor":31},{"not_picked":["All For One"],"picked":"Singing Bowl","floor":33},{"not_picked":["Rebound+1"],"picked":"Singing Bowl","floor":35},{"not_picked":["Rip and Tear+1"],"picked":"Singing Bowl","floor":36},{"not_picked":["Redo"],"picked":"Singing Bowl","floor":38},{"not_picked":["Coolheaded"],"picked":"Singing Bowl","floor":40},{"not_picked":[],"picked":"Heatsinks+1","floor":42},{"not_picked":["Steam"],"picked":"Singing Bowl","floor":45},{"not_picked":[],"picked":"Leap+1","floor":47},{"not_picked":["Rebound+1"],"picked":"Singing Bowl","floor":48}],"player_experience":355432,"relics_obtained":[{"floor":9,"key":"Singing Bowl"},{"floor":11,"key":"Lantern"},{"floor":14,"key":"Anchor"},{"floor":21,"key":"Red Mask"},{"floor":26,"key":"Tiny Chest"},{"floor":38,"key":"WingedGreaves"},{"floor":40,"key":"Cables"},{"floor":43,"key":"Mercury Hourglass"}],"event_choices":[{"damage_healed":0,"gold_gain":75,"player_choice":"Gather Gold","damage_taken":11,"max_hp_gain":0,"max_hp_loss":0,"event_name":"World of Goop","floor":4,"gold_loss":0},{"damage_healed":0,"gold_gain":0,"player_choice":"Grow","damage_taken":0,"max_hp_gain":0,"max_hp_loss":0,"event_name":"Living Wall","floor":5,"gold_loss":0,"cards_upgraded":["Static Discharge"]},{"damage_healed":0,"gold_gain":0,"player_choice":"Success","damage_taken":25,"relics_obtained":["Strawberry"],"max_hp_gain":0,"max_hp_loss":0,"event_name":"Scrap Ooze","floor":13,"gold_loss":0},{"damage_healed":0,"gold_gain":0,"player_choice":"Became a vampire (Vial)","damage_taken":0,"max_hp_gain":0,"max_hp_loss":0,"event_name":"Vampires","floor":20,"relics_lost":["Blood Vial"],"gold_loss":0,"cards_obtained":["Bite","Bite","Bite","Bite","Bite"]},{"damage_healed":0,"gold_gain":0,"player_choice":"Fought Bandits","damage_taken":0,"max_hp_gain":0,"max_hp_loss":0,"event_name":"Masked Bandits","floor":21,"gold_loss":0},{"cards_removed":["Defend_B"],"damage_healed":0,"gold_gain":0,"player_choice":"Gave Gold","damage_taken":0,"max_hp_gain":0,"max_hp_loss":0,"event_name":"Beggar","floor":24,"gold_loss":75},{"damage_healed":0,"gold_gain":0,"cards_transformed":["Defend_B"],"player_choice":"Transformed","damage_taken":0,"max_hp_gain":0,"max_hp_loss":0,"event_name":"Transmorgrifier","floor":30,"gold_loss":0,"cards_obtained":["Hologram"]},{"cards_removed":["Go for the Eyes"],"damage_healed":0,"gold_gain":0,"player_choice":"Removed Attack","damage_taken":0,"max_hp_gain":0,"max_hp_loss":0,"event_name":"Falling","floor":37,"gold_loss":0},{"damage_healed":0,"gold_gain":0,"player_choice":"Fight","damage_taken":0,"max_hp_gain":0,"max_hp_loss":0,"event_name":"MindBloom","floor":38,"gold_loss":0}],"is_beta":false,"boss_relics":[{"not_picked":["Tiny House","Velvet Choker"],"picked":"Busted Crown"},{"not_picked":["Pandora\u0027s Box","Black Star"],"picked":"Cursed Key"}],"items_purged_floors":[7],"is_endless":false,"potions_floor_spawned":[1,10,16,18,21,22,33,36,40,42,48],"ascension_level":11}