{"gold_per_floor":[114,129,139,150,162,196,216,65,65,65,84,84,117,131,131,236,236,256,275,550,568,235,235,252,252,325,30,45,45,45,76,76,171,171,183,58,58,77,96,127,145,145,145,174,174,174,24,59,59,59,59,59,9,42,42],"floor_reached":55,"playtime":3122,"items_purged":["Regret","Normality","Strike_R","Shame","Strike_R"],"score":827,"play_id":"2de052f5-8810-455d-8041-74b561bdc794","local_time":"20190325215941","is_ascension_mode":true,"campfire_choices":[{"data":"Limit Break","floor":10,"key":"SMITH"},{"floor":15,"key":"REST"},{"data":"Inflame","floor":23,"key":"SMITH"},{"data":"Heavy Blade","floor":25,"key":"SMITH"},{"floor":32,"key":"REST"},{"floor":42,"key":"RECALL"},{"data":"Limit Break","floor":45,"key":"SMITH"},{"data":"Cleave","floor":49,"key":"SMITH"},{"data":"Flex","floor":52,"key":"SMITH"}],"neow_cost":"NONE","seed_source_timestamp":910185843781500,"circlet_count":0,"master_deck":["Strike_R","Strike_R","Defend_R","Defend_R","Defend_R","Defend_R","Bash","Bludgeon","Limit Break+1","Headbutt","Flex+1","Inflame+1","Cleave","Cleave+1","Pummel","Reaper","Warcry","Offering","Heavy Blade+1","Limit Break+1","Spot Weakness+1"],"relics":["Burning Blood","Potion Belt","Bronze Scales","Cursed Key","Pantograph","Shuriken","Sling","Self Forming Clay","Kunai","Coffee Dripper","Paper Frog","Bottled Flame","StoneCalendar","Smiling Mask","Blood Vial"],"potions_floor_usage":[6,6,16,31,38,39,39,48,50,50,50,50,55],"damage_taken":[{"damage":1,"enemies":"Cultist","floor":1,"turns":3},{"damage":1,"enemies":"Jaw Worm","floor":2,"turns":4},{"damage":0,"enemies":"Small Slimes","floor":3,"turns":3},{"damage":8,"enemies":"Red Slaver","floor":4,"turns":4},{"damage":9,"enemies":"2 Fungi Beasts","floor":5,"turns":4},{"damage":43,"enemies":"Lagavulin","floor":6,"turns":9},{"damage":11,"enemies":"Exordium Wildlife","floor":7,"turns":4},{"damage":14,"enemies":"Blue Slaver","floor":11,"turns":4},{"damage":31,"enemies":"3 Sentries","floor":13,"turns":6},{"damage":7,"enemies":"2 Fungi Beasts","floor":14,"turns":2},{"damage":32,"enemies":"Hexaghost","floor":16,"turns":7},{"damage":26,"enemies":"Shell Parasite","floor":18,"turns":5},{"damage":6,"enemies":"3 Byrds","floor":19,"turns":3},{"damage":40,"enemies":"Snake Plant","floor":21,"turns":3},{"damage":12,"enemies":"Centurion and Healer","floor":24,"turns":8},{"damage":39,"enemies":"Snecko","floor":28,"turns":5},{"damage":20,"enemies":"Slavers","floor":31,"turns":3},{"damage":66,"enemies":"Champ","floor":33,"turns":10},{"damage":20,"enemies":"3 Darklings","floor":35,"turns":3},{"damage":9,"enemies":"3 Shapes","floor":38,"turns":3},{"damage":32,"enemies":"Jaw Worm Horde","floor":39,"turns":3},{"damage":9,"enemies":"Nemesis","floor":40,"turns":3},{"damage":18,"enemies":"4 Shapes","floor":41,"turns":3},{"damage":46,"enemies":"Reptomancer","floor":44,"turns":3},{"damage":41,"enemies":"Giant Head","floor":48,"turns":6},{"damage":39,"enemies":"Donu and Deca","floor":50,"turns":4},{"damage":79,"enemies":"Shield and Spear","floor":54,"turns":5},{"damage":93,"enemies":"The Heart","floor":55,"turns":5}],"seed_played":"-8024439916901925005","potions_obtained":[{"floor":1,"key":"EssenceOfSteel"},{"floor":4,"key":"Explosive Potion"},{"floor":6,"key":"Poison Potion"},{"floor":16,"key":"Ancient Potion"},{"floor":21,"key":"Swift Potion"},{"floor":28,"key":"Block Potion"},{"floor":31,"key":"LiquidBronze"},{"floor":33,"key":"Regen Potion"},{"floor":35,"key":"Dexterity Potion"},{"floor":38,"key":"Weak Potion"},{"floor":39,"key":"Energy Potion"},{"floor":44,"key":"Strength Potion"},{"floor":54,"key":"Fire Potion"}],"is_trial":false,"path_per_floor":["M","M","M","M","M","E","M","$","T","R","M","?","E","M","R","B",null,"M","M","?","M","$","R","M","R","T","$","M","T","?","E","R","B",null,"M","$","?","M","M","E","M","R","T","E","R","?","$","E","R","B",null,"R","$","E","B"],"character_chosen":"IRONCLAD","items_purchased":["Flex","Inflame","Cleave","Pantograph","Sling"],"campfire_rested":2,"item_purchase_floors":[8,8,8,22,27],"current_hp_per_floor":[80,80,80,78,75,38,33,33,33,33,25,51,26,25,49,23,80,72,80,80,55,55,55,63,63,63,63,37,37,37,41,65,38,80,77,77,77,80,54,51,68,68,68,40,40,40,40,20,20,68,80,80,80,39,0],"gold":42,"neow_bonus":"REMOVE_CARD","is_prod":false,"is_daily":false,"chose_seed":false,"campfire_upgraded":6,"win_rate":0,"timestamp":1553543981,"path_taken":["M","M","M","M","M","E","M","$","T","R","M","?","E","M","R","BOSS","M","M","?","?","$","R","M","R","T","$","M","?","?","E","R","BOSS","M","$","?","M","M","E","M","R","T","E","R","?","?","E","R","BOSS","R","$","E","BOSS"],"build_version":"2019-01-23","purchased_purges":5,"victory":false,"max_hp_per_floor":[80,80,80,80,80,80,80,80,80,80,80,80,80,80,80,80,80,80,80,80,80,80,80,80,80,80,80,80,80,80,80,80,80,80,80,80,80,80,80,80,80,80,80,80,80,80,80,80,80,80,80,80,80,80,80],"card_choices":[{"not_picked":["Dual Wield","Iron Wave","Clash"],"picked":"SKIP","floor":1},{"not_picked":["Clash","Power Through","Body Slam"],"picked":"SKIP","floor":2},{"not_picked":["Clash","Warcry"],"picked":"Bludgeon","floor":3},{"not_picked":["Wild Strike","Clothesline","Pommel Strike"],"picked":"SKIP","floor":4},{"not_picked":["Clothesline","Havoc","Pommel Strike"],"picked":"SKIP","floor":5},{"not_picked":["Feel No Pain","Cleave"],"picked":"Limit Break","floor":6},{"not_picked":["Thunderclap","Perfected Strike"],"picked":"Headbutt","floor":7},{"not_picked":["Havoc","Warcry"],"picked":"Cleave","floor":11},{"not_picked":["Armaments","Dual Wield","Juggernaut"],"picked":"SKIP","floor":13},{"not_picked":["Burning Pact","Armaments"],"picked":"Pummel","floor":14},{"not_picked":["Bludgeon","Berserk"],"picked":"Reaper","floor":16},{"not_picked":["Flex+1","Wild Strike"],"picked":"Warcry","floor":18},{"not_picked":["Ghostly Armor","Flame Barrier+1"],"picked":"Offering","floor":19},{"not_picked":["Iron Wave","Perfected Strike","Havoc"],"picked":"SKIP","floor":21},{"not_picked":["Flex+1","Flame Barrier+1"],"picked":"Heavy Blade","floor":24},{"not_picked":["Armaments","Thunderclap","Corruption"],"picked":"SKIP","floor":28},{"not_picked":["True Grit","Ghostly Armor+1","Flame Barrier+1"],"picked":"SKIP","floor":31},{"not_picked":["Fiend Fire","Barricade"],"picked":"Limit Break","floor":33},{"not_picked":["True Grit","Armaments+1","Anger"],"picked":"SKIP","floor":35},{"not_picked":["Rupture","Flex+1","Uppercut+1"],"picked":"SKIP","floor":38},{"not_picked":["Armaments+1","Rupture+1","Body Slam"],"picked":"SKIP","floor":39},{"not_picked":["Dual Wield+1","Blood for Blood","Barricade"],"picked":"SKIP","floor":40},{"not_picked":["Uppercut+1","Hemokinesis","Burning Pact+1"],"picked":"SKIP","floor":41},{"not_picked":["Reckless Charge","Corruption"],"picked":"Spot Weakness+1","floor":44},{"not_picked":["Sword Boomerang+1","Anger","Flex+1"],"picked":"SKIP","floor":48},{"not_picked":["Searing Blow","Hemokinesis+1","Fire Breathing"],"picked":"SKIP","floor":54}],"player_experience":96270,"relics_obtained":[{"floor":6,"key":"Potion Belt"},{"floor":13,"key":"Bronze Scales"},{"floor":26,"key":"Shuriken"},{"floor":29,"key":"Self Forming Clay"},{"floor":31,"key":"Kunai"},{"floor":40,"key":"Paper Frog"},{"floor":43,"key":"Bottled Flame"},{"floor":44,"key":"StoneCalendar"},{"floor":48,"key":"Smiling Mask"},{"floor":54,"key":"Blood Vial"}],"event_choices":[{"damage_healed":26,"gold_gain":0,"player_choice":"Banana","damage_taken":0,"max_hp_gain":0,"max_hp_loss":0,"event_name":"Big Fish","floor":12,"gold_loss":0},{"damage_healed":0,"gold_gain":275,"player_choice":"Desecrate","damage_taken":0,"max_hp_gain":0,"max_hp_loss":0,"event_name":"Golden Shrine","floor":20,"gold_loss":0,"cards_obtained":["Regret"]},{"cards_removed":["Pain"],"damage_healed":0,"gold_gain":0,"player_choice":"Card Removal","damage_taken":0,"max_hp_gain":0,"max_hp_loss":0,"event_name":"Wheel of Change","floor":30,"gold_loss":0},{"damage_healed":0,"gold_gain":0,"player_choice":"Ignored","damage_taken":0,"max_hp_gain":0,"max_hp_loss":0,"event_name":"Tomb of Lord Red Mask","floor":37,"gold_loss":0},{"damage_healed":0,"gold_gain":0,"player_choice":"Ignored","damage_taken":0,"max_hp_gain":0,"max_hp_loss":0,"event_name":"The Moai Head","floor":46,"gold_loss":0}],"is_beta":false,"boss_relics":[{"not_picked":["Orrery","Astrolabe"],"picked":"Cursed Key"},{"not_picked":["Tiny House","Fusion Hammer"],"picked":"Coffee Dripper"}],"items_purged_floors":[22,27,36,47,53],"is_endless":false,"potions_floor_spawned":[1,4,6,16,21,28,31,33,35,38,39,44,54],"killed_by":"The Heart","ascension_level":1}