{"gold_per_floor":[111,111,122,122,139,139,64,95,122,177,193,24,24,50,50,123,123,139,139,139,156,156,156,186,186,186,186,217,231,249,267,267,339,339,350,350,365,35,47,47,74,74,74,100,110,110,110,0,0,0,0],"floor_reached":51,"playtime":1528,"items_purged":[],"score":1472,"play_id":"02155102-c68c-42be-9066-c70bad5479c1","local_time":"25620224153029","is_ascension_mode":true,"campfire_choices":[{"data":"Whirlwind","floor":6.0,"key":"SMITH"},{"floor":15.0,"key":"REST"},{"data":"Offering","floor":23.0,"key":"SMITH"},{"data":"Battle Trance","floor":25.0,"key":"SMITH"},{"data":"Spot Weakness","floor":27.0,"key":"SMITH"},{"data":"Flame Barrier","floor":32.0,"key":"SMITH"},{"data":"Whirlwind","floor":40.0,"key":"SMITH"},{"floor":42.0,"key":"REST"},{"data":"Demon Form","floor":47.0,"key":"SMITH"},{"floor":49.0,"key":"REST"}],"neow_cost":"NONE","seed_source_timestamp":9213817558290,"circlet_count":0,"master_deck":["AscendersBane","Strike_R","Strike_R","Strike_R+1","Strike_R","Defend_R","Defend_R","Defend_R","Defend_R","Bash+1","Whirlwind+1","Shrug It Off","Disarm","Uppercut+1","Battle Trance+1","Dropkick","Flame Barrier+1","Offering+1","Spot Weakness+1","True Grit","Whirlwind+1","Feed","Seeing Red+1","Iron Wave","Armaments+1","Demon Form+1","Disarm+1","Warcry+1","Shrug It Off+1","Limit Break+1","Parasite","Sentinel+1","Burning Pact+1"],"special_seed":0,"relics":["Burning Blood","NeowsBlessing","Art of War","Turnip","Juzu Bracelet","Tiny Chest","Whetstone","Red Skull","Cursed Key","PreservedInsect","FossilizedHelix","Toxic Egg 2","Mercury Hourglass","Mark of Pain","Kunai","Incense Burner","Letter Opener","Vajra","Red Mask"],"potions_floor_usage":[51],"damage_taken":[{"damage":0.0,"enemies":"Cultist","floor":1.0,"turns":1.0},{"damage":0.0,"enemies":"Jaw Worm","floor":3.0,"turns":1.0},{"damage":0.0,"enemies":"2 Louse","floor":5.0,"turns":1.0},{"damage":15.0,"enemies":"3 Sentries","floor":8.0,"turns":4.0},{"damage":30.0,"enemies":"Gremlin Nob","floor":10.0,"turns":4.0},{"damage":16.0,"enemies":"Exordium Thugs","floor":11.0,"turns":6.0},{"damage":31.0,"enemies":"Lagavulin","floor":14.0,"turns":6.0},{"damage":27.0,"enemies":"Hexaghost","floor":16.0,"turns":11.0},{"damage":6.0,"enemies":"3 Byrds","floor":18.0,"turns":3.0},{"damage":6.0,"enemies":"Spheric Guardian","floor":21.0,"turns":3.0},{"damage":0.0,"enemies":"Slavers","floor":24.0,"turns":1.0},{"damage":9.0,"enemies":"Book of Stabbing","floor":28.0,"turns":2.0},{"damage":6.0,"enemies":"Snecko","floor":29.0,"turns":3.0},{"damage":0.0,"enemies":"Centurion and Healer","floor":30.0,"turns":2.0},{"damage":10.0,"enemies":"Snake Plant","floor":31.0,"turns":2.0},{"damage":36.0,"enemies":"Collector","floor":33.0,"turns":8.0},{"damage":40.0,"enemies":"3 Shapes","floor":35.0,"turns":11.0},{"damage":6.0,"enemies":"Orb Walker","floor":37.0,"turns":2.0},{"damage":0.0,"enemies":"3 Darklings","floor":39.0,"turns":2.0},{"damage":30.0,"enemies":"Giant Head","floor":41.0,"turns":6.0},{"damage":10.0,"enemies":"Nemesis","floor":44.0,"turns":7.0},{"damage":0.0,"enemies":"4 Shapes","floor":45.0,"turns":2.0},{"damage":40.0,"enemies":"Time Eater","floor":50.0,"turns":9.0},{"damage":78,"enemies":"Donu and Deca","floor":51,"turns":7}],"seed_played":"8257693171826883218","potions_obtained":[{"floor":3.0,"key":"FearPotion"},{"floor":8.0,"key":"SkillPotion"},{"floor":14.0,"key":"EssenceOfSteel"},{"floor":16.0,"key":"Ancient Potion"},{"floor":21.0,"key":"Strength Potion"},{"floor":24.0,"key":"AttackPotion"},{"floor":29.0,"key":"EntropicBrew"},{"floor":30.0,"key":"BloodPotion"},{"floor":33.0,"key":"FairyPotion"},{"floor":37.0,"key":"Regen Potion"},{"floor":41.0,"key":"SpeedPotion"}],"is_trial":false,"path_per_floor":["M","?","M","?","M","R","?","E","T","E","M","$","?","E","R","B",null,"M","?","?","M","T","R","E","R","T","R","E","M","M","M","R","B",null,"M","?","M","$","M","R","E","R","T","E","M","?","R","?","R","B","B"],"character_chosen":"IRONCLAD","items_purchased":["Whetstone","Kunai","Warcry+1"],"campfire_rested":3,"item_purchase_floors":[12,38,38],"current_hp_per_floor":[74,74,75,75,75,75,75,66,66,42,32,32,32,7,29,8,58,58,58,37,37,37,37,43,43,43,43,40,40,46,53,53,23,68,37,37,37,37,43,43,33,58,58,54,63,63,63,63,85,51,0],"gold":0,"neow_bonus":"THREE_ENEMY_KILL","is_prod":false,"is_daily":false,"chose_seed":false,"campfire_upgraded":7,"win_rate":0,"timestamp":1550997029,"path_taken":["M","?","?","?","M","R","?","E","T","E","M","$","?","E","R","BOSS","M","?","?","M","?","R","E","R","T","R","E","M","M","M","R","BOSS","M","?","M","?","M","R","E","R","T","E","M","?","R","?","R","BOSS","BOSS"],"build_version":"2019-01-23","purchased_purges":0,"victory":false,"max_hp_per_floor":[75,75,75,75,75,75,75,75,75,75,75,75,75,75,75,75,75,75,75,80,80,80,80,80,80,80,80,80,80,80,83,83,83,83,86,86,86,86,86,86,86,86,86,86,89,85,85,85,85,85,85],"card_choices":[{"not_picked":["Pommel Strike","Flame Barrier"],"picked":"Whirlwind","floor":1.0},{"not_picked":["Twin Strike","Cleave"],"picked":"Shrug It Off","floor":3.0},{"not_picked":["Second Wind","Havoc"],"picked":"Disarm","floor":5.0},{"not_picked":["Headbutt","Wild Strike"],"picked":"Uppercut","floor":8.0},{"not_picked":["Searing Blow","Evolve"],"picked":"Battle Trance","floor":10.0},{"not_picked":["Fire Breathing","Seeing Red"],"picked":"Dropkick","floor":11.0},{"not_picked":["Sever Soul","Body Slam"],"picked":"Flame Barrier","floor":14.0},{"not_picked":["Fiend Fire","Double Tap"],"picked":"Offering","floor":16.0},{"not_picked":["Pommel Strike","Dropkick"],"picked":"Spot Weakness","floor":18.0},{"not_picked":["Sword Boomerang","Combust"],"picked":"Whirlwind","floor":21.0},{"not_picked":["Iron Wave","Body Slam"],"picked":"Feed","floor":24.0},{"not_picked":["Wild Strike","Sword Boomerang"],"picked":"Seeing Red+1","floor":28.0},{"not_picked":["Thunderclap","Anger"],"picked":"Iron Wave","floor":29.0},{"not_picked":["Clash","Headbutt","Body Slam"],"picked":"SKIP","floor":30.0},{"not_picked":["Clash","Headbutt","Body Slam"],"picked":"SKIP","floor":30.0},{"not_picked":["Power Through+1","Perfected Strike"],"picked":"Armaments+1","floor":31.0},{"not_picked":["Berserk","Exhume+1"],"picked":"Demon Form","floor":33.0},{"not_picked":["Pommel Strike","Havoc+1"],"picked":"Disarm+1","floor":35.0},{"not_picked":["Pommel Strike","Flex+1","Metallicize"],"picked":"SKIP","floor":37.0},{"not_picked":["Rupture","Clash"],"picked":"Shrug It Off+1","floor":39.0},{"not_picked":["Rage+1","Seeing Red+1"],"picked":"Limit Break+1","floor":41.0},{"not_picked":["Metallicize+1","Reckless Charge"],"picked":"Sentinel+1","floor":44.0},{"not_picked":["Feel No Pain","Anger"],"picked":"Burning Pact+1","floor":45.0}],"player_experience":261356,"relics_obtained":[{"floor":8.0,"key":"Turnip"},{"floor":9.0,"key":"Juzu Bracelet"},{"floor":10.0,"key":"Tiny Chest"},{"floor":14.0,"key":"Red Skull"},{"floor":22.0,"key":"PreservedInsect"},{"floor":24.0,"key":"FossilizedHelix"},{"floor":26.0,"key":"Toxic Egg 2"},{"floor":28.0,"key":"Mercury Hourglass"},{"floor":41.0,"key":"Incense Burner"},{"floor":43.0,"key":"Letter Opener"},{"floor":44.0,"key":"Vajra"}],"event_choices":[{"cards_removed":["Strike_R"],"damage_healed":0.0,"max_hp_gain":0.0,"max_hp_loss":0.0,"gold_gain":0.0,"event_name":"Purifier","player_choice":"Purged","floor":2.0,"gold_loss":0.0,"damage_taken":0.0},{"damage_healed":0.0,"max_hp_gain":0.0,"max_hp_loss":0.0,"gold_gain":0.0,"event_name":"Big Fish","player_choice":"Box","floor":4.0,"gold_loss":0.0,"damage_taken":0.0,"relics_obtained":["Art of War"],"cards_obtained":["Regret"]},{"cards_removed":["Regret"],"damage_healed":0.0,"max_hp_gain":0.0,"max_hp_loss":0.0,"gold_gain":0.0,"event_name":"The Cleric","player_choice":"Card Removal","floor":7.0,"gold_loss":75.0,"damage_taken":0.0},{"damage_healed":0.0,"max_hp_gain":0.0,"max_hp_loss":0.0,"gold_gain":0.0,"event_name":"Living Wall","player_choice":"Grow","floor":13.0,"gold_loss":0.0,"damage_taken":0.0,"cards_upgraded":["Uppercut"]},{"damage_healed":0.0,"max_hp_gain":0.0,"max_hp_loss":0.0,"gold_gain":0.0,"event_name":"The Library","player_choice":"Read","floor":19.0,"gold_loss":0.0,"damage_taken":0.0,"cards_obtained":["True Grit"]},{"damage_healed":0.0,"max_hp_gain":5.0,"max_hp_loss":0.0,"gold_gain":0.0,"event_name":"Forgotten Altar","player_choice":"Shed Blood","floor":20.0,"gold_loss":0.0,"damage_taken":26.0},{"cards_removed":["Decay","Pain"],"damage_healed":0.0,"max_hp_gain":0.0,"max_hp_loss":0.0,"gold_gain":0.0,"event_name":"Fountain of Cleansing","player_choice":"Removed Curses","floor":36.0,"gold_loss":0.0,"damage_taken":0.0},{"damage_healed":0.0,"max_hp_gain":0.0,"max_hp_loss":4.0,"gold_gain":0.0,"event_name":"Winding Halls","player_choice":"Max HP","floor":46.0,"gold_loss":0.0,"damage_taken":0.0},{"damage_healed":0.0,"max_hp_gain":0.0,"max_hp_loss":0.0,"gold_gain":0.0,"event_name":"Tomb of Lord Red Mask","player_choice":"Paid","floor":48.0,"gold_loss":110.0,"damage_taken":0.0,"relics_obtained":["Red Mask"]}],"is_beta":false,"boss_relics":[{"not_picked":["White Beast Statue","Pandora\u0027s Box"],"picked":"Cursed Key"},{"not_picked":["Eternal Feather","Orrery"],"picked":"Mark of Pain"}],"items_purged_floors":[],"is_endless":false,"potions_floor_spawned":[3,8,14,16,21,24,29,30,33,37,41,45],"killed_by":"Donu and Deca","ascension_level":20}