{"gold_per_floor":[11,11,30,30,49,49,78,78,159,192,41,41,60,77,77,77],"floor_reached":16,"playtime":413,"items_purged":["Strike_R"],"score":200,"play_id":"003939af-34e5-4412-8cc4-5a21943add70","local_time":"20181101172522","is_ascension_mode":true,"campfire_choices":[{"data":"Juggernaut","floor":6,"key":"SMITH"},{"floor":15,"key":"REST"}],"neow_cost":"NO_GOLD","seed_source_timestamp":23205032277318,"circlet_count":0,"master_deck":["Strike_R","Strike_R","Strike_R","Strike_R","Defend_R","Defend_R","Defend_R","Defend_R","Bash+1","AscendersBane","Juggernaut+1","Spot Weakness+1","Twin Strike","Headbutt","Pummel","Shockwave","Metallicize","Armaments"],"relics":["Burning Blood","Odd Mushroom","Tiny Chest","Vajra","Dodecahedron"],"potions_floor_usage":[7,11,14],"damage_taken":[{"damage":19,"enemies":"Jaw Worm","floor":1,"turns":4},{"damage":6,"enemies":"Cultist","floor":3,"turns":3},{"damage":6,"enemies":"2 Louse","floor":5,"turns":3},{"damage":18,"enemies":"The Mushroom Lair","floor":7,"turns":4},{"damage":30,"enemies":"3 Sentries","floor":10,"turns":7},{"damage":19,"enemies":"Exordium Wildlife","floor":13,"turns":5},{"damage":10,"enemies":"Red Slaver","floor":14,"turns":2},{"damage":35,"enemies":"Slime Boss","floor":16,"turns":3}],"seed_played":"-1627203645903496361","potions_obtained":[{"floor":2,"key":"EssenceOfSteel"},{"floor":2,"key":"Weak Potion"},{"floor":5,"key":"AttackPotion"},{"floor":10,"key":"Fruit Juice"}],"is_trial":false,"path_per_floor":["M","?","M","?","M","R","?","?","T","E","$","T","M","M","R"],"character_chosen":"IRONCLAD","items_purchased":["Metallicize"],"campfire_rested":1,"item_purchase_floors":[11],"current_hp_per_floor":[55,55,55,55,55,55,43,43,43,19,24,24,11,7,31,0],"gold":77,"neow_bonus":"THREE_RARE_CARDS","is_prod":false,"is_daily":false,"chose_seed":false,"campfire_upgraded":1,"win_rate":0,"timestamp":1541118322,"path_taken":["M","?","M","?","M","R","?","?","T","E","$","?","M","M","R","BOSS"],"build_version":"2018-10-25v2","purchased_purges":1,"victory":false,"max_hp_per_floor":[75,75,75,75,75,75,75,75,75,75,80,80,80,80,80,80],"card_choices":[{"not_picked":["Barricade","Reaper"],"picked":"Juggernaut","floor":0},{"not_picked":["Wild Strike","Blood for Blood"],"picked":"Spot Weakness","floor":1},{"not_picked":["Body Slam","Armaments"],"picked":"Twin Strike","floor":3},{"not_picked":["Clash","Warcry"],"picked":"Headbutt","floor":5},{"not_picked":["Burning Pact","Dual Wield"],"picked":"Pummel","floor":7},{"not_picked":["Demon Form","Intimidate"],"picked":"Shockwave","floor":10},{"not_picked":["Blood for Blood","Body Slam","Cleave"],"picked":"SKIP","floor":13},{"not_picked":["Sword Boomerang","Infernal Blade"],"picked":"Armaments","floor":14}],"player_experience":1549180,"relics_obtained":[{"floor":7,"key":"Odd Mushroom"},{"floor":9,"key":"Tiny Chest"},{"floor":10,"key":"Vajra"},{"floor":12,"key":"Dodecahedron"}],"event_choices":[{"damage_healed":0,"gold_gain":0,"player_choice":"Got Potions","damage_taken":0,"max_hp_gain":0,"max_hp_loss":0,"event_name":"The Lab","floor":2,"gold_loss":0},{"damage_healed":0,"gold_gain":0,"player_choice":"Upgraded","damage_taken":0,"max_hp_gain":0,"max_hp_loss":0,"event_name":"Upgrade Shrine","floor":4,"gold_loss":0,"cards_upgraded":["Bash"]},{"damage_healed":0,"gold_gain":0,"player_choice":"Fought Mushrooms","damage_taken":0,"max_hp_gain":0,"max_hp_loss":0,"event_name":"Mushrooms","floor":7,"gold_loss":0},{"damage_healed":0,"gold_gain":0,"player_choice":"Forge","damage_taken":0,"max_hp_gain":0,"max_hp_loss":0,"event_name":"Accursed Blacksmith","floor":8,"gold_loss":0,"cards_upgraded":["Spot Weakness"]}],"is_beta":false,"boss_relics":[],"items_purged_floors":[11],"is_endless":false,"potions_floor_spawned":[5,10],"killed_by":"Slime Boss","ascension_level":20}