{"gold_per_floor":[113,113,133,147,166,166,18,50,75,101,71,83,83,101,101,196,196,216,228,228,228,241,241,272,34,83,8,23,37,37,48,48,144,144,162,15,34,0,0,25,25,25,103,130,147,165,176,276,276,276],"floor_reached":51,"playtime":1665,"items_purged":["Bash"],"score":1081,"play_id":"7f202a4c-db5b-4348-96ce-164d2c64811c","local_time":"25611109221849","is_ascension_mode":true,"campfire_choices":[{"data":"Armaments","floor":6.0,"key":"SMITH"},{"data":"Immolate","floor":13.0,"key":"SMITH"},{"data":"Disarm","floor":15.0,"key":"SMITH"},{"data":"Immolate","floor":23.0,"key":"SMITH"},{"data":"Shrug It Off","floor":32.0,"key":"SMITH"},{"floor":41,"key":"REST"},{"data":"Spot Weakness","floor":49,"key":"SMITH"}],"neow_cost":"NONE","seed_source_timestamp":23989762571093,"circlet_count":0,"master_deck":["Strike_R","Defend_R","Defend_R","Defend_R","Clash","Armaments+1","Immolate+1","Disarm+1","Reaper+1","Rage+1","Whirlwind+1","Immolate+1","Warcry+1","Metallicize","Shrug It Off+1","Spot Weakness+1","True Grit","Madness","Madness","Iron Wave+1","Infernal Blade+1","Sentinel+1"],"special_seed":0,"relics":["Burning Blood","Oddly Smooth Stone","Bag of Marbles","Ancient Tea Set","Pen Nib","Omamori","Astrolabe","MutagenicStrength","Blood Vial","Chemical X","PreservedInsect","Busted Crown","Vajra","Red Mask","Bag of Preparation","Pantograph","Meat on the Bone","Incense Burner"],"potions_floor_usage":[50,50,50],"damage_taken":[{"damage":8.0,"enemies":"Small Slimes","floor":1.0,"turns":6.0},{"damage":0.0,"enemies":"Cultist","floor":3.0,"turns":4.0},{"damage":7.0,"enemies":"2 Louse","floor":4.0,"turns":2.0},{"damage":5.0,"enemies":"Looter","floor":5.0,"turns":3.0},{"damage":29.0,"enemies":"3 Sentries","floor":8.0,"turns":11.0},{"damage":13.0,"enemies":"Lagavulin","floor":10.0,"turns":7.0},{"damage":0.0,"enemies":"Lots of Slimes","floor":12.0,"turns":3.0},{"damage":0.0,"enemies":"2 Fungi Beasts","floor":14.0,"turns":1.0},{"damage":5.0,"enemies":"Hexaghost","floor":16.0,"turns":7.0},{"damage":5.0,"enemies":"2 Thieves","floor":18.0,"turns":4.0},{"damage":12.0,"enemies":"Spheric Guardian","floor":19.0,"turns":4.0},{"damage":6.0,"enemies":"3 Cultists","floor":22.0,"turns":3.0},{"damage":44.0,"enemies":"Slavers","floor":24.0,"turns":7.0},{"damage":5.0,"enemies":"Snake Plant","floor":28.0,"turns":3.0},{"damage":10.0,"enemies":"Centurion and Healer","floor":29.0,"turns":4.0},{"damage":0.0,"enemies":"Shelled Parasite and Fungi","floor":31.0,"turns":1.0},{"damage":0.0,"enemies":"Collector","floor":33.0,"turns":3.0},{"damage":26.0,"enemies":"3 Darklings","floor":35.0,"turns":4.0},{"damage":0.0,"enemies":"Orb Walker","floor":37.0,"turns":1.0},{"damage":29,"enemies":"Giant Head","floor":40,"turns":6},{"damage":0,"enemies":"Reptomancer","floor":44,"turns":1},{"damage":0,"enemies":"Jaw Worm Horde","floor":45,"turns":1},{"damage":10,"enemies":"3 Darklings","floor":46,"turns":3},{"damage":22,"enemies":"Transient","floor":47,"turns":5},{"damage":5,"enemies":"Mind Bloom Boss Battle","floor":48,"turns":4},{"damage":95,"enemies":"Time Eater","floor":50,"turns":15}],"seed_played":"-2658763044132702653","potions_obtained":[{"floor":8.0,"key":"SkillPotion"},{"floor":10.0,"key":"AttackPotion"},{"floor":11.0,"key":"Fruit Juice"},{"floor":11.0,"key":"Fire Potion"},{"floor":16.0,"key":"PowerPotion"},{"floor":18.0,"key":"Explosive Potion"},{"floor":22.0,"key":"EssenceOfSteel"},{"floor":24.0,"key":"Explosive Potion"},{"floor":28.0,"key":"Regen Potion"},{"floor":31.0,"key":"Explosive Potion"},{"floor":37.0,"key":"Dexterity Potion"},{"floor":40,"key":"Explosive Potion"}],"is_trial":false,"path_per_floor":["M","?","M","M","M","R","$","E","T","E","?","M","R","M","R","B",null,"M","M","?","?","M","R","E","$","T","$","M","M","?","M","R","B",null,"M","$","M","?","?","E","R","$","T","E","M","M","M","?","R","B",null],"character_chosen":"IRONCLAD","items_purchased":["Bag of Marbles","Chemical X","Metallicize","Vajra"],"campfire_rested":1,"item_purchase_floors":[7,25,25,36],"current_hp_per_floor":[70,70,76,75,76,76,76,53,53,46,46,52,52,58,58,64,80,81,75,75,75,85,85,58,58,58,58,62,65,65,73,73,81,84,85,85,85,85,74,53,78,78,78,85,85,81,67,85,85,33],"gold":276,"neow_bonus":"RANDOM_COMMON_RELIC","is_prod":false,"is_daily":false,"chose_seed":false,"campfire_upgraded":6,"win_rate":0,"timestamp":1541776729,"path_taken":["M","?","M","M","M","R","$","E","T","E","?","M","R","?","R","BOSS","M","M","?","?","M","R","E","$","T","$","?","M","?","M","R","BOSS","M","$","M","?","?","E","R","?","T","E","M","M","M","?","R","BOSS"],"build_version":"2018-11-08","purchased_purges":1,"victory":true,"max_hp_per_floor":[80,80,80,80,80,80,80,80,80,80,80,80,80,80,80,85,85,85,85,85,85,85,85,85,85,85,85,85,85,85,85,85,85,85,85,85,85,85,85,85,85,85,85,85,85,85,85,85,85,85],"card_choices":[{"not_picked":["Twin Strike","Flex"],"picked":"Clash","floor":1.0},{"not_picked":["Thunderclap","Sword Boomerang"],"picked":"Armaments","floor":3.0},{"not_picked":["Blood for Blood","Sword Boomerang","Dropkick"],"picked":"SKIP","floor":4.0},{"not_picked":["Twin Strike","Reckless Charge","Searing Blow"],"picked":"SKIP","floor":5.0},{"not_picked":["Clash","Body Slam"],"picked":"Immolate","floor":8.0},{"not_picked":["Power Through","Headbutt","Pummel"],"picked":"SKIP","floor":10.0},{"not_picked":["Pommel Strike","Rupture","Heavy Blade"],"picked":"SKIP","floor":12.0},{"not_picked":["Fire Breathing","Armaments"],"picked":"Disarm","floor":14.0},{"not_picked":["Clothesline","Perfected Strike","Flex+1"],"picked":"SKIP","floor":18.0},{"not_picked":["Anger","Clothesline","Havoc+1"],"picked":"SKIP","floor":19.0},{"not_picked":["Sever Soul","Brutality"],"picked":"Warcry+1","floor":22.0},{"not_picked":["Exhume","Sever Soul","Warcry"],"picked":"SKIP","floor":24.0},{"not_picked":["Perfected Strike","Havoc"],"picked":"Shrug It Off","floor":28.0},{"not_picked":["Evolve","Anger+1","Heavy Blade+1"],"picked":"SKIP","floor":29.0},{"not_picked":["Ghostly Armor","Clash+1"],"picked":"Spot Weakness","floor":31.0},{"not_picked":["Heavy Blade"],"picked":"SKIP","floor":35.0},{"not_picked":[],"picked":"True Grit","floor":37.0},{"not_picked":[],"picked":"Iron Wave+1","floor":40},{"not_picked":["Wild Strike"],"picked":"SKIP","floor":44},{"not_picked":["Thunderclap"],"picked":"SKIP","floor":45},{"not_picked":[],"picked":"Infernal Blade+1","floor":46},{"not_picked":["Carnage"],"picked":"SKIP","floor":47},{"not_picked":[],"picked":"Sentinel+1","floor":48}],"player_experience":89230,"relics_obtained":[{"floor":8.0,"key":"Ancient Tea Set"},{"floor":9.0,"key":"Pen Nib"},{"floor":10.0,"key":"Omamori"},{"floor":24.0,"key":"Blood Vial"},{"floor":26.0,"key":"PreservedInsect"},{"floor":40,"key":"Bag of Preparation"},{"floor":43,"key":"Pantograph"},{"floor":44,"key":"Meat on the Bone"},{"floor":48,"key":"Incense Burner"}],"event_choices":[{"cards_removed":["Strike_R"],"damage_healed":0.0,"max_hp_gain":0.0,"max_hp_loss":0.0,"gold_gain":0.0,"event_name":"Living Wall","player_choice":"Forget","floor":2.0,"gold_loss":0.0,"damage_taken":0.0},{"damage_healed":0.0,"max_hp_gain":0.0,"max_hp_loss":0.0,"gold_gain":0.0,"event_name":"The Woman in Blue","player_choice":"Bought 2 Potions","floor":11.0,"gold_loss":0.0,"damage_taken":0.0},{"damage_healed":0.0,"max_hp_gain":0.0,"max_hp_loss":0.0,"gold_gain":0.0,"event_name":"Drug Dealer","player_choice":"Inject Mutagens","floor":20.0,"gold_loss":0.0,"damage_taken":0.0,"relics_obtained":["MutagenicStrength"]},{"damage_healed":0.0,"max_hp_gain":0.0,"max_hp_loss":0.0,"gold_gain":0.0,"cards_transformed":["Strike_R"],"event_name":"Transmorgrifier","player_choice":"Transformed","floor":21.0,"gold_loss":0.0,"damage_taken":0.0,"cards_obtained":["Immolate"]},{"damage_healed":0.0,"max_hp_gain":0.0,"max_hp_loss":0.0,"gold_gain":0.0,"event_name":"Ghosts","player_choice":"Ignored","floor":30.0,"gold_loss":0.0,"damage_taken":0.0},{"damage_healed":0.0,"max_hp_gain":0.0,"max_hp_loss":0.0,"gold_gain":0.0,"event_name":"Tomb of Lord Red Mask","player_choice":"Paid","floor":38.0,"gold_loss":34.0,"damage_taken":0.0,"relics_obtained":["Red Mask"]},{"damage_healed":0.0,"max_hp_gain":0.0,"max_hp_loss":0.0,"gold_gain":0.0,"event_name":"Winding Halls","player_choice":"Embrace Madness","floor":39.0,"gold_loss":0.0,"damage_taken":11.0,"cards_obtained":["Madness","Madness"]},{"damage_healed":0,"gold_gain":0,"player_choice":"Fight","damage_taken":0,"max_hp_gain":0,"max_hp_loss":0,"event_name":"MindBloom","floor":48,"gold_loss":0}],"is_beta":false,"boss_relics":[{"not_picked":["Runic Cube","Tiny House"],"picked":"Astrolabe"},{"not_picked":["Snecko Eye","Velvet Choker"],"picked":"Busted Crown"}],"items_purged_floors":[27],"is_endless":false,"potions_floor_spawned":[8,10,12,16,18,22,24,28,31,37,40,44,46],"ascension_level":7}