{"gold_per_floor":[113,130,144,162,8,8,40,40,86,114,114,148,162,182,182,256,256,267,357,35,35,35,35,54,54,79,99,129,142,142],"floor_reached":30,"playtime":1299,"items_purged":["Defend_R"],"score":592,"play_id":"5126f9fa-6df6-46e5-b167-4022d6a052ed","local_time":"20190126000728","is_ascension_mode":true,"campfire_choices":[{"data":"Combust","floor":6,"key":"SMITH"},{"floor":11,"key":"REST"},{"data":"Disarm","floor":15,"key":"SMITH"},{"data":"Armaments","floor":23,"key":"SMITH"},{"data":"Heavy Blade","floor":25,"key":"SMITH"}],"neow_cost":"NONE","seed_source_timestamp":450037508004874,"circlet_count":0,"master_deck":["AscendersBane","Bash","Offering","Combust+1","Metallicize","Intimidate","Cleave","Combust+1","Disarm+1","Inflame","Impervious","Pummel","Exhume","Rampage","Limit Break","Body Slam","Sword Boomerang","Double Tap","Entrench","Exhume","Armaments+1","Metallicize","Heavy Blade+1","Heavy Blade","Warcry"],"relics":["Burning Blood","Darkstone Periapt","Blood Vial","Whetstone","Bag of Preparation","Pandora\u0027s Box","Vajra","Red Skull","Nunchaku","Ancient Tea Set","Ice Cream"],"potions_floor_usage":[7,10,12,18,29,29,30],"damage_taken":[{"damage":1,"enemies":"Small Slimes","floor":1,"turns":4},{"damage":8,"enemies":"Cultist","floor":2,"turns":3},{"damage":12,"enemies":"Jaw Worm","floor":3,"turns":5},{"damage":12,"enemies":"Exordium Thugs","floor":4,"turns":6},{"damage":25,"enemies":"Lagavulin","floor":7,"turns":7},{"damage":25,"enemies":"Gremlin Nob","floor":10,"turns":3},{"damage":17,"enemies":"3 Sentries","floor":12,"turns":5},{"damage":8,"enemies":"Exordium Wildlife","floor":13,"turns":3},{"damage":1,"enemies":"3 Louse","floor":14,"turns":2},{"damage":18,"enemies":"Slime Boss","floor":16,"turns":7},{"damage":28,"enemies":"Chosen","floor":18,"turns":5},{"damage":0,"enemies":"Spheric Guardian","floor":24,"turns":2},{"damage":10,"enemies":"Snecko","floor":27,"turns":3},{"damage":20,"enemies":"Gremlin Leader","floor":28,"turns":4},{"damage":15,"enemies":"Centurion and Healer","floor":29,"turns":5},{"damage":9,"enemies":"3 Cultists","floor":30,"turns":2}],"seed_played":"1293489489995257030","potions_obtained":[{"floor":2,"key":"SkillPotion"},{"floor":7,"key":"GamblersBrew"},{"floor":10,"key":"SkillPotion"},{"floor":12,"key":"SkillPotion"},{"floor":13,"key":"SteroidPotion"},{"floor":24,"key":"AttackPotion"},{"floor":27,"key":"Strength Potion"},{"floor":29,"key":"FearPotion"}],"is_trial":false,"path_per_floor":["M","M","M","M","$","R","E","?","T","E","R","E","M","M","R","B",null,"M","?","$","T","?","R","M","R","T","M","E","M","M"],"character_chosen":"IRONCLAD","items_purchased":["Combust","Vajra","Red Skull"],"campfire_rested":1,"item_purchase_floors":[5,20,20],"current_hp_per_floor":[73,71,65,59,59,59,40,40,40,23,45,36,36,43,43,33,65,45,31,31,31,20,20,28,28,28,26,14,7,0],"gold":142,"neow_bonus":"ONE_RANDOM_RARE_CARD","is_prod":false,"is_daily":false,"chose_seed":false,"campfire_upgraded":4,"win_rate":0,"timestamp":1548457648,"path_taken":["M","M","M","M","$","R","E","?","T","E","R","E","?","M","R","BOSS","M","?","?","?","?","R","M","R","T","?","E","?","M"],"build_version":"2019-01-23","purchased_purges":1,"victory":false,"max_hp_per_floor":[75,75,75,75,75,75,75,75,75,75,75,75,75,75,75,75,75,75,75,75,75,75,75,75,75,75,75,75,75,75],"card_choices":[{"not_picked":["True Grit","Body Slam"],"picked":"Combust","floor":1},{"not_picked":["Clash","True Grit"],"picked":"Metallicize","floor":2},{"not_picked":["Bloodletting","Entrench"],"picked":"Intimidate","floor":3},{"not_picked":["Clash","Flex"],"picked":"Cleave","floor":4},{"not_picked":["Havoc","Armaments"],"picked":"Disarm","floor":7},{"not_picked":["Wild Strike","Pommel Strike"],"picked":"Inflame","floor":10},{"not_picked":["Havoc","Armaments"],"picked":"Impervious","floor":12},{"not_picked":["Cleave","Pommel Strike","Twin Strike"],"picked":"SKIP","floor":13},{"not_picked":["Pummel","Rage","Inflame"],"picked":"SKIP","floor":14},{"not_picked":["Rage","Inflame"],"picked":"Pummel","floor":14},{"not_picked":["Feed","Offering"],"picked":"Exhume","floor":16},{"not_picked":["Flex","Pommel Strike"],"picked":"Metallicize","floor":18},{"not_picked":["Flex","Reckless Charge"],"picked":"Heavy Blade","floor":24},{"not_picked":["Searing Blow","Rampage+1","Infernal Blade"],"picked":"SKIP","floor":27},{"not_picked":["Clash","Sword Boomerang"],"picked":"Heavy Blade","floor":28},{"not_picked":["Iron Wave","Inflame"],"picked":"Warcry","floor":29}],"player_experience":470810,"relics_obtained":[{"floor":7,"key":"Darkstone Periapt"},{"floor":9,"key":"Blood Vial"},{"floor":10,"key":"Whetstone"},{"floor":12,"key":"Bag of Preparation"},{"floor":21,"key":"Nunchaku"},{"floor":26,"key":"Ancient Tea Set"},{"floor":28,"key":"Ice Cream"}],"event_choices":[{"damage_healed":0,"gold_gain":0,"player_choice":"Upgraded","damage_taken":0,"max_hp_gain":0,"max_hp_loss":0,"event_name":"Upgrade Shrine","floor":8,"gold_loss":0,"cards_upgraded":["Combust"]},{"damage_healed":0,"gold_gain":90,"player_choice":"GOLD ","damage_taken":14,"max_hp_gain":0,"max_hp_loss":0,"event_name":"Knowing Skull","floor":19,"potions_obtained":[],"gold_loss":0,"cards_obtained":[]},{"damage_healed":0,"gold_gain":0,"player_choice":"Damaged","damage_taken":11,"max_hp_gain":0,"max_hp_loss":0,"event_name":"Wheel of Change","floor":22,"gold_loss":0}],"is_beta":false,"boss_relics":[{"not_picked":["Runic Dome","White Beast Statue"],"picked":"Pandora\u0027s Box"}],"items_purged_floors":[5],"is_endless":false,"potions_floor_spawned":[2,7,10,12,13,24,27,29],"killed_by":"3 Cultists","ascension_level":17}