{"gold_per_floor":[361,371,214,230,111,111,128,128,128,0,34,46,58,86,98,181,193,215,102,117,117,117,117,129,129,154,154,65,95,110,127,127,200,200,214,214,233,249,249,249,249],"floor_reached":41,"playtime":3055,"items_purged":["Writhe","Strike_R","Reckless Charge"],"score":847,"play_id":"96493d78-f54b-45a5-9a7e-80436b309d63","local_time":"20190503175209","is_ascension_mode":true,"campfire_choices":[{"data":"Uppercut","floor":6,"key":"SMITH"},{"data":"Flame Barrier","floor":8,"key":"SMITH"},{"data":"Whirlwind","floor":12,"key":"SMITH"},{"data":"Shrug It Off","floor":15,"key":"SMITH"},{"data":"Clothesline","floor":23,"key":"SMITH"},{"data":"Feed","floor":25,"key":"SMITH"},{"data":"Bash","floor":27,"key":"SMITH"},{"data":"Heavy Blade","floor":32,"key":"SMITH"},{"floor":40,"key":"REST"}],"neow_cost":"CURSE","seed_source_timestamp":122801969573800,"circlet_count":0,"master_deck":["AscendersBane","Defend_R","Defend_R","Defend_R","Defend_R","Bash+1","Flame Barrier+1","Uppercut+1","Headbutt","Shrug It Off+1","Whirlwind+1","Pain","Rupture","Feed+1","Battle Trance","Bite","Bite","Bite","Bite","Bite","Clothesline+1","Entrench","Heavy Blade+1","Inflame","Flame Barrier","Inflame","Heavy Blade+1"],"relics":["Burning Blood","Dodecahedron","Pantograph","MawBank","WarpedTongs","Snecko Eye","Sundial","Fusion Hammer"],"potions_floor_usage":[16,16,33,41,41],"damage_taken":[{"damage":14,"enemies":"Jaw Worm","floor":1,"turns":4},{"damage":11,"enemies":"Cultist","floor":2,"turns":5},{"damage":2,"enemies":"Small Slimes","floor":4,"turns":3},{"damage":20,"enemies":"Exordium Thugs","floor":7,"turns":4},{"damage":22,"enemies":"3 Sentries","floor":11,"turns":11},{"damage":6,"enemies":"3 Louse","floor":14,"turns":2},{"damage":42,"enemies":"The Guardian","floor":16,"turns":12},{"damage":38,"enemies":"Spheric Guardian","floor":18,"turns":6},{"damage":0,"enemies":"3 Byrds","floor":20,"turns":2},{"damage":40,"enemies":"Centurion and Healer","floor":24,"turns":20},{"damage":17,"enemies":"Gremlin Leader","floor":29,"turns":4},{"damage":8,"enemies":"Cultist and Chosen","floor":30,"turns":7},{"damage":7,"enemies":"3 Cultists","floor":31,"turns":5},{"damage":31,"enemies":"Collector","floor":33,"turns":6},{"damage":4,"enemies":"3 Darklings","floor":35,"turns":3},{"damage":14,"enemies":"Orb Walker","floor":37,"turns":3},{"damage":56,"enemies":"Writhing Mass","floor":38,"turns":6},{"damage":76,"enemies":"Reptomancer","floor":41,"turns":7}],"seed_played":"-9183357432783773840","potions_obtained":[{"floor":2,"key":"SkillPotion"},{"floor":16,"key":"Ancient Potion"},{"floor":24,"key":"FearPotion"},{"floor":30,"key":"Dexterity Potion"},{"floor":38,"key":"Fire Potion"}],"is_trial":false,"path_per_floor":["M","M","$","M","?","R","M","R","T","$","E","R","?","M","R","B",null,"M","$","M","?","?","R","M","R","T","R","$","E","M","M","R","B",null,"M","?","M","M","?","R","E"],"character_chosen":"IRONCLAD","items_purchased":["Strength Potion","Headbutt","Shrug It Off","Heavy Blade","Inflame"],"campfire_rested":1,"item_purchase_floors":[3,3,10,28,28],"current_hp_per_floor":[60,55,55,59,59,59,45,45,45,45,29,29,29,29,29,18,61,32,32,41,41,41,41,59,59,59,59,59,56,64,68,68,58,69,76,76,74,32,32,54,0],"gold":249,"neow_bonus":"TWO_FIFTY_GOLD","is_prod":false,"is_daily":false,"chose_seed":false,"campfire_upgraded":8,"win_rate":0,"timestamp":1556902329,"path_taken":["M","M","$","M","?","R","M","R","T","?","E","R","?","?","R","BOSS","M","$","M","?","?","R","M","R","T","R","$","E","M","M","R","BOSS","M","?","?","M","?","R","E"],"build_version":"2019-01-23","purchased_purges":3,"victory":false,"max_hp_per_floor":[75,75,75,75,75,75,75,75,75,75,75,75,75,75,75,75,75,78,78,81,56,56,56,60,60,60,60,60,60,64,68,68,72,72,76,76,76,76,76,76,76],"card_choices":[{"not_picked":["Pummel","Sword Boomerang"],"picked":"Flame Barrier","floor":1},{"not_picked":["Iron Wave","True Grit"],"picked":"Uppercut","floor":2},{"not_picked":["Warcry","Sword Boomerang"],"picked":"Reckless Charge","floor":4},{"not_picked":["Fire Breathing","Pommel Strike","Dual Wield"],"picked":"SKIP","floor":7},{"not_picked":["Clothesline","Double Tap"],"picked":"Whirlwind","floor":11},{"not_picked":["Infernal Blade","Power Through"],"picked":"Rupture","floor":14},{"not_picked":["Brutality","Barricade"],"picked":"Feed","floor":16},{"not_picked":["Sever Soul","Perfected Strike","Pommel Strike"],"picked":"SKIP","floor":18},{"not_picked":["Seeing Red+1","Pommel Strike"],"picked":"Battle Trance","floor":20},{"not_picked":["Dropkick","Whirlwind"],"picked":"Entrench","floor":24},{"not_picked":["Battle Trance","Whirlwind","True Grit"],"picked":"SKIP","floor":29},{"not_picked":["Feel No Pain","Sever Soul"],"picked":"Flame Barrier","floor":30},{"not_picked":["Iron Wave","Pommel Strike"],"picked":"Inflame","floor":31},{"not_picked":["Rupture","Armaments","True Grit"],"picked":"SKIP","floor":35},{"not_picked":["Havoc","Headbutt+1"],"picked":"Heavy Blade+1","floor":37},{"not_picked":["Wild Strike","Hemokinesis","Second Wind"],"picked":"SKIP","floor":38}],"player_experience":2927160,"relics_obtained":[{"floor":9,"key":"Pantograph"},{"floor":11,"key":"MawBank"},{"floor":29,"key":"Sundial"}],"event_choices":[{"damage_healed":0,"gold_gain":0,"player_choice":"Paid Gold","damage_taken":0,"relics_obtained":["Dodecahedron"],"max_hp_gain":0,"max_hp_loss":0,"event_name":"WeMeetAgain","floor":5,"gold_loss":119},{"damage_healed":0,"gold_gain":0,"player_choice":"Rummage","damage_taken":0,"relics_obtained":["WarpedTongs"],"max_hp_gain":0,"max_hp_loss":0,"event_name":"Accursed Blacksmith","floor":13,"gold_loss":0,"cards_obtained":["Pain"]},{"damage_healed":0,"gold_gain":0,"player_choice":"Became a vampire","damage_taken":0,"max_hp_gain":0,"max_hp_loss":25,"event_name":"Vampires","floor":21,"gold_loss":0,"cards_obtained":["Bite","Bite","Bite","Bite","Bite"]},{"damage_healed":0,"gold_gain":0,"player_choice":"Read","damage_taken":0,"max_hp_gain":0,"max_hp_loss":0,"event_name":"The Library","floor":22,"gold_loss":0,"cards_obtained":["Clothesline"]},{"damage_healed":0,"gold_gain":0,"player_choice":"Ignored","damage_taken":0,"max_hp_gain":0,"max_hp_loss":0,"event_name":"SecretPortal","floor":36,"gold_loss":0},{"damage_healed":0,"gold_gain":0,"player_choice":"Memory 1","damage_taken":0,"max_hp_gain":0,"max_hp_loss":0,"event_name":"SensoryStone","floor":39,"gold_loss":0}],"is_beta":false,"boss_relics":[{"not_picked":["Sozu","Astrolabe"],"picked":"Snecko Eye"},{"not_picked":["Runic Pyramid","Black Star"],"picked":"Fusion Hammer"}],"items_purged_floors":[3,10,19],"is_endless":false,"potions_floor_spawned":[2,4,11,16,24,30,31,38],"killed_by":"Reptomancer","ascension_level":20}