{"gold_per_floor":[214,214,110,126,126,126,126,126,126,160,84,84,117,42,42,142,142,155,175,192,192,202,202],"floor_reached":23,"playtime":2383,"items_purged":[],"score":217,"play_id":"b30c0cf7-5b80-4bfd-8502-c2651855e2b9","local_time":"20181016222721","is_ascension_mode":true,"campfire_choices":[{"data":"Go for the Eyes","floor":6,"key":"SMITH"},{"data":"Conserve Battery","floor":8,"key":"SMITH"},{"floor":15,"key":"REST"}],"neow_cost":"NONE","seed_source_timestamp":203244636494907,"circlet_count":0,"master_deck":["Strike_B","Strike_B","Strike_B+1","Strike_B","Defend_B","Defend_B","Defend_B","Defend_B","Zap+1","Dualcast","Conserve Battery+1","Self Repair+1","Go for the Eyes+1","FTL+1","Storm+1","Loop+1","Self Repair+1","Seek","Glacier","Capacitor+1","Static Discharge+1","Consume"],"relics":["Cracked Core","Frozen Egg 2","Matryoshka","Boot","Black Star"],"potions_floor_usage":[10,20,23],"damage_taken":[{"damage":6,"enemies":"Cultist","floor":1,"turns":4},{"damage":7,"enemies":"Jaw Worm","floor":4,"turns":3},{"damage":26,"enemies":"Lagavulin","floor":10,"turns":7},{"damage":35,"enemies":"3 Sentries","floor":13,"turns":6},{"damage":17,"enemies":"Slime Boss","floor":16,"turns":8},{"damage":8,"enemies":"Chosen","floor":18,"turns":4},{"damage":20,"enemies":"Shell Parasite","floor":19,"turns":6},{"damage":37,"enemies":"3 Cultists","floor":20,"turns":6},{"damage":15,"enemies":"Chosen and Byrds","floor":22,"turns":3},{"damage":68,"enemies":"Slavers","floor":23,"turns":4}],"seed_played":"8860981468177888124","potions_obtained":[{"floor":1,"key":"AttackPotion"},{"floor":16,"key":"Energy Potion"},{"floor":22,"key":"Fruit Juice"}],"is_trial":false,"path_per_floor":["M","?","$","M","?","R","?","R","T","E","$","?","E","$","R","B",null,"M","M","M","?","M"],"character_chosen":"DEFECT","items_purchased":["Self Repair","Go for the Eyes","Storm+1","Self Repair+1"],"campfire_rested":1,"item_purchase_floors":[3,3,11,14],"current_hp_per_floor":[69,54,54,54,54,54,54,54,54,38,38,38,13,13,35,38,75,75,75,58,58,63,0],"gold":202,"neow_bonus":"HUNDRED_GOLD","is_prod":false,"is_daily":false,"chose_seed":false,"campfire_upgraded":2,"win_rate":0,"timestamp":1539743241,"path_taken":["M","?","$","M","?","R","?","R","T","E","$","?","E","?","R","BOSS","M","?","M","?","M","E"],"build_version":"2018-10-11","purchased_purges":0,"victory":false,"max_hp_per_floor":[75,75,75,75,75,75,75,75,75,75,75,75,75,75,75,75,75,75,75,75,75,75,80],"card_choices":[{"not_picked":["Hello World","Cold Snap"],"picked":"Conserve Battery","floor":1},{"not_picked":["Rebound","Recycle","Hologram"],"picked":"SKIP","floor":4},{"not_picked":["Leap","Aggregate"],"picked":"FTL","floor":10},{"not_picked":["Scrape","All For One"],"picked":"Loop+1","floor":13},{"not_picked":["Rainbow","Fission"],"picked":"Seek","floor":16},{"not_picked":["Stack+1","Scrape"],"picked":"Glacier","floor":18},{"not_picked":["Recycle","Static Discharge+1"],"picked":"Capacitor+1","floor":19},{"not_picked":["Redo","Coolheaded"],"picked":"Static Discharge+1","floor":20},{"not_picked":["Rebound+1","Gash","Sweeping Beam+1"],"picked":"SKIP","floor":22}],"player_experience":71017,"relics_obtained":[{"floor":9,"key":"Frozen Egg 2"},{"floor":10,"key":"Matryoshka"},{"floor":13,"key":"Boot"}],"event_choices":[{"event_name":"Shining Light","player_choice":"Entered Light","floor":2,"damage_taken":0},{"event_name":"Living Wall","player_choice":"Grow","floor":5,"damage_taken":0},{"event_name":"Golden Wing","player_choice":"Ignored","floor":7,"damage_taken":0},{"event_name":"Upgrade Shrine","player_choice":"Upgraded","floor":12,"damage_taken":0},{"event_name":"The Library","player_choice":"Read","floor":21,"damage_taken":0}],"is_beta":false,"boss_relics":[{"not_picked":["Eternal Feather","Orrery"],"picked":"Black Star"}],"items_purged_floors":[],"is_endless":false,"potions_floor_spawned":[1,16,22],"killed_by":"Slavers","ascension_level":2}