{"gold_per_floor":[119,139,149,164,176,211,211,227,251,266,266,300,317,317],"floor_reached":14,"playtime":695,"items_purged":[],"score":117,"play_id":"888c3430-5893-4d9f-9674-66b55f0a3b80","local_time":"20190326203329","is_ascension_mode":true,"campfire_choices":[{"data":"Heavy Blade","floor":7,"key":"SMITH"},{"data":"Spot Weakness","floor":11,"key":"SMITH"}],"neow_cost":"NONE","seed_source_timestamp":993845351939200,"circlet_count":0,"master_deck":["Strike_R","Strike_R+1","Strike_R","Strike_R","Strike_R","Defend_R","Defend_R","Defend_R","Defend_R","Bash","Forethought","Twin Strike+1","Heavy Blade+1","Cleave","Cleave","Headbutt","Spot Weakness+1","Warcry","Twin Strike"],"relics":["Burning Blood","StoneCalendar","Whetstone","Ancient Tea Set"],"potions_floor_usage":[6,6,13,14],"damage_taken":[{"damage":6,"enemies":"Cultist","floor":1,"turns":4},{"damage":7,"enemies":"Small Slimes","floor":2,"turns":3},{"damage":13,"enemies":"Jaw Worm","floor":3,"turns":4},{"damage":12,"enemies":"Looter","floor":4,"turns":3},{"damage":18,"enemies":"Red Slaver","floor":5,"turns":5},{"damage":14,"enemies":"Gremlin Nob","floor":6,"turns":3},{"damage":2,"enemies":"Exordium Wildlife","floor":8,"turns":3},{"damage":11,"enemies":"Exordium Thugs","floor":10,"turns":4},{"damage":36,"enemies":"Lagavulin","floor":12,"turns":7},{"damage":0,"enemies":"3 Louse","floor":13,"turns":2},{"damage":32,"enemies":"Gremlin Nob","floor":14,"turns":3}],"seed_played":"-7953550556065636689","potions_obtained":[{"floor":2,"key":"AttackPotion"},{"floor":5,"key":"Strength Potion"},{"floor":12,"key":"Poison Potion"},{"floor":13,"key":"Poison Potion"}],"is_trial":false,"path_per_floor":["M","M","M","M","M","E","R","M","T","M","R","E","M","E"],"character_chosen":"IRONCLAD","items_purchased":[],"campfire_rested":0,"item_purchase_floors":[],"current_hp_per_floor":[80,79,72,66,54,46,46,50,50,45,45,15,21,0],"gold":317,"neow_bonus":"RANDOM_COLORLESS","is_prod":false,"is_daily":false,"chose_seed":false,"campfire_upgraded":2,"win_rate":0,"timestamp":1553625209,"path_taken":["M","M","M","M","M","E","R","M","T","M","R","E","?","E"],"build_version":"2019-01-23","purchased_purges":0,"victory":false,"max_hp_per_floor":[80,80,80,80,80,80,80,80,80,80,80,80,80,80],"card_choices":[{"not_picked":["Battle Trance","Thunderclap"],"picked":"Twin Strike","floor":1},{"not_picked":["Headbutt","Fire Breathing"],"picked":"Heavy Blade","floor":2},{"not_picked":["Perfected Strike","True Grit"],"picked":"Cleave","floor":3},{"not_picked":["Sword Boomerang","Anger","Wild Strike"],"picked":"SKIP","floor":4},{"not_picked":["Rampage","Iron Wave"],"picked":"Cleave","floor":5},{"not_picked":["Seeing Red","Feed"],"picked":"Headbutt","floor":6},{"not_picked":["Heavy Blade","Havoc"],"picked":"Spot Weakness","floor":8},{"not_picked":["Intimidate","Perfected Strike"],"picked":"Warcry","floor":10},{"not_picked":["Perfected Strike","Sever Soul","Disarm"],"picked":"SKIP","floor":12},{"not_picked":["Entrench","Thunderclap"],"picked":"Twin Strike","floor":13}],"player_experience":105626,"relics_obtained":[{"floor":6,"key":"StoneCalendar"},{"floor":9,"key":"Whetstone"},{"floor":12,"key":"Ancient Tea Set"}],"event_choices":[],"is_beta":false,"boss_relics":[],"items_purged_floors":[],"is_endless":false,"potions_floor_spawned":[2,5,12,13],"killed_by":"Gremlin Nob","ascension_level":2}