{"gold_per_floor":[114,124,138,155,110,110,128,141,168,168,168,202,216,245,245,319,319,337,337,262,278,278,278],"floor_reached":23,"playtime":1285,"items_purged":["Strike_R"],"score":410,"play_id":"f4cc3546-0104-494b-a647-22ba9d102c99","local_time":"20190329101154","is_ascension_mode":true,"campfire_choices":[{"data":"Armaments","floor":6,"key":"SMITH"},{"data":"Blood for Blood","floor":10,"key":"SMITH"},{"floor":15,"key":"REST"}],"neow_cost":"NONE","seed_source_timestamp":793807154579300,"circlet_count":0,"master_deck":["AscendersBane","Strike_R","Strike_R","Defend_R","Defend_R","Defend_R","Defend_R","Bash+1","Metallicize","Cleave","Armaments+1","Combust","Blood for Blood+1","Clothesline","Rupture","Immolate","Shrug It Off"],"relics":["Burning Blood","Vajra","Self Forming Clay","Ancient Tea Set","Black Star"],"potions_floor_usage":[4,5,8,14,16,21],"damage_taken":[{"damage":5,"enemies":"Small Slimes","floor":1,"turns":4},{"damage":6,"enemies":"Cultist","floor":2,"turns":4},{"damage":4,"enemies":"Jaw Worm","floor":3,"turns":4},{"damage":9,"enemies":"3 Louse","floor":4,"turns":5},{"damage":14,"enemies":"Exordium Thugs","floor":5,"turns":5},{"damage":5,"enemies":"2 Fungi Beasts","floor":7,"turns":3},{"damage":9,"enemies":"Gremlin Gang","floor":8,"turns":4},{"damage":20,"enemies":"Lagavulin","floor":12,"turns":8},{"damage":3,"enemies":"Looter","floor":13,"turns":3},{"damage":20,"enemies":"3 Sentries","floor":14,"turns":5},{"damage":17,"enemies":"The Guardian","floor":16,"turns":9},{"damage":23,"enemies":"Shell Parasite","floor":18,"turns":5},{"damage":25,"enemies":"Colosseum Slavers","floor":19,"turns":5},{"damage":20,"enemies":"3 Byrds","floor":21,"turns":3},{"damage":18,"enemies":"Book of Stabbing","floor":23,"turns":3}],"seed_played":"4207716826089487843","potions_obtained":[{"floor":1,"key":"Energy Potion"},{"floor":4,"key":"Swift Potion"},{"floor":7,"key":"Block Potion"},{"floor":12,"key":"GamblersBrew"},{"floor":14,"key":"LiquidBronze"},{"floor":16,"key":"SpeedPotion"},{"floor":18,"key":"AttackPotion"}],"is_trial":false,"path_per_floor":["M","M","M","M","M","R","M","M","T","R","?","E","M","E","R","B",null,"M","?","$","M","?","E"],"character_chosen":"IRONCLAD","items_purchased":[],"campfire_rested":1,"item_purchase_floors":[],"current_hp_per_floor":[69,69,71,68,60,60,61,58,58,58,51,37,40,26,48,37,66,49,30,30,16,16,0],"gold":278,"neow_bonus":"UPGRADE_CARD","is_prod":false,"is_daily":false,"chose_seed":false,"campfire_upgraded":2,"win_rate":0,"timestamp":1553854314,"path_taken":["M","M","M","M","M","R","M","M","T","R","?","E","M","E","R","BOSS","M","?","$","M","?","E"],"build_version":"2019-01-23","purchased_purges":1,"victory":false,"max_hp_per_floor":[75,75,75,75,75,75,75,75,75,75,75,75,75,75,75,75,75,75,75,75,75,75,75],"card_choices":[{"not_picked":["Cleave","Perfected Strike"],"picked":"Metallicize","floor":1},{"not_picked":["Body Slam","Second Wind"],"picked":"Cleave","floor":2},{"not_picked":["Pummel","Bloodletting","Heavy Blade"],"picked":"SKIP","floor":3},{"not_picked":["Flex","Second Wind"],"picked":"Armaments","floor":4},{"not_picked":["Evolve","Hemokinesis","Heavy Blade"],"picked":"SKIP","floor":5},{"not_picked":["Heavy Blade","Pommel Strike"],"picked":"Combust","floor":7},{"not_picked":["Iron Wave","Berserk"],"picked":"Blood for Blood","floor":8},{"not_picked":["Iron Wave","Clash","Cleave"],"picked":"SKIP","floor":12},{"not_picked":["Carnage","Body Slam"],"picked":"Clothesline","floor":13},{"not_picked":["Burning Pact","Flex"],"picked":"Rupture","floor":14},{"not_picked":["Barricade","Dark Embrace"],"picked":"Immolate","floor":16},{"not_picked":["Headbutt","Iron Wave"],"picked":"Shrug It Off","floor":18},{"not_picked":["Armaments","Perfected Strike","Cleave"],"picked":"SKIP","floor":21}],"player_experience":2377330,"relics_obtained":[{"floor":9,"key":"Vajra"},{"floor":12,"key":"Self Forming Clay"},{"floor":14,"key":"Ancient Tea Set"}],"event_choices":[{"cards_removed":["Strike_R"],"damage_healed":0,"gold_gain":0,"player_choice":"Card Removal","damage_taken":7,"max_hp_gain":0,"max_hp_loss":0,"event_name":"Golden Wing","floor":11,"gold_loss":0},{"damage_healed":0,"gold_gain":0,"player_choice":"Fight","damage_taken":0,"max_hp_gain":0,"max_hp_loss":0,"event_name":"Colosseum","floor":19,"gold_loss":0},{"damage_healed":0,"gold_gain":0,"player_choice":"Fled From Nobs","damage_taken":0,"max_hp_gain":0,"max_hp_loss":0,"event_name":"Colosseum","floor":19,"gold_loss":0},{"cards_removed":["Strike_R"],"damage_healed":0,"gold_gain":0,"player_choice":"Purged","damage_taken":0,"max_hp_gain":0,"max_hp_loss":0,"event_name":"Purifier","floor":22,"gold_loss":0}],"is_beta":false,"boss_relics":[{"not_picked":["Calling Bell","Eternal Feather"],"picked":"Black Star"}],"items_purged_floors":[20],"is_endless":false,"potions_floor_spawned":[1,4,7,12,14,16,18,19],"killed_by":"Book of Stabbing","ascension_level":20}