{"gold_per_floor":[110,57,74,90,63,63,91,91,118,148,148,158,173,173,173,262,262,277,300,315,5,24,65,80,80,80,98,98,98,136,149,149,242,242,265,265,265,190,206,231,231,275,275,275,275,275,319,66,66,66,66,66,66,105,105],"floor_reached":56,"playtime":2640,"items_purged":["Strike_R","Strike_R"],"score":2330,"play_id":"66ce2b34-c15f-4205-b951-98bd7f4aa2ad","local_time":"20181212215844","is_ascension_mode":true,"campfire_choices":[{"data":"Bash","floor":6.0,"key":"SMITH"},{"data":"Second Wind","floor":8.0,"key":"SMITH"},{"data":"Metallicize","floor":11.0,"key":"SMITH"},{"data":"True Grit","floor":15.0,"key":"SMITH"},{"floor":25.0,"key":"RECALL"},{"data":"Exhume","floor":29.0,"key":"SMITH"},{"data":"Impervious","floor":32.0,"key":"SMITH"},{"data":"Fiend Fire","floor":44.0,"key":"SMITH"},{"data":"Shrug It Off","floor":46.0,"key":"SMITH"},{"data":"Corruption","floor":49.0,"key":"SMITH"},{"data":"Flame Barrier","floor":52.0,"key":"SMITH"}],"neow_cost":"NONE","seed_source_timestamp":40132310285906,"circlet_count":0,"master_deck":["AscendersBane","Strike_R","Defend_R","Defend_R","Defend_R","Defend_R","Bash+1","Flame Barrier+1","Metallicize+1","Battle Trance","Twin Strike","Second Wind+1","Shrug It Off+1","True Grit+1","Impervious+1","Warcry","Shrug It Off","Exhume+1","Seeing Red","Feel No Pain+1","Fiend Fire+1","Uppercut+1","Corruption+1","Fiend Fire","Demon Form"],"special_seed":0,"relics":["Burning Blood","Centennial Puzzle","Bag of Preparation","Dead Branch","Art of War","Pocketwatch","Golden Idol","Coffee Dripper","Charon\u0027s Ashes","Bag of Marbles","Torii","Regal Pillow","Snecko Eye","Bottled Tornado","Bronze Scales","Happy Flower"],"potions_floor_usage":[55],"damage_taken":[{"damage":4.0,"enemies":"Small Slimes","floor":1.0,"turns":6.0},{"damage":1.0,"enemies":"Cultist","floor":3.0,"turns":4.0},{"damage":0.0,"enemies":"2 Louse","floor":4.0,"turns":5.0},{"damage":14.0,"enemies":"Gremlin Nob","floor":7.0,"turns":5.0},{"damage":12.0,"enemies":"3 Sentries","floor":10.0,"turns":8.0},{"damage":0.0,"enemies":"Large Slime","floor":12.0,"turns":3.0},{"damage":0.0,"enemies":"Exordium Wildlife","floor":13.0,"turns":5.0},{"damage":24.0,"enemies":"The Guardian","floor":16.0,"turns":15.0},{"damage":0.0,"enemies":"Shell Parasite","floor":18.0,"turns":9.0},{"damage":0.0,"enemies":"Chosen","floor":19.0,"turns":5.0},{"damage":0.0,"enemies":"Snake Plant","floor":20.0,"turns":3.0},{"damage":8.0,"enemies":"Chosen and Byrds","floor":22.0,"turns":5.0},{"damage":7.0,"enemies":"Slavers","floor":23.0,"turns":6.0},{"damage":0.0,"enemies":"3 Cultists","floor":24.0,"turns":2.0},{"damage":0.0,"enemies":"Snecko","floor":27.0,"turns":3.0},{"damage":11.0,"enemies":"Gremlin Leader","floor":30.0,"turns":6.0},{"damage":0.0,"enemies":"Snake Plant","floor":31.0,"turns":5.0},{"damage":42.0,"enemies":"Automaton","floor":33.0,"turns":8.0},{"damage":0.0,"enemies":"3 Shapes","floor":35.0,"turns":3.0},{"damage":0.0,"enemies":"3 Darklings","floor":39.0,"turns":1.0},{"damage":0.0,"enemies":"4 Shapes","floor":40.0,"turns":4.0},{"damage":0.0,"enemies":"Nemesis","floor":42.0,"turns":5.0},{"damage":0.0,"enemies":"Giant Head","floor":47.0,"turns":5.0},{"damage":0.0,"enemies":"Time Eater","floor":50.0,"turns":7.0},{"damage":0.0,"enemies":"Shield and Spear","floor":54.0,"turns":2.0},{"damage":0,"enemies":"The Heart","floor":55,"turns":5}],"seed_played":"5876216872643169762","potions_obtained":[{"floor":4.0,"key":"SpeedPotion"},{"floor":12.0,"key":"EssenceOfSteel"},{"floor":23.0,"key":"SteroidPotion"},{"floor":33.0,"key":"Block Potion"},{"floor":54.0,"key":"PowerPotion"}],"is_trial":false,"path_per_floor":["M","?","M","M","$","R","E","R","T","E","R","M","M","?","R","B",null,"M","M","M","$","M","E","M","R","T","M","?","R","E","M","R","B",null,"M","?","?","$","M","M","?","E","T","R","$","R","E","$","R","B",null,"R","$","E","B",null],"character_chosen":"IRONCLAD","items_purchased":["Twin Strike","Charon\u0027s Ashes","Corruption","Fiend Fire"],"campfire_rested":0,"item_purchase_floors":[5,21,48,48],"current_hp_per_floor":[70,70,75,75,75,75,67,67,67,61,61,67,73,47,47,29,64,70,75,75,75,73,72,75,75,75,75,75,75,70,75,75,39,66,72,72,72,72,75,75,75,75,75,75,75,75,75,75,75,75,75,75,75,75,75],"gold":105,"neow_bonus":"RANDOM_COMMON_RELIC","is_prod":false,"is_daily":false,"chose_seed":false,"campfire_upgraded":10,"win_rate":0,"timestamp":1544680724,"path_taken":["M","?","?","M","$","R","E","R","T","E","R","?","M","?","R","BOSS","M","M","M","$","M","E","M","R","T","M","?","R","E","M","R","BOSS","M","?","?","$","?","M","?","E","T","R","$","R","E","$","R","BOSS","R","$","E","BOSS"],"build_version":"2018-12-06","purchased_purges":2,"victory":true,"max_hp_per_floor":[75,75,75,75,75,75,75,75,75,75,75,75,75,75,75,75,75,75,75,75,75,75,75,75,75,75,75,75,75,75,75,75,75,75,75,75,75,75,75,75,75,75,75,75,75,75,75,75,75,75,75,75,75,75,75],"card_choices":[{"not_picked":["Wild Strike","Shrug It Off"],"picked":"Flame Barrier","floor":1.0},{"not_picked":["Dual Wield","Perfected Strike"],"picked":"Metallicize","floor":3.0},{"not_picked":["Corruption","Clothesline"],"picked":"Battle Trance","floor":4.0},{"not_picked":["Blood for Blood","Double Tap"],"picked":"Second Wind","floor":7.0},{"not_picked":["Wild Strike","Cleave"],"picked":"Shrug It Off","floor":10.0},{"not_picked":["Power Through","Infernal Blade"],"picked":"True Grit","floor":12.0},{"not_picked":["Battle Trance","Thunderclap","Wild Strike"],"picked":"SKIP","floor":13.0},{"not_picked":["Juggernaut","Limit Break"],"picked":"Impervious","floor":16.0},{"not_picked":["Twin Strike","Fire Breathing","Whirlwind"],"picked":"SKIP","floor":18.0},{"not_picked":["Flex","Clash","Ghostly Armor"],"picked":"SKIP","floor":19.0},{"not_picked":["Twin Strike","Thunderclap"],"picked":"Warcry","floor":20.0},{"not_picked":["Metallicize","Rupture"],"picked":"Shrug It Off","floor":22.0},{"not_picked":["Flame Barrier","Twin Strike"],"picked":"Exhume","floor":23.0},{"not_picked":["Warcry","Perfected Strike"],"picked":"Seeing Red","floor":24.0},{"not_picked":["Clothesline","Body Slam","Flex"],"picked":"SKIP","floor":27.0},{"not_picked":["Hemokinesis+1","Rage"],"picked":"Feel No Pain+1","floor":30.0},{"not_picked":["Pummel","Headbutt","Blood for Blood"],"picked":"SKIP","floor":31.0},{"not_picked":["Juggernaut","Double Tap"],"picked":"Fiend Fire","floor":33.0},{"not_picked":["Armaments","Iron Wave","Heavy Blade"],"picked":"SKIP","floor":35.0},{"not_picked":["Cleave+1","Thunderclap","Sever Soul"],"picked":"SKIP","floor":39.0},{"not_picked":["Twin Strike+1","Sword Boomerang","Power Through"],"picked":"SKIP","floor":40.0},{"not_picked":["Cleave","Feed","Perfected Strike"],"picked":"SKIP","floor":42.0},{"not_picked":["Warcry","Havoc+1"],"picked":"Uppercut+1","floor":47.0},{"not_picked":["Twin Strike","Flex+1"],"picked":"Demon Form","floor":54.0}],"player_experience":1788231,"relics_obtained":[{"floor":7.0,"key":"Dead Branch"},{"floor":9.0,"key":"Art of War"},{"floor":10.0,"key":"Pocketwatch"},{"floor":23.0,"key":"Bag of Marbles"},{"floor":26.0,"key":"Torii"},{"floor":30.0,"key":"Regal Pillow"},{"floor":42.0,"key":"Bottled Tornado"},{"floor":47.0,"key":"Bronze Scales"},{"floor":54.0,"key":"Happy Flower"}],"event_choices":[{"damage_healed":0.0,"max_hp_gain":0.0,"max_hp_loss":0.0,"gold_gain":0.0,"event_name":"WeMeetAgain","player_choice":"Paid Gold","floor":2.0,"gold_loss":53.0,"damage_taken":0.0,"relics_obtained":["Bag of Preparation"]},{"damage_healed":0.0,"max_hp_gain":0.0,"max_hp_loss":0.0,"gold_gain":0.0,"event_name":"Golden Idol","player_choice":"Take Damage","floor":14.0,"gold_loss":0.0,"damage_taken":26.0,"relics_obtained":["Golden Idol"]},{"damage_healed":0.0,"max_hp_gain":0.0,"max_hp_loss":0.0,"gold_gain":0.0,"event_name":"The Mausoleum","player_choice":"Ignored","floor":28.0,"gold_loss":0.0,"damage_taken":0.0},{"damage_healed":0.0,"max_hp_gain":0.0,"max_hp_loss":0.0,"gold_gain":0.0,"event_name":"Tomb of Lord Red Mask","player_choice":"Ignored","floor":36.0,"gold_loss":0.0,"damage_taken":0.0},{"cards_removed":["Strike_R"],"damage_healed":0.0,"max_hp_gain":0.0,"max_hp_loss":0.0,"gold_gain":0.0,"event_name":"Purifier","player_choice":"Purged","floor":37.0,"gold_loss":0.0,"damage_taken":0.0},{"cards_removed":["Strike_R"],"damage_healed":0.0,"max_hp_gain":0.0,"max_hp_loss":0.0,"gold_gain":0.0,"event_name":"Bonfire Elementals","player_choice":"Offered Basic","floor":41.0,"gold_loss":0.0,"damage_taken":0.0}],"is_beta":false,"boss_relics":[{"not_picked":["Calling Bell","Runic Cube"],"picked":"Coffee Dripper"},{"not_picked":["Pandora\u0027s Box","Sozu"],"picked":"Snecko Eye"}],"items_purged_floors":[38,48],"is_endless":false,"potions_floor_spawned":[4,12,13,16,18,20,22,23,30,33,39,42,47,54],"ascension_level":15}