{"gold_per_floor":[111,130,148,148,46,46,46,46,73,105,144,156,182,206,218,327,339,362,374,77,77],"floor_reached":21,"playtime":1620,"items_purged":["Defend_B"],"score":222,"play_id":"b13479a2-5a60-4c88-9636-d09f42bd0c29","local_time":"20181016214717","is_ascension_mode":true,"campfire_choices":[{"data":"White Noise","floor":6,"key":"SMITH"},{"floor":12,"key":"REST"},{"data":"Creative AI","floor":15,"key":"SMITH"}],"neow_cost":"NONE","seed_source_timestamp":201603123042033,"circlet_count":0,"master_deck":["Defend_B","Defend_B","Defend_B","Zap","Dualcast+1","Gash","Cold Snap","Conserve Battery","White Noise+1","Go for the Eyes","Static Discharge","Creative AI+1","Sweeping Beam","White Noise","Electrodynamics","Blizzard","Bite","Bite","Bite","Bite","Bite","Defragment"],"relics":["Cracked Core","Mummified Hand","MawBank","FossilizedHelix","Inserter","Bottled Tornado"],"potions_floor_usage":[14,21],"damage_taken":[{"damage":5,"enemies":"Small Slimes","floor":1,"turns":3},{"damage":9,"enemies":"2 Louse","floor":2,"turns":3},{"damage":0,"enemies":"Jaw Worm","floor":3,"turns":4},{"damage":4,"enemies":"3 Louse","floor":10,"turns":3},{"damage":9,"enemies":"Lagavulin","floor":11,"turns":6},{"damage":0,"enemies":"Blue Slaver","floor":13,"turns":3},{"damage":3,"enemies":"Large Slime","floor":14,"turns":5},{"damage":20,"enemies":"The Guardian","floor":16,"turns":9},{"damage":0,"enemies":"Chosen","floor":18,"turns":4},{"damage":18,"enemies":"Colosseum Slavers","floor":21,"turns":3},{"damage":62,"enemies":"Colosseum Nobs","floor":21,"turns":3}],"seed_played":"-5278323505671962691","potions_obtained":[{"floor":3,"key":"Energy Potion"},{"floor":11,"key":"Regen Potion"}],"is_trial":false,"path_per_floor":["M","M","M","?","$","R","?","?","T","M","E","R","M","M","R","B",null,"M","?","$"],"character_chosen":"DEFECT","items_purchased":["Go for the Eyes","Defragment","Bottled Tornado"],"campfire_rested":1,"item_purchase_floors":[5,20,20],"current_hp_per_floor":[70,61,61,46,46,46,51,39,39,35,26,50,50,61,61,41,80,80,56,56,0],"gold":77,"neow_bonus":"THREE_CARDS","is_prod":false,"is_daily":false,"chose_seed":false,"campfire_upgraded":2,"win_rate":0,"timestamp":1539740837,"path_taken":["M","M","M","?","$","R","?","?","T","?","E","R","M","M","R","BOSS","M","?","$","?"],"build_version":"2018-10-11","purchased_purges":1,"victory":false,"max_hp_per_floor":[75,75,75,75,75,75,80,80,80,80,80,80,80,80,80,80,80,80,56,56,56],"card_choices":[{"not_picked":["Steam","Self Repair"],"picked":"Gash","floor":0},{"not_picked":["Barrage","Hologram"],"picked":"Cold Snap","floor":1},{"not_picked":["Sweeping Beam","Scrape"],"picked":"Conserve Battery","floor":2},{"not_picked":["Leap","Sweeping Beam"],"picked":"White Noise","floor":3},{"not_picked":["Hello World","Leap"],"picked":"Static Discharge","floor":10},{"not_picked":["Chaos","BootSequence"],"picked":"Creative AI","floor":11},{"not_picked":["Steam","Chaos"],"picked":"Sweeping Beam","floor":13},{"not_picked":["Consume","Reinforced Body"],"picked":"White Noise","floor":14},{"not_picked":["Hyperbeam","Meteor Strike"],"picked":"Electrodynamics","floor":16},{"not_picked":["Turbo","Coolheaded"],"picked":"Blizzard","floor":18}],"player_experience":69397,"relics_obtained":[{"floor":9,"key":"MawBank"},{"floor":11,"key":"FossilizedHelix"}],"event_choices":[{"event_name":"Shining Light","player_choice":"Entered Light","floor":4,"damage_taken":0},{"event_name":"Big Fish","player_choice":"Donut","floor":7,"damage_taken":0},{"event_name":"Scrap Ooze","player_choice":"success","floor":8,"damage_taken":12},{"event_name":"Vampires","player_choice":"Became a vampire","floor":19,"damage_taken":0},{"event_name":"Colosseum","player_choice":"Fight","floor":21,"damage_taken":0},{"event_name":"Colosseum","player_choice":"Fought Nobs","floor":21,"damage_taken":0}],"is_beta":false,"boss_relics":[{"not_picked":["Orrery","Cursed Key"],"picked":"Inserter"}],"items_purged_floors":[5],"is_endless":false,"potions_floor_spawned":[3,11],"killed_by":"Colosseum Nobs","ascension_level":2}