{"gold_per_floor":[119,119,138,138,138,164,164,181,181,196,196,196,210,236,236,311,311,327,338,354,354],"floor_reached":21,"playtime":1062,"items_purged":[],"score":389,"play_id":"cc77a421-5c30-4fe7-a209-174254dcc797","local_time":"20190208023951","is_ascension_mode":true,"campfire_choices":[{"data":"Barricade","floor":7.0,"key":"SMITH"},{"data":"Body Slam","floor":11.0,"key":"SMITH"},{"floor":15.0,"key":"REST"}],"neow_cost":"NONE","seed_source_timestamp":288267088167466,"circlet_count":0,"master_deck":["AscendersBane","Strike_R","Strike_R","Strike_R+1","Strike_R","Defend_R","Defend_R","Defend_R","Defend_R","Bash+1","Pummel+1","Dropkick","Barricade+1","Body Slam+1","Intimidate","Bloodletting","Rupture","Impervious","Inflame","Shockwave"],"special_seed":0,"relics":["Burning Blood","NeowsBlessing","Self Forming Clay","The Courier","Sundial","Sozu"],"potions_floor_usage":[16,16,20],"damage_taken":[{"damage":0.0,"enemies":"2 Louse","floor":1.0,"turns":1.0},{"damage":0.0,"enemies":"Small Slimes","floor":3.0,"turns":1.0},{"damage":0.0,"enemies":"3 Sentries","floor":6.0,"turns":1.0},{"damage":15.0,"enemies":"Jaw Worm","floor":8.0,"turns":4.0},{"damage":8.0,"enemies":"Gremlin Gang","floor":10.0,"turns":6.0},{"damage":3.0,"enemies":"Exordium Thugs","floor":13.0,"turns":4.0},{"damage":24.0,"enemies":"Gremlin Nob","floor":14.0,"turns":4.0},{"damage":36,"enemies":"Hexaghost","floor":16,"turns":13},{"damage":7,"enemies":"Chosen","floor":18,"turns":6},{"damage":19,"enemies":"Shell Parasite","floor":19,"turns":6},{"damage":40,"enemies":"Shelled Parasite and Fungi","floor":20,"turns":6},{"damage":20,"enemies":"Centurion and Healer","floor":21,"turns":2}],"seed_played":"3352176856474799417","potions_obtained":[{"floor":6.0,"key":"Strength Potion"},{"floor":13.0,"key":"SpeedPotion"},{"floor":16,"key":"FearPotion"}],"is_trial":false,"path_per_floor":["M","$","M","?","?","E","R","M","T","M","R","?","M","E","R","B",null,"M","M","M","M"],"character_chosen":"IRONCLAD","items_purchased":[],"campfire_rested":1,"item_purchase_floors":[],"current_hp_per_floor":[74,74,75,52,45,51,51,42,42,40,40,40,43,25,47,17,61,60,47,13,0],"gold":354,"neow_bonus":"THREE_ENEMY_KILL","is_prod":false,"is_daily":false,"chose_seed":false,"campfire_upgraded":2,"win_rate":0,"timestamp":1549589991,"path_taken":["M","$","M","?","?","E","R","M","T","M","R","?","?","E","R","BOSS","M","M","M","M"],"build_version":"2019-01-23","purchased_purges":0,"victory":false,"max_hp_per_floor":[75,75,75,75,75,75,75,75,75,75,75,75,75,75,75,75,75,75,75,75,75],"card_choices":[{"not_picked":["Armaments","Twin Strike"],"picked":"Pummel","floor":1.0},{"not_picked":["Uppercut","Havoc"],"picked":"Dropkick","floor":3.0},{"not_picked":["True Grit","Pommel Strike"],"picked":"Barricade","floor":6.0},{"not_picked":["Havoc","Iron Wave"],"picked":"Body Slam","floor":8.0},{"not_picked":["Perfected Strike","Evolve"],"picked":"Intimidate","floor":10.0},{"not_picked":["Sentinel","Sword Boomerang"],"picked":"Bloodletting","floor":13.0},{"not_picked":["Perfected Strike","Twin Strike"],"picked":"Rupture","floor":14.0},{"not_picked":["Brutality","Bludgeon"],"picked":"Impervious","floor":16},{"not_picked":["Pummel","Perfected Strike"],"picked":"Inflame","floor":18},{"not_picked":["Blood for Blood","Clash","Havoc"],"picked":"SKIP","floor":19},{"not_picked":["Headbutt","Flex"],"picked":"Shockwave","floor":20}],"player_experience":538188,"relics_obtained":[{"floor":6.0,"key":"Self Forming Clay"},{"floor":9.0,"key":"The Courier"},{"floor":14.0,"key":"Sundial"}],"event_choices":[{"damage_healed":0.0,"max_hp_gain":0.0,"max_hp_loss":0.0,"gold_gain":0.0,"event_name":"Shining Light","player_choice":"Entered Light","floor":4.0,"gold_loss":0.0,"damage_taken":23.0,"cards_upgraded":["Pummel","Strike_R"]},{"cards_removed":["Strike_R"],"damage_healed":0.0,"max_hp_gain":0.0,"max_hp_loss":0.0,"gold_gain":0.0,"event_name":"Golden Wing","player_choice":"Card Removal","floor":5.0,"gold_loss":0.0,"damage_taken":7.0},{"damage_healed":0.0,"max_hp_gain":0.0,"max_hp_loss":0.0,"gold_gain":0.0,"event_name":"Living Wall","player_choice":"Grow","floor":12.0,"gold_loss":0.0,"damage_taken":0.0,"cards_upgraded":["Bash"]}],"is_beta":false,"boss_relics":[{"not_picked":["Snecko Eye","Runic Dome"],"picked":"Sozu"}],"items_purged_floors":[],"is_endless":false,"potions_floor_spawned":[6,13,16,19],"killed_by":"Centurion and Healer","ascension_level":16}