{"gold_per_floor":[119,119,119,140,21,21,21,52,79,99,99,169,192,227,227,326,326,345,245,245,258,258,296,296,309,360,150,175,200,239,289,289,378,378,399,28,28,43,64,97,97,137,187,202,202,241,256,280,280,280,280,280,280,175,214,214],"floor_reached":57,"playtime":3001,"items_purged":["Regret","Strike_G","Strike_G","Strike_G","Strike_G"],"score":3685,"play_id":"fe894c6b-b29c-40fe-b7aa-1d3f1368395e","local_time":"20181202171425","is_ascension_mode":true,"campfire_choices":[{"data":"Neutralize","floor":6.0,"key":"SMITH"},{"data":"Choke","floor":11.0,"key":"SMITH"},{"data":"Tactician","floor":15.0,"key":"SMITH"},{"data":"Masterful Stab","floor":24.0,"key":"SMITH"},{"data":"Well Laid Plans","floor":32.0,"key":"SMITH"},{"floor":41.0,"key":"RECALL"},{"data":"Survivor","floor":45.0,"key":"SMITH"},{"data":"Defend_G","floor":49,"key":"SMITH"},{"data":"Defend_G","floor":53,"key":"SMITH"}],"neow_cost":"NONE","seed_source_timestamp":15943690564137,"circlet_count":0,"master_deck":["AscendersBane","Defend_G","Defend_G","Defend_G+1","Defend_G","Defend_G+1","Strike_G","Survivor+1","Neutralize+1","Choke+1","Masterful Stab+1","Tactician+1","Prepared+1","Reflex+1","Acrobatics+1","Burst+1","Expertise+1","Escape Plan+1","Well Laid Plans+1","Malaise+1","Concentrate+1","Acrobatics+1","Prepared+1","Prepared+1","Backflip+1"],"special_seed":0,"relics":["Ring of the Snake","NeowsBlessing","Golden Idol","Singing Bowl","Matryoshka","Mercury Hourglass","Toxic Egg 2","Happy Flower","Tiny Chest","Kunai","Runic Dome","Molten Egg 2","Pantograph","Smiling Mask","Black Star","Medical Kit","Bottled Flame","Bottled Lightning","Oddly Smooth Stone","Juzu Bracelet","Strawberry","Orichalcum","Lantern","Paper Crane","Bottled Tornado"],"potions_floor_usage":[56,56],"damage_taken":[{"damage":0.0,"enemies":"Small Slimes","floor":1.0,"turns":1.0},{"damage":0.0,"enemies":"2 Louse","floor":4.0,"turns":1.0},{"damage":0.0,"enemies":"Lagavulin","floor":8.0,"turns":1.0},{"damage":2.0,"enemies":"Jaw Worm","floor":10.0,"turns":3.0},{"damage":6.0,"enemies":"Gremlin Nob","floor":12.0,"turns":3.0},{"damage":6.0,"enemies":"2 Fungi Beasts","floor":13.0,"turns":2.0},{"damage":7.0,"enemies":"Lagavulin","floor":14.0,"turns":6.0},{"damage":26.0,"enemies":"Slime Boss","floor":16.0,"turns":8.0},{"damage":4.0,"enemies":"2 Thieves","floor":18.0,"turns":3.0},{"damage":0.0,"enemies":"Spheric Guardian","floor":21.0,"turns":3.0},{"damage":0.0,"enemies":"Slavers","floor":23.0,"turns":5.0},{"damage":0.0,"enemies":"Centurion and Healer","floor":25.0,"turns":4.0},{"damage":10.0,"enemies":"Shelled Parasite and Fungi","floor":28.0,"turns":3.0},{"damage":3.0,"enemies":"3 Cultists","floor":29.0,"turns":5.0},{"damage":0.0,"enemies":"Gremlin Leader","floor":30.0,"turns":2.0},{"damage":0.0,"enemies":"Automaton","floor":33.0,"turns":10.0},{"damage":1.0,"enemies":"Orb Walker","floor":35.0,"turns":3.0},{"damage":0.0,"enemies":"3 Darklings","floor":38.0,"turns":2.0},{"damage":0.0,"enemies":"Maw","floor":39.0,"turns":3.0},{"damage":0.0,"enemies":"Reptomancer","floor":40.0,"turns":2.0},{"damage":0.0,"enemies":"Giant Head","floor":42.0,"turns":2.0},{"damage":0.0,"enemies":"Sphere and 2 Shapes","floor":44.0,"turns":1.0},{"damage":0,"enemies":"Reptomancer","floor":46,"turns":2},{"damage":0,"enemies":"Spire Growth","floor":47,"turns":2},{"damage":1,"enemies":"4 Shapes","floor":48,"turns":3},{"damage":0,"enemies":"Awakened One","floor":50,"turns":4},{"damage":0,"enemies":"Donu and Deca","floor":51,"turns":2},{"damage":0,"enemies":"Shield and Spear","floor":55,"turns":3},{"damage":38,"enemies":"The Heart","floor":56,"turns":7}],"seed_played":"-3383396054839065423","potions_obtained":[{"floor":1.0,"key":"GamblersBrew"},{"floor":4.0,"key":"Energy Potion"},{"floor":16.0,"key":"SteroidPotion"},{"floor":21.0,"key":"GhostInAJar"},{"floor":23.0,"key":"Explosive Potion"},{"floor":25.0,"key":"Regen Potion"},{"floor":38.0,"key":"Ancient Potion"}],"is_trial":false,"path_per_floor":["M","?","?","M","$","R","?","E","T","M","R","E","M","E","R","B",null,"M","$","?","M","?","E","R","M","T","$","M","M","E","?","R","B",null,"M","$","?","M","M","E","R","E","T","M","R","E","M","M","R","B","B",null,"R","$","E","B",null],"character_chosen":"THE_SILENT","items_purchased":["Infinite Blades","GamblersBrew","Concentrate+1","Medical Kit","Acrobatics+1","SpeedPotion"],"campfire_rested":0,"item_purchase_floors":[5,27,36,36,36,54],"current_hp_per_floor":[59,59,59,59,59,59,59,59,59,59,59,53,47,40,40,14,50,46,46,46,48,48,50,50,52,52,52,44,41,41,41,41,66,69,70,70,70,72,72,74,74,76,83,85,85,87,89,88,88,91,91,91,91,91,91,53],"gold":214,"neow_bonus":"THREE_ENEMY_KILL","is_prod":false,"is_daily":false,"chose_seed":false,"campfire_upgraded":8,"win_rate":0,"timestamp":1543742065,"path_taken":["M","?","?","M","$","R","?","E","T","?","R","E","M","E","R","BOSS","M","$","?","M","?","E","R","M","T","$","M","M","E","?","R","BOSS","M","$","?","M","M","E","R","E","T","M","R","E","M","M","R","BOSS","BOSS","R","$","E","BOSS"],"build_version":"2018-11-15","purchased_purges":5,"victory":true,"max_hp_per_floor":[66,60,60,60,60,60,60,60,60,62,62,62,62,62,62,62,62,62,62,62,64,64,66,66,68,68,68,70,70,70,70,70,70,70,72,72,72,74,74,76,76,78,85,87,87,89,91,91,91,91,91,91,91,91,91,91],"card_choices":[{"not_picked":["Noxious Fumes","Blade Dance"],"picked":"Choke","floor":1.0},{"not_picked":["Sucker Punch","Terror"],"picked":"Masterful Stab","floor":4.0},{"not_picked":["Endless Agony","Concentrate"],"picked":"Tactician","floor":8.0},{"not_picked":["Bouncing Flask+1","Dash","Dodge and Roll+1"],"picked":"Singing Bowl","floor":10.0},{"not_picked":["Masterful Stab","Blade Dance+1"],"picked":"Prepared+1","floor":12.0},{"not_picked":["Heel Hook","Accuracy"],"picked":"Reflex+1","floor":13.0},{"not_picked":["Quick Slash","Footwork"],"picked":"Acrobatics+1","floor":14.0},{"not_picked":["Malaise+1","Wraith Form v2"],"picked":"Burst+1","floor":16.0},{"not_picked":["Slice","Deflect+1"],"picked":"Expertise+1","floor":18.0},{"not_picked":["Accuracy","Concentrate+1","Blade Dance+1"],"picked":"Singing Bowl","floor":21.0},{"not_picked":["Acrobatics+1","Outmaneuver+1","Dash"],"picked":"Singing Bowl","floor":23.0},{"not_picked":["Blade Dance+1","Die Die Die+1","Prepared+1"],"picked":"Singing Bowl","floor":25.0},{"not_picked":["Eviscerate+1","Deflect+1","Endless Agony+1"],"picked":"Singing Bowl","floor":28.0},{"not_picked":["Blade Dance+1","Sucker Punch+1"],"picked":"Escape Plan+1","floor":29.0},{"not_picked":["Flying Knee+1","Prepared+1"],"picked":"Well Laid Plans","floor":30.0},{"not_picked":["Glass Knife+1","Storm of Steel+1"],"picked":"Malaise+1","floor":33.0},{"not_picked":["Quick Slash+1","Flying Knee+1","Caltrops+1"],"picked":"Singing Bowl","floor":35.0},{"not_picked":["Bane+1","Poisoned Stab+1","Slice+1"],"picked":"Singing Bowl","floor":38.0},{"not_picked":["Sucker Punch+1","Poisoned Stab+1"],"picked":"Prepared+1","floor":39.0},{"not_picked":["Terror+1","Accuracy","Blade Dance+1"],"picked":"Singing Bowl","floor":40.0},{"not_picked":["Bouncing Flask+1","Distraction+1","Sucker Punch+1"],"picked":"Singing Bowl","floor":42.0},{"not_picked":["Deflect+1","Sucker Punch+1","Crippling Poison+1"],"picked":"Singing Bowl","floor":44.0},{"not_picked":["Flying Knee+1","Burst+1","Accuracy"],"picked":"Singing Bowl","floor":46},{"not_picked":["Flying Knee+1","Masterful Stab+1","Slice+1"],"picked":"Singing Bowl","floor":47},{"not_picked":["Dagger Throw+1","Escape Plan+1"],"picked":"Prepared+1","floor":48},{"not_picked":["Concentrate+1","Acrobatics+1"],"picked":"Backflip+1","floor":55}],"player_experience":2270509,"relics_obtained":[{"floor":8.0,"key":"Mercury Hourglass"},{"floor":9.0,"key":"Toxic Egg 2"},{"floor":9.0,"key":"Happy Flower"},{"floor":12.0,"key":"Tiny Chest"},{"floor":14.0,"key":"Kunai"},{"floor":23.0,"key":"Molten Egg 2"},{"floor":26.0,"key":"Pantograph"},{"floor":30.0,"key":"Smiling Mask"},{"floor":40.0,"key":"Bottled Flame"},{"floor":40.0,"key":"Bottled Lightning"},{"floor":42.0,"key":"Oddly Smooth Stone"},{"floor":42.0,"key":"Juzu Bracelet"},{"floor":43.0,"key":"Strawberry"},{"floor":46,"key":"Orichalcum"},{"floor":46,"key":"Lantern"},{"floor":55,"key":"Paper Crane"},{"floor":55,"key":"Bottled Tornado"}],"event_choices":[{"damage_healed":0.0,"max_hp_gain":0.0,"max_hp_loss":6.0,"gold_gain":0.0,"event_name":"Golden Idol","player_choice":"Lose Max HP","floor":2.0,"gold_loss":0.0,"damage_taken":0.0,"relics_obtained":["Golden Idol"]},{"damage_healed":0.0,"max_hp_gain":0.0,"max_hp_loss":0.0,"gold_gain":0.0,"event_name":"Big Fish","player_choice":"Box","floor":3.0,"gold_loss":0.0,"damage_taken":0.0,"relics_obtained":["Singing Bowl"],"cards_obtained":["Regret"]},{"damage_healed":0.0,"max_hp_gain":0.0,"max_hp_loss":0.0,"gold_gain":0.0,"event_name":"Dead Adventurer","player_choice":"Searched \u00272\u0027 times","floor":7.0,"gold_loss":0.0,"damage_taken":0.0,"relics_obtained":["Matryoshka"]},{"damage_healed":0.0,"max_hp_gain":0.0,"max_hp_loss":0.0,"gold_gain":0.0,"event_name":"Ghosts","player_choice":"Ignored","floor":20.0,"gold_loss":0.0,"damage_taken":0.0},{"damage_healed":0.0,"max_hp_gain":0.0,"max_hp_loss":0.0,"gold_gain":0.0,"event_name":"Vampires","player_choice":"Ignored","floor":22.0,"gold_loss":0.0,"damage_taken":0.0},{"damage_healed":0.0,"max_hp_gain":0.0,"max_hp_loss":0.0,"gold_gain":50.0,"event_name":"Nest","player_choice":"Stole From Cult","floor":31.0,"gold_loss":0.0,"damage_taken":0.0},{"cards_removed":["Infinite Blades"],"damage_healed":0.0,"max_hp_gain":0.0,"max_hp_loss":0.0,"gold_gain":0.0,"event_name":"Falling","player_choice":"Removed Power","floor":37.0,"gold_loss":0.0,"damage_taken":0.0}],"is_beta":false,"boss_relics":[{"not_picked":["Snecko Eye","Busted Crown"],"picked":"Runic Dome"},{"not_picked":["Orrery","Coffee Dripper"],"picked":"Black Star"}],"items_purged_floors":[5,19,27,36,54],"is_endless":false,"potions_floor_spawned":[1,4,10,16,21,23,25,38,39,46,48],"ascension_level":20}