{"gold_per_floor":[115,115,190,202,134,134,146,146,193,193,193,206,281,294,294,391,391,410,335,55,67,167,167,194,194,194,219,239,239,64,81,81,182,182,194,72,172,192,192,192,521,521,521,546,546,575,599,633,633,633,633,633,44,70,70],"floor_reached":55,"playtime":5229,"items_purged":[],"score":1372,"play_id":"01e48ee2-72ea-417b-a6c3-eb677b8693d8","local_time":"20181227034138","is_ascension_mode":true,"campfire_choices":[{"data":"Defragment","floor":6.0,"key":"SMITH"},{"floor":8.0,"key":"REST"},{"data":"Fusion","floor":10.0,"key":"SMITH"},{"data":"Dualcast","floor":15.0,"key":"SMITH"},{"floor":23.0,"key":"REST"},{"floor":25.0,"key":"REST"},{"floor":32.0,"key":"REST"},{"data":"Redo","floor":40.0,"key":"SMITH"},{"data":"Loop","floor":42.0,"key":"SMITH"},{"floor":45.0,"key":"RECALL"},{"floor":49.0,"key":"REST"},{"floor":52.0,"key":"REST"}],"neow_cost":"NONE","seed_source_timestamp":0,"circlet_count":0,"master_deck":["Strike_B","Strike_B","Defend_B+1","Defend_B+1","Zap+1","Dualcast+1","Fusion+1","Steam","Defragment+1","BootSequence","Leap","Coolheaded","Electrodynamics","Doom and Gloom+1","Genetic Algorithm","Turbo","All For One","Glacier+1","Redo+1","Streamline","Defragment","Cold Snap","Aggregate","Ball Lightning","Steam+1","Biased Cognition","Loop+1","Capacitor","Rebound","Force Field+1","Redo+1","Writhe","Doom and Gloom+1","Undo","Redo+1","Rebound+1","Thunder Strike","Capacitor","Defragment","Leap+1"],"special_seed":0,"relics":["FrozenCore","Dream Catcher","Shuriken","Cables","FossilizedHelix","Meat on the Bone","Pen Nib","Bottled Tornado","Nunchaku","DataDisk","Sozu","Ice Cream","Old Coin","Ancient Tea Set","Kunai","Lantern","Centennial Puzzle","Bottled Lightning","Ornamental Fan","Anchor"],"potions_floor_usage":[],"damage_taken":[{"damage":0.0,"enemies":"2 Louse","floor":1.0,"turns":2.0},{"damage":0.0,"enemies":"Jaw Worm","floor":4.0,"turns":3.0},{"damage":6.0,"enemies":"Cultist","floor":7.0,"turns":3.0},{"damage":4.0,"enemies":"Exordium Thugs","floor":12.0,"turns":5.0},{"damage":0.0,"enemies":"Large Slime","floor":14.0,"turns":5.0},{"damage":53.0,"enemies":"Slime Boss","floor":16.0,"turns":19.0},{"damage":6.0,"enemies":"2 Thieves","floor":18.0,"turns":5.0},{"damage":9.0,"enemies":"Chosen","floor":21.0,"turns":6.0},{"damage":11.0,"enemies":"Colosseum Slavers","floor":22.0,"turns":5.0},{"damage":17.0,"enemies":"Colosseum Nobs","floor":22.0,"turns":3.0},{"damage":14.0,"enemies":"Book of Stabbing","floor":24.0,"turns":10.0},{"damage":54.0,"enemies":"Gremlin Leader","floor":27.0,"turns":12.0},{"damage":2.0,"enemies":"Snake Plant","floor":28.0,"turns":6.0},{"damage":12.0,"enemies":"Centurion and Healer","floor":31.0,"turns":3.0},{"damage":0.0,"enemies":"Champ","floor":33.0,"turns":15.0},{"damage":0.0,"enemies":"3 Darklings","floor":35.0,"turns":4.0},{"damage":14.0,"enemies":"Mind Bloom Boss Battle","floor":37.0,"turns":8.0},{"damage":0.0,"enemies":"Orb Walker","floor":38.0,"turns":3.0},{"damage":14.0,"enemies":"Reptomancer","floor":41.0,"turns":6.0},{"damage":0.0,"enemies":"Giant Head","floor":44.0,"turns":7.0},{"damage":0.0,"enemies":"Reptomancer","floor":46.0,"turns":5.0},{"damage":43.0,"enemies":"Giant Head","floor":48.0,"turns":10.0},{"damage":55.0,"enemies":"Donu and Deca","floor":50.0,"turns":7.0},{"damage":55.0,"enemies":"Shield and Spear","floor":54.0,"turns":8.0},{"damage":63,"enemies":"The Heart","floor":55,"turns":3}],"seed_played":"4976405512286916991","potions_obtained":[{"floor":14.0,"key":"FairyPotion"},{"floor":16.0,"key":"Weak Potion"},{"floor":18.0,"key":"FocusPotion"},{"floor":27.0,"key":"Regen Potion"},{"floor":28.0,"key":"EntropicBrew"},{"floor":33.0,"key":"EntropicBrew"}],"is_trial":false,"path_per_floor":["M","?","?","M","$","R","M","R","T","R","?","M","T","M","R","M","?","$","M","?","R","E","R","T","E","M","?","M","R","B",null,"M","$","?","M","?","R","E","R","T","E","R","E","T","R","B",null,"R","$","E"],"character_chosen":"DEFECT","items_purchased":["Defragment","Genetic Algorithm","Cables","Ball Lightning","DataDisk","Capacitor","Rebound","Bottled Lightning","Ornamental Fan","Defragment"],"campfire_rested":6,"item_purchase_floors":[5,20,20,30,30,36,36,53,53,53],"current_hp_per_floor":[68,53,42,42,42,42,36,58,58,58,58,54,54,54,54,1,57,51,51,51,42,14,36,34,56,56,14,39,39,39,39,61,61,72,72,72,58,58,75,75,61,61,61,61,61,61,61,30,52,19,61,75,75,32,0],"gold":70,"neow_bonus":"UPGRADE_CARD","is_prod":false,"is_daily":false,"chose_seed":false,"campfire_upgraded":5,"win_rate":0,"timestamp":1545878498,"path_taken":["M","?","?","M","?","R","M","R","T","R","?","?","?","M","R","BOSS","M","?","$","M","?","R","E","R","T","E","M","?","?","M","R","BOSS","M","$","?","M","?","R","E","R","T","E","R","E","?","E","R","BOSS","R","$","E","BOSS"],"build_version":"2018-12-25","purchased_purges":0,"victory":false,"max_hp_per_floor":[75,75,75,75,75,75,75,75,75,75,75,75,75,75,75,75,75,75,75,75,75,75,75,75,75,75,75,75,75,75,75,75,75,75,75,75,75,75,75,75,75,75,75,75,75,75,75,75,75,75,75,75,75,75,75],"card_choices":[{"not_picked":["Beam Cell","Cold Snap"],"picked":"Fusion","floor":1.0},{"not_picked":["Skim","Barrage"],"picked":"Steam","floor":4.0},{"not_picked":["Streamline","Leap"],"picked":"BootSequence","floor":7.0},{"not_picked":["Stack","Heatsinks"],"picked":"Leap","floor":12.0},{"not_picked":["Capacitor","Redo"],"picked":"Coolheaded","floor":14.0},{"not_picked":["Seek","Amplify"],"picked":"Electrodynamics","floor":16.0},{"not_picked":["Streamline","Beam Cell"],"picked":"Doom and Gloom+1","floor":18.0},{"not_picked":["Steam","Beam Cell"],"picked":"Turbo","floor":21.0},{"not_picked":["Turbo","White Noise+1"],"picked":"All For One","floor":22.0},{"not_picked":["Barrage","Go for the Eyes+1"],"picked":"Glacier+1","floor":23.0},{"not_picked":["Hello World","Beam Cell","Coolheaded"],"picked":"SKIP","floor":24.0},{"not_picked":["Streamline","Lockon+1"],"picked":"Redo","floor":25.0},{"not_picked":["Steam","Aggregate"],"picked":"Streamline","floor":27.0},{"not_picked":["Gash","Barrage"],"picked":"Defragment","floor":28.0},{"not_picked":["Steam","Hyperbeam","Hello World"],"picked":"SKIP","floor":31.0},{"not_picked":["Barrage","Beam Cell"],"picked":"Steam+1","floor":32.0},{"not_picked":["Amplify","Meteor Strike"],"picked":"Biased Cognition","floor":33.0},{"not_picked":["Coolheaded+1","BootSequence"],"picked":"Loop","floor":35.0},{"not_picked":["Self Repair+1","Skim+1"],"picked":"Force Field+1","floor":37.0},{"not_picked":["Barrage+1","Stack+1"],"picked":"Redo+1","floor":38.0},{"not_picked":["Cold Snap+1","Redo"],"picked":"Doom and Gloom+1","floor":41.0},{"not_picked":["Coolheaded","Self Repair"],"picked":"Undo","floor":44.0},{"not_picked":["BootSequence+1","Steam Power+1"],"picked":"Redo+1","floor":46.0},{"not_picked":["Conserve Battery","Double Energy"],"picked":"Rebound+1","floor":48.0},{"not_picked":["Beam Cell","Rebound+1"],"picked":"Thunder Strike","floor":49.0},{"not_picked":["Cold Snap","Steam"],"picked":"Capacitor","floor":52.0},{"not_picked":["Scrape","Rebound+1"],"picked":"Leap+1","floor":54.0}],"player_experience":301507,"relics_obtained":[{"floor":9.0,"key":"Dream Catcher"},{"floor":13.0,"key":"Shuriken"},{"floor":22.0,"key":"FossilizedHelix"},{"floor":22.0,"key":"Meat on the Bone"},{"floor":24.0,"key":"Pen Nib"},{"floor":26.0,"key":"Bottled Tornado"},{"floor":27.0,"key":"Nunchaku"},{"floor":37.0,"key":"Ice Cream"},{"floor":41.0,"key":"Old Coin"},{"floor":44.0,"key":"Ancient Tea Set"},{"floor":46.0,"key":"Kunai"},{"floor":47.0,"key":"Lantern"},{"floor":48.0,"key":"Centennial Puzzle"},{"floor":54.0,"key":"Anchor"}],"event_choices":[{"damage_healed":0.0,"max_hp_gain":0.0,"max_hp_loss":0.0,"gold_gain":0.0,"event_name":"Shining Light","player_choice":"Entered Light","floor":2.0,"gold_loss":0.0,"damage_taken":15.0,"cards_upgraded":["Defend_B","Defend_B"]},{"damage_healed":0.0,"max_hp_gain":0.0,"max_hp_loss":0.0,"gold_gain":75.0,"event_name":"World of Goop","player_choice":"Gather Gold","floor":3.0,"gold_loss":0.0,"damage_taken":11.0},{"cards_removed":["Strike_B"],"damage_healed":0.0,"max_hp_gain":0.0,"max_hp_loss":0.0,"gold_gain":0.0,"event_name":"Bonfire Elementals","player_choice":"Offered Basic","floor":11.0,"gold_loss":0.0,"damage_taken":0.0},{"cards_removed":["Strike_B"],"damage_healed":0.0,"max_hp_gain":0.0,"max_hp_loss":0.0,"gold_gain":0.0,"event_name":"Beggar","player_choice":"Gave Gold","floor":19.0,"gold_loss":75.0,"damage_taken":0.0},{"damage_healed":0.0,"max_hp_gain":0.0,"max_hp_loss":0.0,"gold_gain":0.0,"event_name":"Colosseum","player_choice":"Fight","floor":22.0,"gold_loss":0.0,"damage_taken":0.0},{"damage_healed":0.0,"max_hp_gain":0.0,"max_hp_loss":0.0,"gold_gain":0.0,"event_name":"Colosseum","player_choice":"Fought Nobs","floor":22.0,"gold_loss":0.0,"damage_taken":0.0},{"damage_healed":0.0,"max_hp_gain":0.0,"max_hp_loss":0.0,"gold_gain":0.0,"cards_transformed":["Defend_B","Defend_B"],"event_name":"Drug Dealer","player_choice":"Became Test Subject","floor":29.0,"gold_loss":0.0,"damage_taken":0.0,"cards_obtained":["Cold Snap","Aggregate"]},{"damage_healed":0.0,"max_hp_gain":0.0,"max_hp_loss":0.0,"gold_gain":0.0,"event_name":"MindBloom","player_choice":"Fight","floor":37.0,"gold_loss":0.0,"damage_taken":0.0},{"damage_healed":19.0,"max_hp_gain":0.0,"max_hp_loss":0.0,"gold_gain":0.0,"event_name":"Winding Halls","player_choice":"Writhe","floor":39.0,"gold_loss":0.0,"damage_taken":0.0,"cards_obtained":["Writhe"]}],"is_beta":true,"boss_relics":[{"not_picked":["Runic Pyramid","Empty Cage"],"picked":"FrozenCore"},{"not_picked":["Calling Bell","Pandora\u0027s Box"],"picked":"Sozu"}],"items_purged_floors":[],"is_endless":false,"potions_floor_spawned":[14,16,18,22,27,28,33,38,41,44,48],"killed_by":"The Heart","ascension_level":9}