{"gold_per_floor":[119,119,137,148,166,191,191,217,217,217,46,46,46,63,63,168,168,181,170,20,52,52],"floor_reached":22,"playtime":730,"items_purged":["Strike_R","Regret"],"score":255,"play_id":"be5e6371-4284-47c6-afbf-02e3f0b1c639","local_time":"25611105155837","is_ascension_mode":true,"campfire_choices":[{"floor":7,"key":"REST"},{"data":"Clash","floor":10,"key":"SMITH"},{"floor":15,"key":"REST"}],"neow_cost":"NONE","seed_source_timestamp":4540150957283,"circlet_count":0,"master_deck":["Strike_R","Strike_R","Strike_R","Strike_R","Defend_R","Defend_R","Defend_R","Defend_R","Bash","Thunderclap","Sever Soul","Clash+1","True Grit","Body Slam","Metallicize","Juggernaut","Shockwave","Shrug It Off+1"],"relics":["Burning Blood","Bag of Preparation","Bronze Scales","Calipers","Kunai","Black Star","Red Mask"],"potions_floor_usage":[5,8,12,18,21],"damage_taken":[{"damage":10,"enemies":"Cultist","floor":1,"turns":5},{"damage":5,"enemies":"2 Louse","floor":3,"turns":2},{"damage":0,"enemies":"Small Slimes","floor":4,"turns":2},{"damage":13,"enemies":"Blue Slaver","floor":5,"turns":4},{"damage":45,"enemies":"3 Sentries","floor":6,"turns":9},{"damage":19,"enemies":"Gremlin Nob","floor":8,"turns":3},{"damage":0,"enemies":"Lots of Slimes","floor":12,"turns":1},{"damage":34,"enemies":"Exordium Thugs","floor":14,"turns":7},{"damage":41,"enemies":"Slime Boss","floor":16,"turns":10},{"damage":11,"enemies":"3 Byrds","floor":18,"turns":4},{"damage":18,"enemies":"2 Thieves","floor":19,"turns":4},{"damage":36,"enemies":"Masked Bandits","floor":21,"turns":4},{"damage":28,"enemies":"3 Cultists","floor":22,"turns":4}],"seed_played":"-5141626511284417916","potions_obtained":[{"floor":3,"key":"Poison Potion"},{"floor":5,"key":"SmokeBomb"},{"floor":6,"key":"AttackPotion"},{"floor":16,"key":"Strength Potion"}],"is_trial":false,"path_per_floor":["M","?","M","M","M","E","R","E","T","R","$","M","?","M","R","B",null,"M","M","$","?","M"],"character_chosen":"IRONCLAD","items_purchased":["True Grit","Body Slam","AttackPotion"],"campfire_rested":2,"item_purchase_floors":[11,11,20],"current_hp_per_floor":[76,76,77,83,76,37,63,50,50,50,50,56,56,28,54,19,71,66,54,54,24,0],"gold":52,"neow_bonus":"TEN_PERCENT_HP_BONUS","is_prod":false,"is_daily":false,"chose_seed":false,"campfire_upgraded":1,"win_rate":0,"timestamp":1541408317,"path_taken":["M","?","M","M","M","E","R","E","T","R","$","M","?","M","R","BOSS","M","M","$","?","M"],"build_version":"2018-11-01","purchased_purges":2,"victory":false,"max_hp_per_floor":[88,88,88,88,88,88,88,88,88,88,88,88,88,88,88,88,88,88,88,88,88,88],"card_choices":[{"not_picked":["Blood for Blood","Corruption"],"picked":"Thunderclap","floor":1},{"not_picked":["Pommel Strike","Clothesline"],"picked":"Sever Soul","floor":3},{"not_picked":["Flex","Iron Wave","Infernal Blade"],"picked":"SKIP","floor":4},{"not_picked":["Flex","Battle Trance","Clothesline"],"picked":"SKIP","floor":5},{"not_picked":["Perfected Strike","Flex"],"picked":"Clash","floor":6},{"not_picked":["Pommel Strike","Havoc","Thunderclap"],"picked":"SKIP","floor":8},{"not_picked":["Dark Embrace","Thunderclap"],"picked":"Metallicize","floor":14},{"not_picked":["Demon Form","Limit Break"],"picked":"Juggernaut","floor":16},{"not_picked":["Perfected Strike","Second Wind"],"picked":"Shockwave","floor":18},{"not_picked":["Thunderclap","Warcry"],"picked":"Shrug It Off+1","floor":19}],"player_experience":61623,"relics_obtained":[{"floor":6,"key":"Bronze Scales"},{"floor":8,"key":"Calipers"},{"floor":9,"key":"Kunai"},{"floor":21,"key":"Red Mask"}],"event_choices":[{"damage_healed":0,"gold_gain":0,"player_choice":"Box","damage_taken":0,"relics_obtained":["Bag of Preparation"],"max_hp_gain":0,"max_hp_loss":0,"event_name":"Big Fish","floor":2,"gold_loss":0,"cards_obtained":["Regret"]},{"damage_healed":0,"gold_gain":0,"player_choice":"Leave","damage_taken":0,"max_hp_gain":0,"max_hp_loss":0,"event_name":"The Cleric","floor":13,"gold_loss":0},{"damage_healed":0,"gold_gain":0,"player_choice":"Fought Bandits","damage_taken":0,"max_hp_gain":0,"max_hp_loss":0,"event_name":"Masked Bandits","floor":21,"gold_loss":0}],"is_beta":false,"boss_relics":[{"not_picked":["Eternal Feather","Runic Dome"],"picked":"Black Star"}],"items_purged_floors":[11,20],"is_endless":false,"potions_floor_spawned":[3,5,6,16],"killed_by":"3 Cultists","ascension_level":6}