{"gold_per_floor":[14,33,43,43,62,62,81,106,184,197,197,80,109,29,29,108,108,127,141,66,336,350,350,367,367,367,395,267,281,281,281,281,358,358,368,368,47,65,65,65,91,102,149,160,194,206,206,206,206,206,206],"floor_reached":51,"playtime":3358,"items_purged":["Reckless Charge","Strike_R+1"],"score":1474,"play_id":"27ec9176-27da-4408-bb0a-f812289a8fa7","local_time":"20190407170956","is_ascension_mode":true,"campfire_choices":[{"data":"Fiend Fire","floor":6,"key":"SMITH"},{"floor":11,"key":"REST"},{"data":"Bash","floor":15,"key":"SMITH"},{"data":"Shrug It Off","floor":23,"key":"SMITH"},{"data":"Wild Strike","floor":30,"key":"SMITH"},{"floor":32,"key":"REST"},{"data":"Immolate","floor":40,"key":"SMITH"},{"floor":47,"key":"RECALL"},{"floor":49,"key":"REST"}],"neow_cost":"NO_GOLD","seed_source_timestamp":1590821376233200,"circlet_count":0,"master_deck":["AscendersBane","Strike_R+1","Strike_R+1","Strike_R+1","Defend_R+1","Defend_R+1","Defend_R+1","Defend_R+1","Bash+1","Fiend Fire+1","Wild Strike+1","Shockwave","Corruption","Evolve","Impervious","Shrug It Off+1","Shrug It Off","Offering","J.A.X.","Immolate+1","Burning Pact","Corruption"],"relics":["Burning Blood","Bottled Flame","Matryoshka","Unceasing Top","Anchor","Snecko Eye","Bag of Preparation","Strawberry","Orichalcum","Busted Crown","Bag of Marbles","Pen Nib","Omamori","Du-Vu Doll"],"potions_floor_usage":[3,13,16,16,33,33,45,46],"damage_taken":[{"damage":9,"enemies":"Jaw Worm","floor":1,"turns":3},{"damage":2,"enemies":"Cultist","floor":2,"turns":4},{"damage":0,"enemies":"2 Louse","floor":3,"turns":1},{"damage":25,"enemies":"Exordium Thugs","floor":5,"turns":5},{"damage":8,"enemies":"Blue Slaver","floor":7,"turns":2},{"damage":50,"enemies":"3 Sentries","floor":8,"turns":11},{"damage":4,"enemies":"Large Slime","floor":10,"turns":5},{"damage":0,"enemies":"Gremlin Nob","floor":13,"turns":2},{"damage":35,"enemies":"Hexaghost","floor":16,"turns":8},{"damage":0,"enemies":"Spheric Guardian","floor":18,"turns":1},{"damage":0,"enemies":"Chosen","floor":19,"turns":2},{"damage":9,"enemies":"Snake Plant","floor":22,"turns":3},{"damage":8,"enemies":"Snecko","floor":24,"turns":3},{"damage":15,"enemies":"Slavers","floor":27,"turns":6},{"damage":0,"enemies":"Centurion and Healer","floor":29,"turns":3},{"damage":17,"enemies":"Champ","floor":33,"turns":7},{"damage":3,"enemies":"3 Shapes","floor":35,"turns":4},{"damage":0,"enemies":"Orb Walker","floor":38,"turns":1},{"damage":9,"enemies":"Reptomancer","floor":41,"turns":2},{"damage":9,"enemies":"Spire Growth","floor":42,"turns":3},{"damage":9,"enemies":"3 Darklings","floor":44,"turns":3},{"damage":11,"enemies":"Giant Head","floor":45,"turns":5},{"damage":12,"enemies":"Jaw Worm Horde","floor":46,"turns":3},{"damage":47,"enemies":"Donu and Deca","floor":50,"turns":6},{"damage":50,"enemies":"Awakened One","floor":51,"turns":4}],"seed_played":"4864782851307617115","potions_obtained":[{"floor":2,"key":"Explosive Potion"},{"floor":8,"key":"Weak Potion"},{"floor":10,"key":"FearPotion"},{"floor":13,"key":"SpeedPotion"},{"floor":16,"key":"Explosive Potion"},{"floor":27,"key":"Swift Potion"},{"floor":33,"key":"AttackPotion"}],"is_trial":false,"path_per_floor":["M","M","M","?","M","R","M","E","T","M","R","?","E","$","R","B",null,"M","M","?","?","M","R","M","?","T","E","$","M","R","?","R","B",null,"M","?","$","M","?","R","E","M","T","M","E","M","R","?","R","B","B"],"character_chosen":"IRONCLAD","items_purchased":["Evolve","SteroidPotion","Bag of Marbles","Explosive Potion"],"campfire_rested":3,"item_purchase_floors":[14,28,37,37],"current_hp_per_floor":[65,69,75,75,56,56,54,10,10,12,34,34,40,40,40,11,59,65,71,71,43,40,40,38,38,45,36,36,42,42,42,66,55,75,78,78,78,82,82,82,79,76,76,73,68,62,62,62,82,41,0],"gold":206,"neow_bonus":"THREE_RARE_CARDS","is_prod":false,"is_daily":false,"chose_seed":false,"campfire_upgraded":5,"win_rate":0,"timestamp":1554653396,"path_taken":["M","M","M","?","?","R","M","E","T","M","R","?","E","$","R","BOSS","M","M","?","?","?","R","M","?","T","E","$","M","R","?","R","BOSS","M","?","$","M","?","R","E","M","T","M","E","?","R","?","R","BOSS","BOSS"],"build_version":"2019-01-23","purchased_purges":2,"victory":false,"max_hp_per_floor":[75,75,75,75,75,75,75,75,75,75,75,75,75,75,75,75,75,75,75,75,75,75,75,75,75,82,82,82,82,82,82,82,82,82,82,82,82,82,82,82,82,82,82,82,82,82,82,82,82,82,82],"card_choices":[{"not_picked":["Exhume","Brutality"],"picked":"Fiend Fire","floor":0},{"not_picked":["True Grit","Thunderclap"],"picked":"Wild Strike","floor":1},{"not_picked":["Metallicize","Clothesline"],"picked":"Shockwave","floor":2},{"not_picked":["Hemokinesis","Dual Wield","Cleave"],"picked":"SKIP","floor":3},{"not_picked":["Havoc","Clash","Armaments"],"picked":"SKIP","floor":5},{"not_picked":["Metallicize","Thunderclap"],"picked":"Reckless Charge","floor":7},{"not_picked":["Flex","Hemokinesis"],"picked":"Corruption","floor":8},{"not_picked":["Anger","Heavy Blade"],"picked":"Cleave","floor":10},{"not_picked":["Thunderclap","Second Wind"],"picked":"Headbutt","floor":13},{"not_picked":["Barricade","Limit Break"],"picked":"Impervious","floor":16},{"not_picked":["Clash","Headbutt"],"picked":"Shrug It Off","floor":18},{"not_picked":["Whirlwind","Iron Wave","Flex"],"picked":"SKIP","floor":19},{"not_picked":["Seeing Red","Pummel","Clothesline"],"picked":"SKIP","floor":22},{"not_picked":["Clash","Flex"],"picked":"Shrug It Off","floor":24},{"not_picked":["Ghostly Armor","Clash"],"picked":"Offering","floor":27},{"not_picked":["Pommel Strike","Anger","Wild Strike"],"picked":"SKIP","floor":29},{"not_picked":["Juggernaut","Impervious"],"picked":"Immolate","floor":33},{"not_picked":["Headbutt"],"picked":"SKIP","floor":35},{"not_picked":["Body Slam"],"picked":"SKIP","floor":38},{"not_picked":["Seeing Red"],"picked":"SKIP","floor":41},{"not_picked":["Body Slam"],"picked":"SKIP","floor":42},{"not_picked":[],"picked":"Corruption","floor":44},{"not_picked":["Carnage"],"picked":"SKIP","floor":45},{"not_picked":["Bloodletting"],"picked":"SKIP","floor":46}],"player_experience":2581970,"relics_obtained":[{"floor":8,"key":"Bottled Flame"},{"floor":9,"key":"Matryoshka"},{"floor":13,"key":"Anchor"},{"floor":26,"key":"Bag of Preparation"},{"floor":26,"key":"Strawberry"},{"floor":27,"key":"Orichalcum"},{"floor":41,"key":"Pen Nib"},{"floor":43,"key":"Omamori"},{"floor":45,"key":"Du-Vu Doll"}],"event_choices":[{"damage_healed":0,"gold_gain":0,"player_choice":"0 cards matched","damage_taken":0,"max_hp_gain":0,"max_hp_loss":0,"event_name":"Match and Keep!","floor":4,"gold_loss":0,"cards_obtained":[]},{"damage_healed":0,"gold_gain":0,"player_choice":"Paid Gold","damage_taken":0,"relics_obtained":["Unceasing Top"],"max_hp_gain":0,"max_hp_loss":0,"event_name":"WeMeetAgain","floor":12,"gold_loss":117},{"cards_removed":["Strike_R"],"damage_healed":0,"gold_gain":0,"player_choice":"Gave Gold","damage_taken":0,"max_hp_gain":0,"max_hp_loss":0,"event_name":"Beggar","floor":20,"gold_loss":75},{"damage_healed":0,"gold_gain":270,"player_choice":"GOLD GOLD GOLD ","damage_taken":28,"max_hp_gain":0,"max_hp_loss":0,"event_name":"Knowing Skull","floor":21,"potions_obtained":[],"gold_loss":0,"cards_obtained":[]},{"damage_healed":0,"gold_gain":0,"player_choice":"Simplicity","damage_taken":0,"max_hp_gain":0,"max_hp_loss":0,"event_name":"Back to Basics","floor":25,"gold_loss":0,"cards_upgraded":["Strike_R","Strike_R","Strike_R","Strike_R","Defend_R","Defend_R","Defend_R","Defend_R"]},{"damage_healed":0,"gold_gain":0,"player_choice":"Obtain J.A.X.","damage_taken":0,"max_hp_gain":0,"max_hp_loss":0,"event_name":"Drug Dealer","floor":31,"gold_loss":0,"cards_obtained":["J.A.X."]},{"cards_removed":["Headbutt"],"damage_healed":0,"gold_gain":0,"player_choice":"Removed Attack","damage_taken":0,"max_hp_gain":0,"max_hp_loss":0,"event_name":"Falling","floor":36,"gold_loss":0},{"damage_healed":0,"gold_gain":0,"cards_transformed":["Cleave"],"player_choice":"Transformed","damage_taken":0,"max_hp_gain":0,"max_hp_loss":0,"event_name":"Transmorgrifier","floor":39,"gold_loss":0,"cards_obtained":["Burning Pact"]},{"damage_healed":0,"gold_gain":0,"player_choice":"Ignored","damage_taken":0,"max_hp_gain":0,"max_hp_loss":0,"event_name":"Tomb of Lord Red Mask","floor":48,"gold_loss":0}],"is_beta":false,"boss_relics":[{"not_picked":["Astrolabe","Black Blood"],"picked":"Snecko Eye"},{"not_picked":["Orrery","Lizard Tail"],"picked":"Busted Crown"}],"items_purged_floors":[28,37],"is_endless":false,"potions_floor_spawned":[2,8,10,13,16,27,29,33,38,42],"killed_by":"Awakened One","ascension_level":20}