{"gold_per_floor":[118,368,318,337,337,363,363,363,387,417,417,65,108,122,122,251,251,276,19,37,37,37,72,86,86,86,99,99,142,67,67,67,187,187,212,462,486,505,0,0],"floor_reached":40,"playtime":1620,"items_purged":["Injury","Regret"],"score":505,"play_id":"fdcd35d2-e105-4bd2-9710-c0d238fdb10a","local_time":"25610723021805","is_ascension_mode":false,"campfire_choices":[{"floor":8,"key":"REST"},{"data":"Leg Sweep","floor":11,"key":"SMITH"},{"data":"Neutralize","floor":15,"key":"SMITH"},{"floor":25,"key":"REST"},{"data":"Die Die Die","floor":28,"key":"SMITH"},{"floor":32,"key":"REST"}],"neow_cost":"","seed_source_timestamp":58298377108156,"circlet_count":0,"master_deck":["Defend_G","Defend_G","Defend_G","Defend_G","Strike_G","Strike_G","Strike_G","Strike_G","Strike_G","Survivor","Neutralize+1","Crippling Poison","Dagger Spray","Leg Sweep+1","Blur","Die Die Die+1","Blur+1","Outmaneuver+1","Burst","Dagger Spray+1","Dodge and Roll+1"],"relics":["Ring of the Snake","Thread and Needle","Golden Idol","Pen Nib","Medical Kit","Shuriken","Sozu","Bottled Flame","Tough Bandages","Bag of Marbles","Darkstone Periapt","Singing Bowl","WristBlade","Pear","Happy Flower"],"potions_floor_usage":[6,13,13,16],"damage_taken":[{"damage":8,"enemies":"2 Louse","floor":1,"turns":3},{"damage":1,"enemies":"Cultist","floor":4,"turns":5},{"damage":21,"enemies":"3 Sentries","floor":6,"turns":10},{"damage":10,"enemies":"Gremlin Nob","floor":13,"turns":4},{"damage":0,"enemies":"Small Slimes","floor":14,"turns":4},{"damage":23,"enemies":"Hexaghost","floor":16,"turns":13},{"damage":7,"enemies":"Spheric Guardian","floor":18,"turns":6},{"damage":0,"enemies":"3 Byrds","floor":20,"turns":3},{"damage":26,"enemies":"Slavers","floor":23,"turns":7},{"damage":8,"enemies":"Centurion and Healer","floor":24,"turns":20},{"damage":0,"enemies":"Snecko","floor":27,"turns":6},{"damage":0,"enemies":"Gremlin Leader","floor":29,"turns":7},{"damage":24,"enemies":"Automaton","floor":33,"turns":15},{"damage":3,"enemies":"Flame Bruiser 1 Orb","floor":35,"turns":6},{"damage":0,"enemies":"3 Shapes","floor":37,"turns":5},{"damage":61,"enemies":"Maw","floor":38,"turns":14},{"damage":23,"enemies":"Nemesis","floor":40,"turns":10}],"seed_played":"23438313890512044","potions_obtained":[{"floor":1,"key":"Block Potion"},{"floor":4,"key":"FearPotion"},{"floor":13,"key":"Weak Potion"}],"is_trial":false,"path_per_floor":["M","?","?","M","?","E","?","R","T","?","R","$","E","M","R","B",null,"M","$","M","?","?","E","M","R","T","M","R","E","?","?","R","B",null,"M","?","M","M","$"],"character_chosen":"THE_SILENT","items_purchased":["Medical Kit","EssenceOfSteel","Bottled Flame","Pear","Happy Flower"],"campfire_rested":3,"item_purchase_floors":[12,12,19,39,39],"current_hp_per_floor":[62,62,62,61,54,33,33,54,54,54,54,54,44,44,44,21,70,63,63,63,63,63,37,29,50,50,50,50,52,52,36,57,35,74,71,77,79,20,30,7],"gold":0,"neow_bonus":"","is_prod":false,"is_daily":false,"chose_seed":false,"campfire_upgraded":3,"win_rate":0,"timestamp":1532287085,"path_taken":["M","?","?","?","?","E","?","R","T","?","R","$","E","M","R","BOSS","M","$","M","?","?","E","M","R","T","M","R","E","?","?","R","BOSS","M","?","M","M","$","E"],"build_version":"2018-07-19v2","purchased_purges":2,"victory":false,"max_hp_per_floor":[70,70,70,70,70,70,70,70,70,70,70,70,70,70,70,70,70,70,70,70,70,70,70,70,70,70,70,70,72,72,72,72,74,74,74,80,82,84,94,94],"card_choices":[{"not_picked":["Endless Agony","Underhanded Strike"],"picked":"Crippling Poison","floor":1},{"not_picked":["Prepared","Crippling Poison"],"picked":"Dagger Spray","floor":4},{"not_picked":["Bane","Footwork"],"picked":"Leg Sweep","floor":6},{"not_picked":["Sucker Punch","Predator"],"picked":"Blur","floor":13},{"not_picked":["Finisher","Slice","Sucker Punch"],"picked":"SKIP","floor":14},{"not_picked":["Adrenaline","Venomology"],"picked":"Die Die Die","floor":16},{"not_picked":["Infinite Blades","Outmaneuver"],"picked":"Blur+1","floor":18},{"not_picked":["Prepared","Choke"],"picked":"Outmaneuver+1","floor":20},{"not_picked":["Expertise+1","Dodge and Roll"],"picked":"Burst","floor":23},{"not_picked":["Masterful Stab+1","Prepared+1"],"picked":"Dagger Spray+1","floor":24},{"not_picked":["Backflip","Deadly Poison","Acrobatics"],"picked":"SKIP","floor":27},{"not_picked":["Deflect","Infinite Blades","Flying Knee+1"],"picked":"Singing Bowl","floor":29},{"not_picked":["Venomology","Doppelganger","Envenom"],"picked":"Singing Bowl","floor":33},{"not_picked":["Poisoned Stab","Slice+1"],"picked":"Dodge and Roll+1","floor":35},{"not_picked":["Deadly Poison","Noxious Fumes+1","Dagger Spray"],"picked":"Singing Bowl","floor":37},{"not_picked":["Expertise","All Out Attack","Heel Hook"],"picked":"Singing Bowl","floor":38}],"player_experience":121458,"relics_obtained":[{"floor":6,"key":"Thread and Needle"},{"floor":9,"key":"Pen Nib"},{"floor":13,"key":"Shuriken"},{"floor":23,"key":"Bag of Marbles"},{"floor":26,"key":"Darkstone Periapt"},{"floor":29,"key":"Singing Bowl"}],"event_choices":[{"event_name":"Golden Shrine","player_choice":"Desecrate","floor":2,"damage_taken":0},{"event_name":"The Cleric","player_choice":"Card Removal","floor":3,"damage_taken":0},{"event_name":"Golden Wing","player_choice":"Card Removal","floor":5,"damage_taken":0},{"event_name":"Golden Idol","player_choice":"Take Wound","floor":7,"damage_taken":0},{"event_name":"Dead Adventurer","player_choice":"Searched \u00271\u0027 times","floor":10,"damage_taken":0},{"event_name":"Drug Dealer","player_choice":"Ignored","floor":21,"damage_taken":0},{"event_name":"The Mausoleum","player_choice":"Yes","floor":22,"damage_taken":0},{"event_name":"Beggar","player_choice":"Gave Gold","floor":30,"damage_taken":0},{"event_name":"Cursed Tome","player_choice":"Obtained Book","floor":31,"damage_taken":0},{"event_name":"Golden Shrine","player_choice":"Desecrate","floor":36,"damage_taken":0}],"is_beta":false,"boss_relics":[{"not_picked":["Orrery","White Beast Statue"],"picked":"Sozu"},{"not_picked":["Coffee Dripper","Velvet Choker"],"picked":"WristBlade"}],"items_purged_floors":[12,39],"is_endless":false,"potions_floor_spawned":[1,4,13,18,27,29,33],"killed_by":"Nemesis","ascension_level":0}