{"gold_per_floor":[118,118,118,118,128,203,235,235,317,376,399,399,399,413,413,508,508,519,519,492,510,510],"floor_reached":22,"playtime":1675,"items_purged":[],"score":228,"play_id":"1b2b2a81-91ab-4df0-adb2-e059ac2b467a","local_time":"20190406152725","is_ascension_mode":true,"campfire_choices":[{"floor":8.0,"key":"REST"},{"data":"Clothesline","floor":13.0,"key":"SMITH"},{"data":"Bash","floor":15.0,"key":"SMITH"}],"neow_cost":"NONE","seed_source_timestamp":16083046791571,"circlet_count":0,"master_deck":["Strike_R","Strike_R","Defend_R","Defend_R+1","Defend_R+1","Bash+1","Entrench+1","Flex","Pummel","Shrug It Off+1","Clothesline+1","Reaper","Whirlwind","Dual Wield+1"],"special_seed":0,"relics":["Burning Blood","NeowsBlessing","Oddly Smooth Stone","Shuriken","Toxic Egg 2","Odd Mushroom","Empty Cage"],"potions_floor_usage":[16,20],"damage_taken":[{"damage":0.0,"enemies":"Small Slimes","floor":1.0,"turns":1.0},{"damage":0.0,"enemies":"2 Louse","floor":5.0,"turns":1.0},{"damage":0.0,"enemies":"Gremlin Nob","floor":7.0,"turns":1.0},{"damage":17.0,"enemies":"Gremlin Nob","floor":10.0,"turns":5.0},{"damage":6.0,"enemies":"The Mushroom Lair","floor":11.0,"turns":8.0},{"damage":0.0,"enemies":"Jaw Worm","floor":14.0,"turns":3.0},{"damage":54,"enemies":"Hexaghost","floor":16,"turns":11},{"damage":0,"enemies":"Chosen","floor":18,"turns":8},{"damage":36,"enemies":"Colosseum Slavers","floor":19,"turns":9},{"damage":12,"enemies":"2 Thieves","floor":20,"turns":5},{"damage":53,"enemies":"Snake Plant","floor":21,"turns":11},{"damage":32,"enemies":"Centurion and Healer","floor":22,"turns":7}],"seed_played":"8965616161413947101","potions_obtained":[{"floor":1.0,"key":"Fire Potion"},{"floor":5.0,"key":"Block Potion"},{"floor":11.0,"key":"Strength Potion"},{"floor":16,"key":"SneckoOil"},{"floor":18,"key":"GamblersBrew"},{"floor":20,"key":"Dexterity Potion"}],"is_trial":false,"path_per_floor":["M","?","?","?","M","?","E","R","T","?","?","?","R","M","R","B",null,"M","?","M","M","M"],"character_chosen":"IRONCLAD","items_purchased":[],"campfire_rested":1,"item_purchase_floors":[],"current_hp_per_floor":[80,73,57,57,63,52,58,80,80,69,69,69,69,75,75,27,80,80,58,60,19,0],"gold":510,"neow_bonus":"THREE_ENEMY_KILL","is_prod":false,"is_daily":false,"chose_seed":false,"campfire_upgraded":2,"win_rate":0,"timestamp":1554560845,"path_taken":["M","?","?","?","?","?","E","R","T","?","?","?","R","M","R","BOSS","M","?","M","M","M"],"build_version":"2019-01-23","purchased_purges":0,"victory":false,"max_hp_per_floor":[80,80,80,80,80,80,80,80,80,80,80,80,80,80,80,80,80,80,80,80,80,80],"card_choices":[{"not_picked":["Rampage","Disarm"],"picked":"Entrench","floor":1.0},{"not_picked":["Seeing Red","Reckless Charge"],"picked":"Flex","floor":5.0},{"not_picked":["Havoc","Evolve"],"picked":"Pummel","floor":7.0},{"not_picked":["Whirlwind","Reckless Charge"],"picked":"Shrug It Off","floor":10.0},{"not_picked":["Anger","Pommel Strike"],"picked":"Clothesline","floor":11.0},{"not_picked":["Dual Wield+1","True Grit+1","Carnage"],"picked":"SKIP","floor":14.0},{"not_picked":["Dark Embrace","Berserk"],"picked":"Reaper","floor":16},{"not_picked":["Sword Boomerang","Clothesline"],"picked":"Whirlwind","floor":18},{"not_picked":["Dropkick","Seeing Red+1"],"picked":"Dual Wield+1","floor":20},{"not_picked":["Warcry+1","Corruption","Uppercut"],"picked":"SKIP","floor":21}],"player_experience":510273,"relics_obtained":[{"floor":7.0,"key":"Oddly Smooth Stone"},{"floor":9.0,"key":"Shuriken"},{"floor":10.0,"key":"Toxic Egg 2"},{"floor":11.0,"key":"Odd Mushroom"}],"event_choices":[{"cards_removed":["Strike_R"],"damage_healed":0.0,"max_hp_gain":0.0,"max_hp_loss":0.0,"gold_gain":0.0,"event_name":"Golden Wing","player_choice":"Card Removal","floor":2.0,"gold_loss":0.0,"damage_taken":7.0},{"damage_healed":0.0,"max_hp_gain":0.0,"max_hp_loss":0.0,"gold_gain":0.0,"event_name":"Shining Light","player_choice":"Entered Light","floor":3.0,"gold_loss":0.0,"damage_taken":16.0,"cards_upgraded":["Defend_R","Defend_R"]},{"damage_healed":0.0,"max_hp_gain":0.0,"max_hp_loss":0.0,"gold_gain":0.0,"event_name":"Upgrade Shrine","player_choice":"Upgraded","floor":4.0,"gold_loss":0.0,"damage_taken":0.0,"cards_upgraded":["Entrench"]},{"damage_healed":0.0,"max_hp_gain":0.0,"max_hp_loss":0.0,"gold_gain":75.0,"event_name":"World of Goop","player_choice":"Gather Gold","floor":6.0,"gold_loss":0.0,"damage_taken":11.0},{"damage_healed":0.0,"max_hp_gain":0.0,"max_hp_loss":0.0,"gold_gain":0.0,"event_name":"Dead Adventurer","player_choice":"Searched \u00271\u0027 times","floor":10.0,"gold_loss":0.0,"damage_taken":0.0},{"damage_healed":0.0,"max_hp_gain":0.0,"max_hp_loss":0.0,"gold_gain":0.0,"event_name":"Mushrooms","player_choice":"Fought Mushrooms","floor":11.0,"gold_loss":0.0,"damage_taken":0.0},{"cards_removed":["Strike_R"],"damage_healed":0.0,"max_hp_gain":0.0,"max_hp_loss":0.0,"gold_gain":0.0,"event_name":"Living Wall","player_choice":"Forget","floor":12.0,"gold_loss":0.0,"damage_taken":0.0},{"damage_healed":0,"gold_gain":0,"player_choice":"Fight","damage_taken":0,"max_hp_gain":0,"max_hp_loss":0,"event_name":"Colosseum","floor":19,"gold_loss":0},{"damage_healed":0,"gold_gain":0,"player_choice":"Fled From Nobs","damage_taken":0,"max_hp_gain":0,"max_hp_loss":0,"event_name":"Colosseum","floor":19,"gold_loss":0}],"is_beta":false,"boss_relics":[{"not_picked":["Busted Crown","Runic Pyramid"],"picked":"Empty Cage"}],"items_purged_floors":[],"is_endless":false,"potions_floor_spawned":[1,5,11,16,18,20],"killed_by":"Centurion and Healer","ascension_level":2}