{"gold_per_floor":[369,384,384,317,330,330,358,370,448,473,473,473,483,658,658,757,757,775,775,352,352,267,267,301,301,327,354,354,373,386,386],"floor_reached":31,"playtime":1517,"items_purged":["Doubt"],"score":348,"play_id":"eee4343c-414e-4e60-886b-ec71feec40eb","local_time":"20190506005706","is_ascension_mode":true,"campfire_choices":[{"floor":6.0,"key":"REST"},{"floor":11.0,"key":"REST"},{"data":"Zap","floor":15.0,"key":"SMITH"},{"floor":23,"key":"REST"},{"floor":28,"key":"REST"}],"neow_cost":"PERCENT_DAMAGE","seed_source_timestamp":196819322151166,"circlet_count":0,"master_deck":["Defend_B","Defend_B","Defend_B","Defend_B","Zap+1","Dualcast","Tempest","Auto Shields","FTL","Genetic Algorithm","Capacitor","Hologram","Cold Snap","Echo Form","Decay","Coolheaded","Thunder Strike","FTL+1","Defragment+1","Rebound+1","Conserve Battery","Defragment+1","Defragment+1","Sunder"],"special_seed":0,"relics":["Cracked Core","Mango","Kunai","Potion Belt","Astrolabe","Nilry\u0027s Codex","DataDisk","DollysMirror","Happy Flower","Boot","Lantern","Blood Vial"],"potions_floor_usage":[18,18],"damage_taken":[{"damage":5.0,"enemies":"Small Slimes","floor":1.0,"turns":3.0},{"damage":11.0,"enemies":"Cultist","floor":2.0,"turns":4.0},{"damage":1.0,"enemies":"Jaw Worm","floor":5.0,"turns":3.0},{"damage":34.0,"enemies":"Gremlin Nob","floor":7.0,"turns":5.0},{"damage":0.0,"enemies":"Blue Slaver","floor":8.0,"turns":6.0},{"damage":11.0,"enemies":"3 Sentries","floor":10.0,"turns":6.0},{"damage":6.0,"enemies":"Looter","floor":13.0,"turns":4.0},{"damage":36.0,"enemies":"Slime Boss","floor":16.0,"turns":14.0},{"damage":16,"enemies":"Chosen","floor":18,"turns":5},{"damage":19,"enemies":"Book of Stabbing","floor":24,"turns":8},{"damage":35,"enemies":"Gremlin Leader","floor":27,"turns":7},{"damage":13,"enemies":"Shell Parasite","floor":29,"turns":5},{"damage":29,"enemies":"Shelled Parasite and Fungi","floor":30,"turns":7},{"damage":11,"enemies":"Snake Plant","floor":31,"turns":1}],"seed_played":"8553606134977090117","potions_obtained":[{"floor":5.0,"key":"Explosive Potion"},{"floor":8.0,"key":"SkillPotion"},{"floor":10.0,"key":"Energy Potion"},{"floor":13.0,"key":"Ancient Potion"},{"floor":18,"key":"Fruit Juice"},{"floor":30,"key":"SmokeBomb"}],"is_trial":false,"path_per_floor":["M","M","?","$","M","R","E","M","T","E","R","?","M","?","R","B",null,"M","?","$","?","?","R","E","?","T","E","R","M","M","M"],"character_chosen":"DEFECT","items_purchased":["Genetic Algorithm","DataDisk","DollysMirror"],"campfire_rested":4,"item_purchase_floors":[4,20,20],"current_hp_per_floor":[49,38,38,38,37,59,39,39,39,28,54,54,48,48,48,12,89,78,62,62,43,43,72,53,53,53,18,47,36,9,0],"gold":386,"neow_bonus":"TWO_FIFTY_GOLD","is_prod":false,"is_daily":false,"chose_seed":false,"campfire_upgraded":1,"win_rate":0,"timestamp":1557097026,"path_taken":["M","M","?","$","M","R","E","M","T","E","R","?","?","?","R","BOSS","M","?","$","?","?","R","E","?","T","E","R","M","?","M"],"build_version":"2019-01-23","purchased_purges":1,"victory":false,"max_hp_per_floor":[75,75,75,75,75,75,89,89,89,89,89,89,89,89,89,89,89,94,94,94,99,99,99,99,99,99,99,99,99,99,99],"card_choices":[{"not_picked":["Redo","Cold Snap"],"picked":"Tempest","floor":1.0},{"not_picked":["Redo","Lockon"],"picked":"Auto Shields","floor":2.0},{"not_picked":["Barrage","Force Field"],"picked":"Capacitor","floor":5.0},{"not_picked":["Cold Snap","Redo"],"picked":"Hologram","floor":7.0},{"not_picked":["Compile Driver","Hello World"],"picked":"Cold Snap","floor":8.0},{"not_picked":["Streamline","White Noise"],"picked":"Echo Form","floor":10.0},{"not_picked":["FTL","Doom and Gloom"],"picked":"Coolheaded","floor":13.0},{"not_picked":["All For One","Core Surge"],"picked":"Thunder Strike","floor":16.0},{"not_picked":["Coolheaded","Doom and Gloom"],"picked":"Conserve Battery","floor":18},{"not_picked":["Compile Driver","Stack","Gash"],"picked":"SKIP","floor":24},{"not_picked":["Darkness","Turbo"],"picked":"Sunder","floor":27},{"not_picked":["Beam Cell","Gash","Barrage"],"picked":"SKIP","floor":29},{"not_picked":["Skim+1","Thunder Strike","Gash"],"picked":"SKIP","floor":30}],"player_experience":761057,"relics_obtained":[{"floor":7.0,"key":"Mango"},{"floor":9.0,"key":"Kunai"},{"floor":10.0,"key":"Potion Belt"},{"floor":19,"key":"Nilry\u0027s Codex"},{"floor":24,"key":"Boot"},{"floor":26,"key":"Lantern"},{"floor":27,"key":"Blood Vial"}],"event_choices":[{"damage_healed":0.0,"max_hp_gain":0.0,"max_hp_loss":0.0,"gold_gain":0.0,"cards_transformed":["Strike_B"],"event_name":"Living Wall","player_choice":"Change","floor":3.0,"gold_loss":0.0,"damage_taken":0.0,"cards_obtained":["FTL"]},{"damage_healed":0.0,"max_hp_gain":0.0,"max_hp_loss":0.0,"gold_gain":0.0,"event_name":"Wheel of Change","player_choice":"Cursed","floor":12.0,"gold_loss":0.0,"damage_taken":0.0,"cards_obtained":["Decay"]},{"damage_healed":0.0,"max_hp_gain":0.0,"max_hp_loss":0.0,"gold_gain":175.0,"event_name":"Liars Game","player_choice":"AGREE","floor":14.0,"gold_loss":0.0,"damage_taken":0.0,"cards_obtained":["Doubt"]},{"damage_healed":0,"gold_gain":0,"player_choice":"Obtained Book","damage_taken":16,"max_hp_gain":0,"max_hp_loss":0,"event_name":"Cursed Tome","floor":19,"gold_loss":0},{"damage_healed":0,"gold_gain":0,"player_choice":"Shed Blood","damage_taken":24,"max_hp_gain":5,"max_hp_loss":0,"event_name":"Forgotten Altar","floor":21,"gold_loss":0},{"damage_healed":0,"gold_gain":0,"player_choice":"Obtained Relic","damage_taken":0,"relics_obtained":["Happy Flower"],"max_hp_gain":0,"max_hp_loss":0,"event_name":"Addict","floor":22,"gold_loss":85},{"damage_healed":0,"gold_gain":0,"player_choice":"Copied","damage_taken":0,"max_hp_gain":0,"max_hp_loss":0,"event_name":"Duplicator","floor":25,"gold_loss":0,"cards_obtained":["Defragment"]}],"is_beta":false,"boss_relics":[{"not_picked":["Philosopher\u0027s Stone","White Beast Statue"],"picked":"Astrolabe"}],"items_purged_floors":[20],"is_endless":false,"potions_floor_spawned":[5,8,10,13,18,30],"killed_by":"Snake Plant","ascension_level":3}