{"gold_per_floor":[110,122,138,138,63,63,94,94,94,21,41,41,76,100,100,228,228,217,70,86,86,100,143,143,182,182,182,198,198,96,96,96,227,227,242,88,88,107,130,193,246,246,301,345,154,190,190,229,229,229],"floor_reached":51,"playtime":1490,"items_purged":["Defend_R"],"score":1429,"play_id":"2185392d-a974-48d9-b3e7-67a129e521c9","local_time":"25610802175200","is_ascension_mode":true,"campfire_choices":[{"data":"Spot Weakness","floor":6.0,"key":"SMITH"},{"data":"Shrug It Off","floor":12.0,"key":"SMITH"},{"floor":15.0,"key":"REST"},{"floor":24.0,"key":"REST"},{"data":"RitualDagger","floor":27.0,"key":"SMITH"},{"floor":29.0,"key":"REST"},{"data":"Demon Form","floor":32.0,"key":"SMITH"},{"data":"Double Tap","floor":42.0,"key":"SMITH"},{"floor":47.0,"key":"REST"},{"data":"Heavy Blade","floor":49,"key":"SMITH"}],"neow_cost":"NONE","seed_source_timestamp":23566881849002,"circlet_count":0,"master_deck":["Strike_R","Strike_R+1","Strike_R+1","Strike_R","Strike_R","Defend_R","Defend_R","Defend_R","Bash","AscendersBane","Spot Weakness+1","Shrug It Off+1","Flex","Entrench","Injury","Reaper","Heavy Blade+1","Demon Form+1","Writhe","Clumsy","Doubt","Inflame","Pummel+1","RitualDagger+1","Warcry+1","Whirlwind+1","Flex+1","Cleave","Double Tap+1","Purity","Infernal Blade+1","Fire Breathing+1","Uppercut+1","Pummel+1","Bandage Up+1","Flex+1","Warcry+1"],"special_seed":0,"relics":["Black Blood","NeowsBlessing","GremlinMask","Du-Vu Doll","Golden Idol","Blue Candle","Bag of Preparation","Calling Bell","Potion Belt","Self Forming Clay","Torii","Happy Flower","Singing Bowl","Pen Nib","Bag of Marbles","Vajra","Tiny Chest","Art of War","Anchor","Toxic Egg 2","Whetstone","Question Card"],"potions_floor_usage":[50,50],"damage_taken":[{"damage":0.0,"enemies":"2 Louse","floor":1.0,"turns":1.0},{"damage":0.0,"enemies":"Cultist","floor":2.0,"turns":1.0},{"damage":0.0,"enemies":"Jaw Worm","floor":3.0,"turns":1.0},{"damage":44.0,"enemies":"Gremlin Nob","floor":7.0,"turns":5.0},{"damage":9.0,"enemies":"Looter","floor":11.0,"turns":3.0},{"damage":17.0,"enemies":"Lagavulin","floor":13.0,"turns":8.0},{"damage":20.0,"enemies":"Large Slime","floor":14.0,"turns":6.0},{"damage":53.0,"enemies":"The Guardian","floor":16.0,"turns":11.0},{"damage":23.0,"enemies":"2 Thieves","floor":18.0,"turns":4.0},{"damage":24.0,"enemies":"Shell Parasite","floor":20.0,"turns":6.0},{"damage":14.0,"enemies":"Chosen and Byrds","floor":22.0,"turns":5.0},{"damage":30.0,"enemies":"Book of Stabbing","floor":23.0,"turns":4.0},{"damage":24.0,"enemies":"Gremlin Leader","floor":25.0,"turns":4.0},{"damage":17.0,"enemies":"3 Cultists","floor":28.0,"turns":5.0},{"damage":35.0,"enemies":"Champ","floor":33.0,"turns":5.0},{"damage":27.0,"enemies":"3 Darklings","floor":35.0,"turns":4.0},{"damage":0.0,"enemies":"Orb Walker","floor":38.0,"turns":1.0},{"damage":33.0,"enemies":"4 Shapes","floor":39.0,"turns":3.0},{"damage":20.0,"enemies":"Nemesis","floor":40.0,"turns":5.0},{"damage":58.0,"enemies":"2 Orb Walkers","floor":44.0,"turns":5.0},{"damage":0.0,"enemies":"Nemesis","floor":46.0,"turns":1.0},{"damage":24,"enemies":"2 Orb Walkers","floor":48,"turns":3},{"damage":64,"enemies":"Donu and Deca","floor":50,"turns":6}],"seed_played":"7906238232957774572","potions_obtained":[{"floor":1.0,"key":"Poison Potion"},{"floor":3.0,"key":"FearPotion"},{"floor":14.0,"key":"Swift Potion"},{"floor":20.0,"key":"Fire Potion"},{"floor":22.0,"key":"EssenceOfSteel"},{"floor":28.0,"key":"Fire Potion"},{"floor":33.0,"key":"EssenceOfSteel"},{"floor":35.0,"key":"SteroidPotion"},{"floor":39.0,"key":"LiquidBronze"},{"floor":44.0,"key":"SteroidPotion"}],"is_trial":false,"path_per_floor":["M","M","M","?","$","R","E","?","T","$","M","R","E","M","R","B",null,"M","$","M","?","M","E","R","E","T","R","M","R","$","?","R","B",null,"M","$","?","M","M","E","T","R","T","E","$","E","R","E","R","B"],"character_chosen":"IRONCLAD","items_purchased":["EssenceOfSteel","Happy Flower","PowerPotion","PowerPotion","Vajra","Regen Potion","Bandage Up+1","Flex+1"],"campfire_rested":4,"item_purchase_floors":[10,19,30,30,36,45,45,45],"current_hp_per_floor":[78,80,80,80,80,80,42,42,42,42,39,39,37,43,67,28,67,50,50,49,43,54,30,54,36,36,36,39,63,63,63,63,55,75,69,69,63,73,78,68,68,68,68,20,20,32,59,76,76,43],"gold":229,"neow_bonus":"THREE_ENEMY_KILL","is_prod":false,"is_daily":false,"chose_seed":false,"campfire_upgraded":6,"win_rate":0,"timestamp":1533207120,"path_taken":["M","M","M","?","$","R","E","?","T","?","?","R","E","M","R","BOSS","M","$","M","?","M","E","R","E","T","R","M","R","$","?","R","BOSS","M","$","?","?","M","E","?","R","T","E","$","E","R","E","R","BOSS"],"build_version":"2018-07-26","purchased_purges":1,"victory":true,"max_hp_per_floor":[80,80,80,80,80,80,80,80,80,80,80,80,80,80,80,80,80,80,80,80,80,80,80,80,80,80,80,82,82,82,82,82,82,82,84,84,88,88,88,88,88,88,88,88,88,90,90,90,90,90],"card_choices":[{"not_picked":["Rupture","Reckless Charge"],"picked":"Spot Weakness","floor":1.0},{"not_picked":["Fire Breathing","Burning Pact"],"picked":"Shrug It Off","floor":2.0},{"not_picked":["Havoc","Hemokinesis"],"picked":"Flex","floor":3.0},{"not_picked":["Sever Soul","Corruption"],"picked":"Entrench","floor":7.0},{"not_picked":["Wild Strike","Sword Boomerang"],"picked":"Reaper","floor":11.0},{"not_picked":["Disarm","Reckless Charge"],"picked":"Heavy Blade","floor":13.0},{"not_picked":["Intimidate","Bloodletting"],"picked":"Power Through","floor":14.0},{"not_picked":["Exhume","Feed"],"picked":"Demon Form","floor":16.0},{"not_picked":["Shrug It Off+1","Bloodletting"],"picked":"Inflame","floor":18.0},{"not_picked":["Twin Strike","Anger"],"picked":"Pummel+1","floor":20.0},{"not_picked":["Sword Boomerang","Flame Barrier+1"],"picked":"Warcry+1","floor":22.0},{"not_picked":["Entrench","Second Wind"],"picked":"Whirlwind+1","floor":23.0},{"not_picked":["Sever Soul+1","Fiend Fire"],"picked":"Flex+1","floor":25.0},{"not_picked":["Sever Soul","Shockwave","Shrug It Off+1"],"picked":"Singing Bowl","floor":28.0},{"not_picked":["Exhume","Impervious"],"picked":"Double Tap","floor":33.0},{"not_picked":["Blood for Blood","Wild Strike+1","Hemokinesis"],"picked":"Singing Bowl","floor":35.0},{"not_picked":["Finesse","Jack Of All Trades","Good Instincts"],"picked":"Singing Bowl","floor":37.0},{"not_picked":["Transmutation","Mind Blast","Finesse"],"picked":"Singing Bowl","floor":37.0},{"not_picked":["Finesse","Trip"],"picked":"Purity","floor":37.0},{"not_picked":["Sword Boomerang","Second Wind"],"picked":"Infernal Blade+1","floor":38.0},{"not_picked":["Carnage","Shrug It Off"],"picked":"Fire Breathing+1","floor":39.0},{"not_picked":["Sever Soul+1","Anger"],"picked":"Uppercut+1","floor":40.0},{"not_picked":["Blood for Blood","Hemokinesis"],"picked":"Pummel+1","floor":44.0},{"not_picked":["Sword Boomerang+1","Juggernaut","Sever Soul+1"],"picked":"Singing Bowl","floor":46.0},{"not_picked":["True Grit+1","Headbutt"],"picked":"Warcry+1","floor":48}],"player_experience":172124,"relics_obtained":[{"floor":7.0,"key":"Du-Vu Doll"},{"floor":9.0,"key":"Blue Candle"},{"floor":13.0,"key":"Bag of Preparation"},{"floor":17.0,"key":"Potion Belt"},{"floor":17.0,"key":"Self Forming Clay"},{"floor":17.0,"key":"Torii"},{"floor":23.0,"key":"Singing Bowl"},{"floor":25.0,"key":"Pen Nib"},{"floor":26.0,"key":"Bag of Marbles"},{"floor":40.0,"key":"Tiny Chest"},{"floor":41.0,"key":"Art of War"},{"floor":43.0,"key":"Anchor"},{"floor":44.0,"key":"Toxic Egg 2"},{"floor":46.0,"key":"Whetstone"},{"floor":48,"key":"Question Card"}],"event_choices":[{"event_name":"FaceTrader","player_choice":"Trade","floor":4.0,"damage_taken":0.0},{"event_name":"Golden Idol","player_choice":"Take Wound","floor":8.0,"damage_taken":0.0},{"event_name":"Nest","player_choice":"Joined the Cult","floor":21.0,"damage_taken":0.0},{"event_name":"Transmorgrifier","player_choice":"Transform","floor":31.0,"damage_taken":0.0},{"event_name":"SensoryStone","player_choice":"Memory 3","floor":37.0,"damage_taken":0.0}],"is_beta":false,"boss_relics":[{"not_picked":["Mark of Pain","Pandora\u0027s Box"],"picked":"Calling Bell"},{"not_picked":["Velvet Choker","White Beast Statue"],"picked":"Black Blood"}],"items_purged_floors":[5],"is_endless":false,"potions_floor_spawned":[1,3,14,20,22,28,33,35,39,44],"ascension_level":11}