{"gold_per_floor":[111,121,132,132,152,152,181,193,240,240,250,270,270,23,23,127,127,143,162,60,76,93,93],"floor_reached":23,"playtime":1486,"items_purged":["Strike_B","Strike_B"],"score":340,"play_id":"45b54c20-71b7-44e9-ba73-602448b1a5a9","local_time":"20181228054832","is_ascension_mode":true,"campfire_choices":[{"data":"Redo","floor":6.0,"key":"SMITH"},{"floor":10.0,"key":"REST"},{"data":"Dualcast","floor":13.0,"key":"SMITH"},{"data":"Leap","floor":15.0,"key":"SMITH"}],"neow_cost":"NONE","seed_source_timestamp":58711382509415,"circlet_count":0,"master_deck":["AscendersBane","Strike_B","Strike_B","Defend_B","Defend_B","Defend_B","Defend_B","Zap+1","Dualcast+1","Redo+1","Double Energy","Rebound","Undo","Gash","Leap+1","Gash","Stack","Gash","Machine Learning","Decay","Clumsy","Clumsy","Gash","Buffer","Hologram","Self Repair","Go for the Eyes"],"special_seed":0,"relics":["Cracked Core","Gambling Chip","DataDisk","Oddly Smooth Stone","Calling Bell","Regal Pillow","The Courier","Du-Vu Doll"],"potions_floor_usage":[23],"damage_taken":[{"damage":1.0,"enemies":"Cultist","floor":1.0,"turns":3.0},{"damage":8.0,"enemies":"2 Louse","floor":2.0,"turns":2.0},{"damage":2.0,"enemies":"Jaw Worm","floor":3.0,"turns":2.0},{"damage":10.0,"enemies":"Large Slime","floor":5.0,"turns":5.0},{"damage":37.0,"enemies":"Gremlin Nob","floor":7.0,"turns":4.0},{"damage":0.0,"enemies":"2 Fungi Beasts","floor":8.0,"turns":2.0},{"damage":1.0,"enemies":"Looter","floor":11.0,"turns":3.0},{"damage":9.0,"enemies":"Red Slaver","floor":12.0,"turns":3.0},{"damage":20.0,"enemies":"Hexaghost","floor":16.0,"turns":10.0},{"damage":11.0,"enemies":"3 Byrds","floor":18.0,"turns":5.0},{"damage":6.0,"enemies":"Chosen","floor":19.0,"turns":4.0},{"damage":3.0,"enemies":"Centurion and Healer","floor":21.0,"turns":7.0},{"damage":29.0,"enemies":"Cultist and Chosen","floor":22.0,"turns":8.0},{"damage":46,"enemies":"Gremlin Leader","floor":23,"turns":6}],"seed_played":"7262782828960101217","potions_obtained":[{"floor":2.0,"key":"Poison Potion"},{"floor":5.0,"key":"FearPotion"},{"floor":7.0,"key":"PowerPotion"},{"floor":8.0,"key":"FearPotion"},{"floor":21.0,"key":"Regen Potion"},{"floor":22.0,"key":"Block Potion"}],"is_trial":false,"path_per_floor":["M","M","M","?","M","R","E","M","T","R","M","M","R","$","R","B",null,"M","M","$","M","M"],"character_chosen":"DEFECT","items_purchased":["Gash","Oddly Smooth Stone","Hologram"],"campfire_rested":1,"item_purchase_floors":[14,14,20],"current_hp_per_floor":[74,66,64,64,54,54,17,17,17,41,40,31,31,31,31,11,64,53,47,47,44,36,0],"gold":93,"neow_bonus":"TEN_PERCENT_HP_BONUS","is_prod":false,"is_daily":false,"chose_seed":false,"campfire_upgraded":3,"win_rate":0,"timestamp":1545972512,"path_taken":["M","M","M","?","M","R","E","M","T","R","M","M","R","$","R","BOSS","M","M","$","?","M","E"],"build_version":"2018-12-25","purchased_purges":2,"victory":false,"max_hp_per_floor":[82,82,82,82,82,82,82,82,82,82,82,82,82,82,82,82,82,82,82,82,82,82,82],"card_choices":[{"not_picked":["Steam","Turbo"],"picked":"Redo","floor":1.0},{"not_picked":["Chill","Steam Power"],"picked":"Double Energy","floor":2.0},{"not_picked":["Hello World","Fusion"],"picked":"Rebound","floor":3.0},{"not_picked":["Force Field","Chill"],"picked":"Undo","floor":5.0},{"not_picked":["Hello World","Stack"],"picked":"Gash","floor":7.0},{"not_picked":["Glacier","Stack"],"picked":"Leap","floor":8.0},{"not_picked":["Force Field","Heatsinks"],"picked":"Gash","floor":11.0},{"not_picked":["Hello World","Doom and Gloom"],"picked":"Stack","floor":12.0},{"not_picked":["Amplify","Biased Cognition"],"picked":"Machine Learning","floor":16.0},{"not_picked":["Leap","FTL"],"picked":"Gash","floor":18.0},{"not_picked":["Rebound","Beam Cell"],"picked":"Buffer","floor":19.0},{"not_picked":["Genetic Algorithm","BootSequence"],"picked":"Self Repair","floor":21.0},{"not_picked":["BootSequence","Stack+1"],"picked":"Go for the Eyes","floor":22.0}],"player_experience":328319,"relics_obtained":[{"floor":7.0,"key":"Gambling Chip"},{"floor":9.0,"key":"DataDisk"},{"floor":17.0,"key":"Regal Pillow"},{"floor":17.0,"key":"The Courier"},{"floor":17.0,"key":"Du-Vu Doll"}],"event_choices":[{"damage_healed":0.0,"max_hp_gain":0.0,"max_hp_loss":0.0,"gold_gain":0.0,"event_name":"Upgrade Shrine","player_choice":"Upgraded","floor":4.0,"gold_loss":0.0,"damage_taken":0.0,"cards_upgraded":["Zap"]}],"is_beta":true,"boss_relics":[{"not_picked":["Lizard Tail","Velvet Choker"],"picked":"Calling Bell"}],"items_purged_floors":[14,20],"is_endless":false,"potions_floor_spawned":[2,5,7,8,21,22],"killed_by":"Gremlin Leader","ascension_level":12}