{"gold_per_floor":[13,13,36,53,70,70,103,30,30,90,67,117,129,181,181,256,256,272,572,26,41,60,60,72,72,72,104,104,104,114,1,1,78,78,89,89,0,13,39,39,39,39,39,39,73,23,23,43,43,43,43,43,43,78,78],"floor_reached":55,"playtime":2535,"items_purged":["Writhe","Strike_B"],"score":1203,"play_id":"8ada790b-0a58-418f-b22e-d193f9f38046","local_time":"20190405221329","is_ascension_mode":true,"campfire_choices":[{"data":"Lockon","floor":6.0,"key":"SMITH"},{"floor":15.0,"key":"REST"},{"floor":23.0,"key":"REST"},{"data":"Creative AI","floor":25.0,"key":"SMITH"},{"floor":28.0,"key":"REST"},{"data":"Heatsinks","floor":32.0,"key":"SMITH"},{"floor":40.0,"key":"RECALL"},{"data":"Discovery","floor":42.0,"key":"SMITH"},{"data":"Force Field","floor":47.0,"key":"SMITH"},{"floor":49.0,"key":"REST"},{"floor":52.0,"key":"REST"}],"neow_cost":"NO_GOLD","seed_source_timestamp":0,"circlet_count":0,"master_deck":["AscendersBane","Strike_B","Strike_B","Strike_B","Defend_B","Defend_B","Defend_B","Zap","Dualcast","Meteor Strike","Doom and Gloom","Lockon+1","Hello World","Rainbow","Turbo","Skim","Creative AI+1","Conserve Battery","Stack","Double Energy+1","Heatsinks+1","All For One","Undo","Discovery+1","Force Field+1","Sunder"],"special_seed":0,"relics":["Cracked Core","Regal Pillow","Blood Vial","Bronze Scales","Calipers","Ice Cream","Strawberry","Velvet Choker","Old Coin","Orichalcum","Bag of Preparation","Lee\u0027s Waffle","Sundial","Ornamental Fan","Snecko Eye","Red Mask","Smiling Mask","Bag of Marbles","Pear"],"potions_floor_usage":[],"damage_taken":[{"damage":6.0,"enemies":"Jaw Worm","floor":1.0,"turns":4.0},{"damage":1.0,"enemies":"Cultist","floor":4.0,"turns":3.0},{"damage":0.0,"enemies":"Small Slimes","floor":5.0,"turns":3.0},{"damage":3.0,"enemies":"Lagavulin","floor":7.0,"turns":6.0},{"damage":36.0,"enemies":"Lagavulin Event","floor":10.0,"turns":5.0},{"damage":15.0,"enemies":"Exordium Thugs","floor":13.0,"turns":4.0},{"damage":11.0,"enemies":"Slime Boss","floor":16.0,"turns":5.0},{"damage":20.0,"enemies":"Shell Parasite","floor":18.0,"turns":5.0},{"damage":32.0,"enemies":"2 Thieves","floor":21.0,"turns":4.0},{"damage":7.0,"enemies":"Chosen and Byrds","floor":22.0,"turns":4.0},{"damage":18.0,"enemies":"Centurion and Healer","floor":24.0,"turns":6.0},{"damage":18.0,"enemies":"Gremlin Leader","floor":27.0,"turns":6.0},{"damage":1.0,"enemies":"Snecko","floor":30.0,"turns":5.0},{"damage":28.0,"enemies":"Champ","floor":33.0,"turns":13.0},{"damage":0.0,"enemies":"Orb Walker","floor":35.0,"turns":2.0},{"damage":0.0,"enemies":"3 Shapes","floor":38.0,"turns":5.0},{"damage":30.0,"enemies":"Nemesis","floor":45.0,"turns":5.0},{"damage":15.0,"enemies":"Spire Growth","floor":48.0,"turns":5.0},{"damage":50.0,"enemies":"Awakened One","floor":50.0,"turns":16.0},{"damage":77.0,"enemies":"Shield and Spear","floor":54.0,"turns":6.0},{"damage":82,"enemies":"The Heart","floor":55,"turns":3}],"seed_played":"8032568212113965186","potions_obtained":[{"floor":1.0,"key":"Explosive Potion"},{"floor":5.0,"key":"SpeedPotion"},{"floor":10.0,"key":"GamblersBrew"},{"floor":21.0,"key":"EssenceOfSteel"},{"floor":22.0,"key":"FairyPotion"},{"floor":24.0,"key":"GamblersBrew"},{"floor":33.0,"key":"Strength Potion"},{"floor":35.0,"key":"Explosive Potion"},{"floor":38.0,"key":"FearPotion"}],"is_trial":false,"path_per_floor":["M","?","T","M","M","R","E","$","T","?","$","T","M","?","R","B",null,"M","?","$","M","M","R","M","R","T","E","R","?","M","$","R","B",null,"M","?","?","M","T","R","?","R","T","$","E","$","R","M","R","B",null,"R","$","E","B"],"character_chosen":"DEFECT","items_purchased":["FocusPotion","Turbo","Orichalcum","Bag of Preparation","Lee\u0027s Waffle","PowerPotion","Heatsinks"],"campfire_rested":5,"item_purchase_floors":[8,11,20,20,20,20,31],"current_hp_per_floor":[58,53,53,54,56,56,55,55,55,21,21,28,15,15,53,44,70,52,52,85,53,48,85,67,67,67,51,85,85,84,84,84,57,78,80,70,70,72,72,72,72,72,72,72,44,44,44,31,71,23,70,85,85,18,0],"gold":78,"neow_bonus":"THREE_RARE_CARDS","is_prod":false,"is_daily":false,"chose_seed":true,"campfire_upgraded":5,"win_rate":0,"timestamp":1554473609,"path_taken":["M","?","?","?","?","R","E","$","T","?","?","?","M","?","R","BOSS","M","?","$","M","M","R","M","R","T","E","R","?","M","$","R","BOSS","M","?","?","M","?","R","?","R","T","$","E","?","R","M","R","BOSS","R","$","E","BOSS"],"build_version":"2019-01-23","purchased_purges":2,"victory":false,"max_hp_per_floor":[71,71,71,71,71,71,71,71,71,71,71,78,78,78,78,78,78,78,78,85,85,85,85,85,85,85,85,85,85,85,85,85,85,85,85,85,85,85,85,85,85,85,85,85,85,85,85,85,85,85,85,85,85,95,95],"card_choices":[{"not_picked":["Electrodynamics","Echo Form"],"picked":"Meteor Strike","floor":0.0},{"not_picked":["Steam Power","Go for the Eyes"],"picked":"Doom and Gloom","floor":1.0},{"not_picked":["Beam Cell","Coolheaded"],"picked":"Lockon","floor":4.0},{"not_picked":["Conserve Battery","Steam"],"picked":"Hello World","floor":5.0},{"not_picked":["Barrage","Storm","Go for the Eyes"],"picked":"SKIP","floor":7.0},{"not_picked":["Storm","Streamline"],"picked":"Rainbow","floor":10.0},{"not_picked":["Fusion","Gash"],"picked":"Skim","floor":13.0},{"not_picked":["Meteor Strike","Thunder Strike"],"picked":"Creative AI","floor":16.0},{"not_picked":["Redo","Capacitor","Compile Driver"],"picked":"SKIP","floor":18.0},{"not_picked":["Tempest","Steam Power","Sweeping Beam"],"picked":"SKIP","floor":21.0},{"not_picked":["Beam Cell+1","Redo"],"picked":"Conserve Battery","floor":22.0},{"not_picked":["Barrage","Ball Lightning","Aggregate"],"picked":"SKIP","floor":24.0},{"not_picked":["Stack","Barrage+1","Rebound"],"picked":"SKIP","floor":27.0},{"not_picked":["Barrage+1","Rebound"],"picked":"Stack","floor":27.0},{"not_picked":["Force Field","Coolheaded"],"picked":"Double Energy+1","floor":30.0},{"not_picked":["Core Surge","Biased Cognition"],"picked":"All For One","floor":33.0},{"not_picked":["Beam Cell+1","Barrage+1"],"picked":"Undo","floor":35.0},{"not_picked":["Deep Breath","Impatience"],"picked":"Discovery","floor":36.0},{"not_picked":["Compile Driver+1","Beam Cell","Ball Lightning"],"picked":"SKIP","floor":38.0},{"not_picked":["Hello World+1","Heatsinks"],"picked":"Force Field","floor":45.0},{"not_picked":["Hyperbeam","Melter"],"picked":"Sunder","floor":48.0},{"not_picked":["Auto Shields","Leap","Ball Lightning"],"picked":"SKIP","floor":54.0}],"player_experience":2935763,"relics_obtained":[{"floor":3.0,"key":"Blood Vial"},{"floor":7.0,"key":"Bronze Scales"},{"floor":9.0,"key":"Calipers"},{"floor":10.0,"key":"Ice Cream"},{"floor":12.0,"key":"Strawberry"},{"floor":26.0,"key":"Sundial"},{"floor":27.0,"key":"Ornamental Fan"},{"floor":39.0,"key":"Smiling Mask"},{"floor":45.0,"key":"Bag of Marbles"},{"floor":54.0,"key":"Pear"}],"event_choices":[{"damage_healed":0.0,"max_hp_gain":0.0,"max_hp_loss":0.0,"gold_gain":0.0,"event_name":"Scrap Ooze","player_choice":"Success","floor":2.0,"gold_loss":0.0,"damage_taken":5.0,"relics_obtained":["Regal Pillow"]},{"damage_healed":0.0,"max_hp_gain":0.0,"max_hp_loss":0.0,"gold_gain":0.0,"event_name":"Dead Adventurer","player_choice":"Searched \u00271\u0027 times","floor":10.0,"gold_loss":0.0,"damage_taken":0.0},{"damage_healed":0.0,"max_hp_gain":0.0,"max_hp_loss":0.0,"gold_gain":52.0,"event_name":"Golden Wing","player_choice":"Gained Gold","floor":14.0,"gold_loss":0.0,"damage_taken":0.0},{"damage_healed":0.0,"max_hp_gain":0.0,"max_hp_loss":0.0,"gold_gain":0.0,"event_name":"The Mausoleum","player_choice":"Opened","floor":19.0,"gold_loss":0.0,"damage_taken":0.0,"relics_obtained":["Old Coin"],"cards_obtained":["Writhe"]},{"damage_healed":0.0,"max_hp_gain":0.0,"max_hp_loss":0.0,"gold_gain":0.0,"event_name":"Ghosts","player_choice":"Ignored","floor":29.0,"gold_loss":0.0,"damage_taken":0.0},{"damage_healed":0.0,"max_hp_gain":0.0,"max_hp_loss":0.0,"gold_gain":0.0,"event_name":"SensoryStone","player_choice":"Memory 3","floor":36.0,"gold_loss":0.0,"damage_taken":10.0},{"damage_healed":0.0,"max_hp_gain":0.0,"max_hp_loss":0.0,"gold_gain":0.0,"event_name":"Tomb of Lord Red Mask","player_choice":"Paid","floor":37.0,"gold_loss":89.0,"damage_taken":0.0,"relics_obtained":["Red Mask"]},{"cards_removed":["Defend_B"],"damage_healed":0.0,"max_hp_gain":0.0,"max_hp_loss":0.0,"gold_gain":0.0,"event_name":"Falling","player_choice":"Removed Skill","floor":41.0,"gold_loss":0.0,"damage_taken":0.0}],"is_beta":false,"boss_relics":[{"not_picked":["FrozenCore","Coffee Dripper"],"picked":"Velvet Choker"},{"not_picked":["Astrolabe","Runic Pyramid"],"picked":"Snecko Eye"}],"items_purged_floors":[31,46],"is_endless":false,"potions_floor_spawned":[1,5,10,21,22,24,33,35,38,45],"killed_by":"The Heart","ascension_level":15}