{"gold_per_floor":[118,128,138,138,152,186,111,129,209,226,126,137,137,137,137,233,233,248,258,258,9,9,9,22,37,37,56,56,56,56,56,56,153,153,169,169,189,0,100,100,130,150,150,150,150],"floor_reached":45,"playtime":4617,"items_purged":["Strike_R","Defend_R","Strike_R"],"score":514,"play_id":"d32bd34e-e1b4-4ca9-987f-d2de4407d232","local_time":"20190504134832","is_ascension_mode":true,"campfire_choices":[{"data":"Armaments","floor":13,"key":"SMITH"},{"data":"Bash","floor":15,"key":"SMITH"},{"floor":23,"key":"REST"},{"data":"Juggernaut","floor":28,"key":"SMITH"},{"floor":32,"key":"REST"},{"floor":40,"key":"REST"}],"neow_cost":"NONE","seed_source_timestamp":4434055280948,"circlet_count":0,"master_deck":["Strike_R+1","Strike_R","Strike_R+1","Defend_R","Defend_R","Bash+1","Metallicize","Cleave","Armaments+1","Corruption","Carnage","Power Through","Anger","Parasite","Juggernaut+1","Warcry+1","Dropkick","Pommel Strike+1","Ghostly Armor","Shrug It Off+1","Fiend Fire","Twin Strike","Writhe","Dropkick","Juggernaut","Feel No Pain+1"],"relics":["Burning Blood","Lantern","Kunai","Bottled Flame","Sozu","Tiny Chest","Whetstone","Enchiridion","Mummified Hand","Fusion Hammer","Red Mask","Unceasing Top","Frozen Egg 2"],"potions_floor_usage":[12,22,33],"damage_taken":[{"damage":12,"enemies":"Small Slimes","floor":1,"turns":4},{"damage":2,"enemies":"Cultist","floor":2,"turns":4},{"damage":2,"enemies":"2 Louse","floor":3,"turns":2},{"damage":5,"enemies":"2 Fungi Beasts","floor":5,"turns":3},{"damage":50,"enemies":"Lagavulin","floor":6,"turns":7},{"damage":11,"enemies":"Looter","floor":8,"turns":4},{"damage":10,"enemies":"3 Louse","floor":10,"turns":3},{"damage":0,"enemies":"Large Slime","floor":12,"turns":6},{"damage":27,"enemies":"Slime Boss","floor":16,"turns":11},{"damage":18,"enemies":"3 Byrds","floor":18,"turns":5},{"damage":24,"enemies":"Spheric Guardian","floor":19,"turns":4},{"damage":15,"enemies":"Centurion and Healer","floor":22,"turns":4},{"damage":27,"enemies":"3 Cultists","floor":24,"turns":6},{"damage":12,"enemies":"Cultist and Chosen","floor":25,"turns":5},{"damage":1,"enemies":"Sentry and Sphere","floor":27,"turns":5},{"damage":9,"enemies":"Colosseum Slavers","floor":30,"turns":4},{"damage":3,"enemies":"Champ","floor":33,"turns":10},{"damage":8,"enemies":"Orb Walker","floor":35,"turns":4},{"damage":35,"enemies":"3 Darklings","floor":37,"turns":6},{"damage":69,"enemies":"Nemesis","floor":41,"turns":5},{"damage":15,"enemies":"Spire Growth","floor":42,"turns":4},{"damage":17,"enemies":"Jaw Worm Horde","floor":45,"turns":2}],"seed_played":"-3822117779798497221","potions_obtained":[{"floor":1,"key":"SmokeBomb"},{"floor":2,"key":"Dexterity Potion"},{"floor":6,"key":"PowerPotion"},{"floor":16,"key":"PowerPotion"}],"is_trial":false,"path_per_floor":["M","M","M","?","M","E","$","M","T","M","$","M","R","?","R","B",null,"M","M","?","$","M","R","M","M","T","M","R","?","?","T","R","B",null,"M","?","M","?","?","R","E","M","T","?","M"],"character_chosen":"IRONCLAD","items_purchased":["Tiny Chest"],"campfire_rested":3,"item_purchase_floors":[21],"current_hp_per_floor":[74,78,80,80,80,36,36,31,31,27,27,33,33,53,53,32,80,68,50,35,35,26,51,30,24,24,29,29,13,10,10,35,38,85,83,85,56,56,56,81,18,9,9,9,0],"gold":150,"neow_bonus":"RANDOM_COMMON_RELIC","is_prod":false,"is_daily":false,"chose_seed":false,"campfire_upgraded":3,"win_rate":0,"timestamp":1556988512,"path_taken":["M","M","M","?","?","E","$","M","T","M","?","M","R","?","R","BOSS","M","M","?","$","M","R","M","M","T","M","R","?","?","?","R","BOSS","M","?","M","?","?","R","E","?","T","?","M"],"build_version":"2019-01-23","purchased_purges":3,"victory":false,"max_hp_per_floor":[80,80,80,80,80,80,80,80,80,80,80,80,80,80,80,80,80,80,80,85,85,85,85,85,85,85,85,85,85,85,85,85,85,85,85,85,85,85,85,85,85,85,85,85,85],"card_choices":[{"not_picked":["Iron Wave","Cleave"],"picked":"Metallicize","floor":1},{"not_picked":["Burning Pact","Whirlwind"],"picked":"Cleave","floor":2},{"not_picked":["Thunderclap","Dropkick"],"picked":"Armaments","floor":3},{"not_picked":["Twin Strike","Wild Strike"],"picked":"Corruption","floor":5},{"not_picked":["Thunderclap","Sever Soul","Immolate"],"picked":"SKIP","floor":6},{"not_picked":["Thunderclap","Clothesline"],"picked":"Carnage","floor":8},{"not_picked":["Burning Pact","Searing Blow"],"picked":"Power Through","floor":10},{"not_picked":["Heavy Blade","Power Through"],"picked":"Anger","floor":12},{"not_picked":["Offering","Impervious"],"picked":"Juggernaut","floor":16},{"not_picked":["Body Slam","Sword Boomerang"],"picked":"Warcry+1","floor":18},{"not_picked":["Fire Breathing+1","Infernal Blade"],"picked":"Dropkick","floor":19},{"not_picked":["Metallicize","Cleave"],"picked":"Pommel Strike+1","floor":24},{"not_picked":["Bloodletting","Wild Strike"],"picked":"Ghostly Armor","floor":25},{"not_picked":["Dual Wield","Perfected Strike"],"picked":"Shrug It Off+1","floor":27},{"not_picked":["Offering","Immolate"],"picked":"Fiend Fire","floor":33},{"not_picked":["Clothesline+1","Havoc+1"],"picked":"Twin Strike","floor":35},{"not_picked":["Clash","Twin Strike"],"picked":"Dropkick","floor":37},{"not_picked":["Clothesline","Iron Wave+1"],"picked":"Juggernaut","floor":41},{"not_picked":["Combust+1","Flex"],"picked":"Feel No Pain+1","floor":42}],"player_experience":187356,"relics_obtained":[{"floor":6,"key":"Kunai"},{"floor":9,"key":"Bottled Flame"},{"floor":26,"key":"Whetstone"},{"floor":29,"key":"Enchiridion"},{"floor":31,"key":"Mummified Hand"},{"floor":41,"key":"Unceasing Top"},{"floor":43,"key":"Frozen Egg 2"}],"event_choices":[{"cards_removed":["Defend_R"],"damage_healed":0,"gold_gain":0,"player_choice":"Offered Basic","damage_taken":0,"max_hp_gain":0,"max_hp_loss":0,"event_name":"Bonfire Elementals","floor":4,"gold_loss":0},{"damage_healed":20,"gold_gain":0,"player_choice":"Healed and dodged fight","damage_taken":0,"max_hp_gain":0,"max_hp_loss":0,"event_name":"Mushrooms","floor":14,"gold_loss":0,"cards_obtained":["Parasite"]},{"damage_healed":0,"gold_gain":0,"player_choice":"Shed Blood","damage_taken":20,"max_hp_gain":5,"max_hp_loss":0,"event_name":"Forgotten Altar","floor":20,"gold_loss":0},{"damage_healed":0,"gold_gain":0,"player_choice":"Obtained Book","damage_taken":16,"max_hp_gain":0,"max_hp_loss":0,"event_name":"Cursed Tome","floor":29,"gold_loss":0},{"damage_healed":0,"gold_gain":0,"player_choice":"Fight","damage_taken":0,"max_hp_gain":0,"max_hp_loss":0,"event_name":"Colosseum","floor":30,"gold_loss":0},{"damage_healed":0,"gold_gain":0,"player_choice":"Fled From Nobs","damage_taken":0,"max_hp_gain":0,"max_hp_loss":0,"event_name":"Colosseum","floor":30,"gold_loss":0},{"damage_healed":21,"gold_gain":0,"player_choice":"Writhe","damage_taken":0,"max_hp_gain":0,"max_hp_loss":0,"event_name":"Winding Halls","floor":36,"gold_loss":0,"cards_obtained":["Writhe"]},{"damage_healed":0,"gold_gain":0,"player_choice":"Paid","damage_taken":0,"relics_obtained":["Red Mask"],"max_hp_gain":0,"max_hp_loss":0,"event_name":"Tomb of Lord Red Mask","floor":38,"gold_loss":189},{"damage_healed":0,"gold_gain":100,"player_choice":"Pray","damage_taken":0,"max_hp_gain":0,"max_hp_loss":0,"event_name":"Golden Shrine","floor":39,"gold_loss":0},{"damage_healed":0,"gold_gain":0,"player_choice":"Ignored","damage_taken":0,"max_hp_gain":0,"max_hp_loss":0,"event_name":"SecretPortal","floor":44,"gold_loss":0}],"is_beta":false,"boss_relics":[{"not_picked":["Runic Pyramid","Coffee Dripper"],"picked":"Sozu"},{"not_picked":["Runic Dome","Mark of Pain"],"picked":"Fusion Hammer"}],"items_purged_floors":[7,11,21],"is_endless":false,"potions_floor_spawned":[1,2,6,16,18,22,25,33,35],"killed_by":"Jaw Worm Horde","ascension_level":3}