{"gold_per_floor":[113,113,113,113,138,138,176,197,197,235,251,286,286,299,299,393,393,411,435,75,100,100,143,143,177,204,237,166,166,190,203,203,298,298,317,386,261,261,286,286,130,154,154,195,195,230,248,282,282,282],"floor_reached":51,"playtime":2170,"items_purged":["Strike_R","Normality"],"score":1604,"play_id":"5c06a738-23a7-4485-94cb-75e8336b8de5","local_time":"20190329174349","is_ascension_mode":true,"campfire_choices":[{"data":"Pommel Strike","floor":6.0,"key":"SMITH"},{"data":"Demon Form","floor":13.0,"key":"SMITH"},{"data":"Armaments","floor":15.0,"key":"SMITH"},{"data":"Dark Embrace","floor":24.0,"key":"SMITH"},{"floor":32.0,"key":"REST"},{"data":"Heavy Blade","floor":40.0,"key":"SMITH"},{"floor":45,"key":"REST"},{"floor":49,"key":"REST"}],"neow_cost":"NONE","seed_source_timestamp":35315968441639,"circlet_count":0,"master_deck":["AscendersBane","Strike_R+1","Strike_R+1","Strike_R+1","Defend_R+1","Defend_R+1","Defend_R+1","Defend_R+1","Bash+1","Disarm+1","Pommel Strike+1","Demon Form+1","Twin Strike","Armaments+1","Battle Trance","Heavy Blade+1","Havoc","Fiend Fire","Shrug It Off","Anger+1","Cleave","Dark Embrace+1","Headbutt+1","Second Wind","Warcry","Barricade","Corruption","Shrug It Off","Shrug It Off+1","Limit Break"],"special_seed":0,"relics":["Burning Blood","Golden Idol","FossilizedHelix","Du-Vu Doll","Singing Bowl","Cursed Key","Matryoshka","Nloth\u0027s Gift","Self Forming Clay","Blue Candle","Ornamental Fan","Regal Pillow","Mercury Hourglass","Snecko Eye","Calipers","PreservedInsect","Peace Pipe","Juzu Bracelet","Art of War"],"potions_floor_usage":[44,50],"damage_taken":[{"damage":2.0,"enemies":"Jaw Worm","floor":1.0,"turns":3.0},{"damage":5.0,"enemies":"Small Slimes","floor":5.0,"turns":4.0},{"damage":24.0,"enemies":"Gremlin Nob","floor":7.0,"turns":4.0},{"damage":4.0,"enemies":"2 Louse","floor":8.0,"turns":3.0},{"damage":20.0,"enemies":"3 Sentries","floor":10.0,"turns":9.0},{"damage":7.0,"enemies":"Lots of Slimes","floor":11.0,"turns":6.0},{"damage":0.0,"enemies":"Gremlin Nob","floor":12.0,"turns":3.0},{"damage":5.0,"enemies":"Blue Slaver","floor":14.0,"turns":5.0},{"damage":24.0,"enemies":"Hexaghost","floor":16.0,"turns":7.0},{"damage":0.0,"enemies":"Chosen","floor":18.0,"turns":3.0},{"damage":4.0,"enemies":"Shell Parasite","floor":19.0,"turns":4.0},{"damage":10.0,"enemies":"3 Cultists","floor":21.0,"turns":4.0},{"damage":0.0,"enemies":"Gremlin Leader","floor":23.0,"turns":6.0},{"damage":37.0,"enemies":"Slavers","floor":25.0,"turns":6.0},{"damage":0.0,"enemies":"Gremlin Leader","floor":27.0,"turns":4.0},{"damage":4.0,"enemies":"Chosen and Byrds","floor":30.0,"turns":4.0},{"damage":12.0,"enemies":"Snake Plant","floor":31.0,"turns":3.0},{"damage":51.0,"enemies":"Automaton","floor":33.0,"turns":7.0},{"damage":2.0,"enemies":"3 Shapes","floor":35.0,"turns":4.0},{"damage":14.0,"enemies":"2 Orb Walkers","floor":36.0,"turns":4.0},{"damage":15.0,"enemies":"3 Darklings","floor":39.0,"turns":5.0},{"damage":0.0,"enemies":"Sphere and 2 Shapes","floor":42.0,"turns":3.0},{"damage":39,"enemies":"Reptomancer","floor":44,"turns":5},{"damage":0,"enemies":"Giant Head","floor":46,"turns":4},{"damage":15,"enemies":"4 Shapes","floor":47,"turns":6},{"damage":25,"enemies":"Reptomancer","floor":48,"turns":5},{"damage":55,"enemies":"Time Eater","floor":50,"turns":7}],"seed_played":"6324311951873382439","potions_obtained":[{"floor":1.0,"key":"Weak Potion"},{"floor":7.0,"key":"SteroidPotion"},{"floor":14.0,"key":"SkillPotion"},{"floor":16.0,"key":"SneckoOil"},{"floor":21.0,"key":"Energy Potion"},{"floor":25.0,"key":"Block Potion"},{"floor":31.0,"key":"Strength Potion"},{"floor":39.0,"key":"Explosive Potion"},{"floor":42.0,"key":"Strength Potion"},{"floor":46,"key":"FearPotion"}],"is_trial":false,"path_per_floor":["M","?","?","?","M","R","E","M","T","E","M","E","R","M","R","B",null,"M","M","$","M","?","E","R","E","T","E","$","?","M","M","R","B",null,"M","?","$","?","M","R","$","M","T","E","R","E","M","E","R","B",null],"character_chosen":"IRONCLAD","items_purchased":["Matryoshka","Cleave","Second Wind","Shrug It Off","PreservedInsect"],"campfire_rested":3,"item_purchase_floors":[20,20,28,37,41],"current_hp_per_floor":[72,72,68,68,68,68,50,52,52,38,37,43,43,44,44,26,58,64,66,66,64,64,70,70,39,39,47,47,47,51,45,74,29,63,69,61,61,63,54,54,54,62,62,31,70,76,69,52,86,37],"gold":282,"neow_bonus":"UPGRADE_CARD","is_prod":false,"is_daily":false,"chose_seed":false,"campfire_upgraded":5,"win_rate":0,"timestamp":1553906629,"path_taken":["M","?","?","?","M","R","E","M","T","E","M","E","R","?","R","BOSS","M","M","$","M","?","E","R","E","T","E","?","?","M","M","R","BOSS","M","?","$","?","M","R","$","M","T","E","R","E","M","E","R","BOSS"],"build_version":"2019-01-23","purchased_purges":2,"victory":true,"max_hp_per_floor":[75,75,68,68,68,68,68,68,68,68,68,68,68,68,68,68,68,68,68,68,70,70,70,70,70,70,72,72,72,74,74,74,74,74,76,76,76,78,78,78,78,80,80,82,82,82,84,86,86,86],"card_choices":[{"not_picked":["Warcry","Sword Boomerang"],"picked":"Disarm","floor":1.0},{"not_picked":["Body Slam","Shrug It Off"],"picked":"Pommel Strike","floor":5.0},{"not_picked":["Warcry","Flex"],"picked":"Demon Form","floor":7.0},{"not_picked":["True Grit","Infernal Blade"],"picked":"Twin Strike","floor":8.0},{"not_picked":["Clothesline","Sentinel"],"picked":"Armaments","floor":10.0},{"not_picked":["Pommel Strike","Flex"],"picked":"Battle Trance","floor":11.0},{"not_picked":["Iron Wave","Intimidate"],"picked":"Heavy Blade","floor":12.0},{"not_picked":["Carnage","Dual Wield"],"picked":"Havoc","floor":14.0},{"not_picked":["Dark Embrace","Exhume"],"picked":"Fiend Fire","floor":16.0},{"not_picked":["Entrench","Headbutt"],"picked":"Shrug It Off","floor":18.0},{"not_picked":["Dropkick","Perfected Strike"],"picked":"Anger+1","floor":19.0},{"not_picked":["Pommel Strike","Cleave+1","Heavy Blade"],"picked":"Singing Bowl","floor":21.0},{"not_picked":["Brutality","Juggernaut"],"picked":"Dark Embrace","floor":23.0},{"not_picked":["Inflame","Pummel"],"picked":"Headbutt+1","floor":25.0},{"not_picked":["Perfected Strike","Ghostly Armor","Flex"],"picked":"Singing Bowl","floor":27.0},{"not_picked":["Seeing Red","Berserk","Iron Wave"],"picked":"Singing Bowl","floor":30.0},{"not_picked":["Havoc","Armaments"],"picked":"Warcry","floor":31.0},{"not_picked":["Fiend Fire","Bludgeon"],"picked":"Barricade","floor":33.0},{"not_picked":["Rupture","Clash","Warcry"],"picked":"Singing Bowl","floor":35.0},{"not_picked":["Havoc","Seeing Red"],"picked":"Corruption","floor":36.0},{"not_picked":["Jack Of All Trades","Blind","Good Instincts"],"picked":"Singing Bowl","floor":38.0},{"not_picked":["Perfected Strike+1","Whirlwind"],"picked":"Shrug It Off+1","floor":39.0},{"not_picked":["Second Wind","Burning Pact","Power Through"],"picked":"Singing Bowl","floor":42.0},{"not_picked":["Bloodletting","Double Tap","Headbutt+1"],"picked":"Singing Bowl","floor":44},{"not_picked":["Brutality","Armaments"],"picked":"Limit Break","floor":46},{"not_picked":["Sword Boomerang","Clothesline","True Grit"],"picked":"Singing Bowl","floor":47},{"not_picked":["Twin Strike+1","Sever Soul","Power Through"],"picked":"Singing Bowl","floor":48}],"player_experience":2398094,"relics_obtained":[{"floor":7.0,"key":"FossilizedHelix"},{"floor":9.0,"key":"Du-Vu Doll"},{"floor":10.0,"key":"Smiling Mask"},{"floor":12.0,"key":"Singing Bowl"},{"floor":23.0,"key":"Self Forming Clay"},{"floor":25.0,"key":"Blue Candle"},{"floor":26.0,"key":"Ornamental Fan"},{"floor":26.0,"key":"Regal Pillow"},{"floor":27.0,"key":"Mercury Hourglass"},{"floor":36.0,"key":"Calipers"},{"floor":44,"key":"Peace Pipe"},{"floor":46,"key":"Juzu Bracelet"},{"floor":48,"key":"Art of War"}],"event_choices":[{"damage_healed":0.0,"max_hp_gain":0.0,"max_hp_loss":0.0,"gold_gain":0.0,"event_name":"Living Wall","player_choice":"Grow","floor":2.0,"gold_loss":0.0,"damage_taken":0.0,"cards_upgraded":["Disarm"]},{"damage_healed":0.0,"max_hp_gain":0.0,"max_hp_loss":7.0,"gold_gain":0.0,"event_name":"Golden Idol","player_choice":"Lose Max HP","floor":3.0,"gold_loss":0.0,"damage_taken":0.0,"relics_obtained":["Golden Idol"]},{"cards_removed":["Strike_R"],"damage_healed":0.0,"max_hp_gain":0.0,"max_hp_loss":0.0,"gold_gain":0.0,"event_name":"Bonfire Elementals","player_choice":"Offered Basic","floor":4.0,"gold_loss":0.0,"damage_taken":0.0},{"damage_healed":0.0,"max_hp_gain":0.0,"max_hp_loss":0.0,"gold_gain":0.0,"event_name":"N\u0027loth","player_choice":"Traded Relic","floor":22.0,"relics_lost":["Smiling Mask"],"gold_loss":0.0,"damage_taken":0.0,"relics_obtained":["Nloth\u0027s Gift"]},{"damage_healed":0.0,"max_hp_gain":0.0,"max_hp_loss":0.0,"gold_gain":0.0,"event_name":"Back to Basics","player_choice":"Simplicity","floor":29.0,"gold_loss":0.0,"damage_taken":0.0,"cards_upgraded":["Strike_R","Strike_R","Strike_R","Defend_R","Defend_R","Defend_R","Defend_R"]},{"damage_healed":0.0,"max_hp_gain":0.0,"max_hp_loss":0.0,"gold_gain":0.0,"event_name":"Mysterious Sphere","player_choice":"Fight","floor":36.0,"gold_loss":0.0,"damage_taken":0.0},{"damage_healed":0.0,"max_hp_gain":0.0,"max_hp_loss":0.0,"gold_gain":0.0,"event_name":"SensoryStone","player_choice":"Memory 1","floor":38.0,"gold_loss":0.0,"damage_taken":0.0}],"is_beta":false,"boss_relics":[{"not_picked":["Mark of Pain","Runic Dome"],"picked":"Cursed Key"},{"not_picked":["White Beast Statue","Lizard Tail"],"picked":"Snecko Eye"}],"items_purged_floors":[20,37],"is_endless":false,"potions_floor_spawned":[1,7,14,16,21,25,30,31,39,42,46,47],"ascension_level":15}