{"gold_per_floor":[117,134,15,31,41,41,69,69,122,161,186,210,222,234,246,347,359,391,382,427,458,520,532,584,616,651,173,209,209,230,230],"floor_reached":31,"playtime":1177,"items_purged":["Strike_G","Strike_G"],"score":624,"play_id":"355728c2-cac5-427d-aeb3-1173320c3ae3","local_time":"20181208005647","is_ascension_mode":true,"campfire_choices":[{"data":"Blade Dance","floor":6.0,"key":"SMITH"},{"floor":13.0,"key":"REST"},{"data":"Cloak And Dagger","floor":15.0,"key":"SMITH"},{"floor":23.0,"key":"REST"},{"floor":29.0,"key":"REST"}],"neow_cost":"NONE","seed_source_timestamp":9788371907555,"circlet_count":0,"master_deck":["AscendersBane","Defend_G","Defend_G","Defend_G","Defend_G","Defend_G","Strike_G","Strike_G","Strike_G","Survivor","Neutralize","Footwork","Finisher","Blade Dance+1","Accuracy+1","Cloak And Dagger+1","Terror+1","PiercingWail+1","Backflip+1","Backstab","Well Laid Plans","Burst","Noxious Fumes"],"special_seed":0,"relics":["Ring of the Snake","NeowsBlessing","Ninja Scroll","MawBank","Centennial Puzzle","Golden Idol","White Beast Statue","Red Mask","Bag of Marbles","Art of War","War Paint","The Specimen"],"potions_floor_usage":[31],"damage_taken":[{"damage":0.0,"enemies":"Small Slimes","floor":1.0,"turns":1.0},{"damage":0.0,"enemies":"Cultist","floor":2.0,"turns":1.0},{"damage":0.0,"enemies":"Jaw Worm","floor":4.0,"turns":1.0},{"damage":8.0,"enemies":"2 Fungi Beasts","floor":5.0,"turns":6.0},{"damage":13.0,"enemies":"Lagavulin","floor":7.0,"turns":8.0},{"damage":36.0,"enemies":"3 Sentries","floor":10.0,"turns":10.0},{"damage":0.0,"enemies":"Exordium Thugs","floor":11.0,"turns":3.0},{"damage":0.0,"enemies":"3 Louse","floor":12.0,"turns":1.0},{"damage":20.0,"enemies":"Slime Boss","floor":16.0,"turns":4.0},{"damage":11.0,"enemies":"Spheric Guardian","floor":18.0,"turns":3.0},{"damage":6.0,"enemies":"2 Thieves","floor":19.0,"turns":4.0},{"damage":12.0,"enemies":"Masked Bandits","floor":20.0,"turns":4.0},{"damage":0.0,"enemies":"Snake Plant","floor":21.0,"turns":3.0},{"damage":26.0,"enemies":"Gremlin Leader","floor":24.0,"turns":5.0},{"damage":4.0,"enemies":"Shelled Parasite and Fungi","floor":25.0,"turns":4.0},{"damage":0.0,"enemies":"Slavers","floor":28.0,"turns":6.0},{"damage":0.0,"enemies":"Cultist and Chosen","floor":30.0,"turns":4.0},{"damage":1,"enemies":"Colosseum Slavers","floor":31,"turns":2},{"damage":45,"enemies":"Colosseum Nobs","floor":31,"turns":4}],"seed_played":"1028263275617045989","potions_obtained":[{"floor":1.0,"key":"Poison Potion"},{"floor":5.0,"key":"Weak Potion"},{"floor":7.0,"key":"Energy Potion"},{"floor":11.0,"key":"Explosive Potion"},{"floor":18.0,"key":"Strength Potion"},{"floor":19.0,"key":"Weak Potion"},{"floor":20.0,"key":"Energy Potion"},{"floor":21.0,"key":"Explosive Potion"},{"floor":24.0,"key":"Strength Potion"},{"floor":25.0,"key":"LiquidBronze"},{"floor":28.0,"key":"EssenceOfSteel"},{"floor":30.0,"key":"LiquidBronze"}],"is_trial":false,"path_per_floor":["M","M","$","M","M","R","E","?","T","E","M","M","R","?","R","B",null,"M","M","?","M","?","R","E","M","T","$","E","R","M","?"],"character_chosen":"THE_SILENT","items_purchased":["Finisher","Dexterity Potion","Backstab","War Paint","Well Laid Plans"],"campfire_rested":3,"item_purchase_floors":[3,27,27,27,27],"current_hp_per_floor":[59,59,59,59,51,51,38,38,38,2,2,2,21,21,21,1,45,34,28,16,16,16,34,8,4,4,4,4,22,22,0],"gold":230,"neow_bonus":"THREE_ENEMY_KILL","is_prod":false,"is_daily":false,"chose_seed":false,"campfire_upgraded":2,"win_rate":0,"timestamp":1544201807,"path_taken":["M","M","$","M","M","R","E","?","T","E","?","M","R","?","R","BOSS","M","M","?","M","?","R","E","?","T","$","E","R","M","?"],"build_version":"2018-12-06","purchased_purges":2,"victory":false,"max_hp_per_floor":[66,66,66,66,66,66,66,66,66,66,66,66,66,60,60,60,60,60,60,60,60,60,60,60,60,60,60,60,60,60,60],"card_choices":[{"not_picked":["Dash","Acrobatics"],"picked":"Footwork","floor":1.0},{"not_picked":["Prepared","Slice","PiercingWail"],"picked":"SKIP","floor":2.0},{"not_picked":["Outmaneuver","Dagger Throw","Quick Slash"],"picked":"SKIP","floor":4.0},{"not_picked":["Dagger Spray","Deflect"],"picked":"Blade Dance","floor":5.0},{"not_picked":["Footwork","Bane"],"picked":"Accuracy","floor":7.0},{"not_picked":["Bane","Dodge and Roll"],"picked":"Cloak And Dagger","floor":10.0},{"not_picked":["Doppelganger","Dodge and Roll"],"picked":"Terror","floor":11.0},{"not_picked":["Dash","Deflect","Terror"],"picked":"SKIP","floor":12.0},{"not_picked":["Underhanded Strike","Deadly Poison","Bouncing Flask+1"],"picked":"SKIP","floor":18.0},{"not_picked":["Underhanded Strike","Deadly Poison","Bouncing Flask+1"],"picked":"SKIP","floor":18.0},{"not_picked":["Dagger Spray","Deadly Poison","Acrobatics"],"picked":"SKIP","floor":19.0},{"not_picked":["Flying Knee","Dagger Spray","Distraction"],"picked":"SKIP","floor":21.0},{"not_picked":["Deflect","Corpse Explosion"],"picked":"PiercingWail+1","floor":24.0},{"not_picked":["Bane","Dagger Spray"],"picked":"Backflip","floor":25.0},{"not_picked":["Distraction","Backflip"],"picked":"Burst","floor":28.0},{"not_picked":["Dagger Throw","Sucker Punch"],"picked":"Noxious Fumes","floor":30.0}],"player_experience":2305214,"relics_obtained":[{"floor":7.0,"key":"Ninja Scroll"},{"floor":9.0,"key":"MawBank"},{"floor":10.0,"key":"Centennial Puzzle"},{"floor":20.0,"key":"Red Mask"},{"floor":24.0,"key":"Bag of Marbles"},{"floor":26.0,"key":"Art of War"},{"floor":28.0,"key":"The Specimen"}],"event_choices":[{"damage_healed":0.0,"max_hp_gain":0.0,"max_hp_loss":0.0,"gold_gain":0.0,"event_name":"Accursed Blacksmith","player_choice":"Forge","floor":8.0,"gold_loss":0.0,"damage_taken":0.0,"cards_upgraded":["Accuracy"]},{"damage_healed":0.0,"max_hp_gain":0.0,"max_hp_loss":6.0,"gold_gain":0.0,"event_name":"Golden Idol","player_choice":"Lose Max HP","floor":14.0,"gold_loss":0.0,"damage_taken":0.0,"relics_obtained":["Golden Idol"]},{"damage_healed":0.0,"max_hp_gain":0.0,"max_hp_loss":0.0,"gold_gain":0.0,"event_name":"Masked Bandits","player_choice":"Fought Bandits","floor":20.0,"gold_loss":0.0,"damage_taken":0.0},{"damage_healed":0.0,"max_hp_gain":0.0,"max_hp_loss":0.0,"gold_gain":50.0,"event_name":"Golden Shrine","player_choice":"Pray","floor":22.0,"gold_loss":0.0,"damage_taken":0.0},{"damage_healed":0,"gold_gain":0,"player_choice":"Fight","damage_taken":0,"max_hp_gain":0,"max_hp_loss":0,"event_name":"Colosseum","floor":31,"gold_loss":0},{"damage_healed":0,"gold_gain":0,"player_choice":"Fought Nobs","damage_taken":0,"max_hp_gain":0,"max_hp_loss":0,"event_name":"Colosseum","floor":31,"gold_loss":0}],"is_beta":false,"boss_relics":[{"not_picked":["HoveringKite","Calling Bell"],"picked":"White Beast Statue"}],"items_purged_floors":[3,27],"is_endless":false,"potions_floor_spawned":[1,5,7,11,18,19,20,21,24,25,28,30,31],"killed_by":"Colosseum Nobs","ascension_level":20}