{"gold_per_floor":[114,189,205,205,218,246,262,294,294,309,339,57,72,86,86,165,165,177,193,208,221,271,330,330,330,357,357,382,397,427,440,440,514,514,530,530,541,552,64,64,99,99,122,122,152,166,166,177,177,177,177],"floor_reached":52,"playtime":2620,"items_purged":[],"score":2492,"play_id":"26d194b4-e502-49cd-984a-8b8250ce6f99","local_time":"20181005091954","daily_mods":["SealedDeck"],"is_ascension_mode":true,"campfire_choices":[{"data":"Defragment","floor":15,"key":"SMITH"},{"data":"Capacitor","floor":24,"key":"SMITH"},{"data":"Go for the Eyes","floor":32,"key":"SMITH"},{"data":"Apotheosis","floor":40,"key":"SMITH"},{"data":"Genetic Algorithm","floor":42,"key":"SMITH"},{"data":"Coolheaded","floor":44,"key":"SMITH"},{"data":"FTL","floor":47,"key":"SMITH"},{"data":"Beam Cell","floor":49,"key":"SMITH"}],"neow_cost":"","seed_source_timestamp":0,"circlet_count":0,"master_deck":["AscendersBane","White Noise","Beam Cell+1","Steam","Glacier","Ball Lightning","BootSequence","Genetic Algorithm+1","Cold Snap","Compile Driver","Go for the Eyes+1","Capacitor+1","Coolheaded+1","Defragment+1","Electrodynamics+1","FTL+1","Biased Cognition+1","Apotheosis+1","Capacitor+1"],"relics":["Cracked Core","Unceasing Top","Shuriken","Mango","Bird Faced Urn","Frozen Egg 2","Nuclear Battery","Tiny Chest","Omamori","Letter Opener","Anchor","Cables","Runic Dome","Bottled Lightning","Boot","Blood Vial","Pantograph"],"potions_floor_usage":[10,11,28,51,51],"damage_taken":[{"damage":1,"enemies":"Jaw Worm","floor":1,"turns":3},{"damage":0,"enemies":"2 Louse","floor":3,"turns":3},{"damage":0,"enemies":"Small Slimes","floor":5,"turns":3},{"damage":11,"enemies":"Gremlin Nob","floor":6,"turns":4},{"damage":8,"enemies":"3 Louse","floor":7,"turns":4},{"damage":0,"enemies":"Lagavulin","floor":8,"turns":6},{"damage":0,"enemies":"Gremlin Gang","floor":10,"turns":5},{"damage":0,"enemies":"Gremlin Nob","floor":11,"turns":4},{"damage":0,"enemies":"Red Slaver","floor":13,"turns":3},{"damage":1,"enemies":"Lots of Slimes","floor":14,"turns":4},{"damage":0,"enemies":"Slime Boss","floor":16,"turns":10},{"damage":0,"enemies":"2 Thieves","floor":18,"turns":3},{"damage":0,"enemies":"Shell Parasite","floor":19,"turns":4},{"damage":4,"enemies":"Cultist and Chosen","floor":20,"turns":5},{"damage":0,"enemies":"Chosen and Byrds","floor":21,"turns":4},{"damage":0,"enemies":"Gremlin Leader","floor":23,"turns":5},{"damage":0,"enemies":"Slavers","floor":28,"turns":3},{"damage":9,"enemies":"Snake Plant","floor":29,"turns":3},{"damage":0,"enemies":"Gremlin Leader","floor":30,"turns":4},{"damage":23,"enemies":"Snecko","floor":31,"turns":5},{"damage":0,"enemies":"Champ","floor":33,"turns":6},{"damage":0,"enemies":"3 Shapes","floor":35,"turns":4},{"damage":5,"enemies":"3 Darklings","floor":37,"turns":3},{"damage":3,"enemies":"Sphere and 2 Shapes","floor":38,"turns":3},{"damage":0,"enemies":"Giant Head","floor":41,"turns":6},{"damage":0,"enemies":"Nemesis","floor":45,"turns":5},{"damage":0,"enemies":"Reptomancer","floor":46,"turns":4},{"damage":0,"enemies":"4 Shapes","floor":48,"turns":3},{"damage":1,"enemies":"Donu and Deca","floor":50,"turns":6},{"damage":10,"enemies":"Time Eater","floor":51,"turns":10}],"seed_played":"6546770335956434442","potions_obtained":[{"floor":1,"key":"Swift Potion"},{"floor":8,"key":"Block Potion"},{"floor":10,"key":"Block Potion"},{"floor":11,"key":"SpeedPotion"},{"floor":14,"key":"Dexterity Potion"},{"floor":29,"key":"Dexterity Potion"},{"floor":38,"key":"FocusPotion"}],"is_trial":true,"path_per_floor":["M","?","M","?","M","E","M","E","T","M","E","$","M","M","R","B",null,"M","M","M","M","?","E","R","$","T","T","E","M","E","M","R","B",null,"M","?","M","M","$","R","E","R","T","R","E","M","R","M","R","B","B"],"character_chosen":"DEFECT","items_purchased":["Frozen Egg 2","Apotheosis","Bottled Lightning"],"campfire_rested":0,"item_purchase_floors":[12,39,39],"current_hp_per_floor":[63,52,52,52,52,41,33,33,47,47,47,47,53,56,56,62,79,85,85,81,85,85,85,85,85,85,85,85,76,84,66,66,78,83,85,81,81,80,80,80,81,81,81,81,81,81,81,81,81,81,71],"gold":177,"neow_bonus":"","is_prod":false,"is_daily":false,"chose_seed":false,"campfire_upgraded":8,"win_rate":0,"timestamp":1538756394,"path_taken":["M","?","M","?","M","E","M","E","T","M","E","$","M","?","R","BOSS","M","?","M","?","?","E","R","$","T","?","E","?","E","M","R","BOSS","M","?","M","M","$","R","E","R","T","R","E","?","R","M","R","BOSS","BOSS"],"build_version":"2018-10-04","purchased_purges":0,"victory":true,"max_hp_per_floor":[71,71,71,71,71,71,71,71,85,85,85,85,85,85,85,85,85,85,85,85,85,85,85,85,85,85,85,85,85,85,85,85,85,85,85,81,81,81,81,81,81,81,81,81,81,81,81,81,81,81,81],"card_choices":[{"not_picked":["Turbo","Force Field"],"picked":"Capacitor","floor":1},{"not_picked":["Go for the Eyes","Steam","Cold Snap"],"picked":"SKIP","floor":3},{"not_picked":["Scrape","Conserve Battery"],"picked":"Coolheaded","floor":5},{"not_picked":["Rebound","Machine Learning","Scrape"],"picked":"SKIP","floor":6},{"not_picked":["Reprogram","Turbo"],"picked":"Defragment","floor":7},{"not_picked":["Hello World","Doom and Gloom","Double Energy"],"picked":"SKIP","floor":8},{"not_picked":["Skim","Turbo","Stack"],"picked":"SKIP","floor":10},{"not_picked":["Undo","Compile Driver","Ball Lightning"],"picked":"SKIP","floor":11},{"not_picked":["Genetic Algorithm","Blizzard","Hologram"],"picked":"SKIP","floor":13},{"not_picked":["Cold Snap","Ball Lightning","Redo"],"picked":"SKIP","floor":14},{"not_picked":["Machine Learning+1","Echo Form+1"],"picked":"Electrodynamics+1","floor":16},{"not_picked":["Force Field","Doom and Gloom","Hologram"],"picked":"SKIP","floor":18},{"not_picked":["Stack","Reprogram","Auto Shields"],"picked":"SKIP","floor":19},{"not_picked":["Sunder","Cold Snap+1","Hologram"],"picked":"SKIP","floor":20},{"not_picked":["Gash","Go for the Eyes","Leap"],"picked":"SKIP","floor":21},{"not_picked":["Recycle","Rip and Tear","Blizzard"],"picked":"SKIP","floor":23},{"not_picked":["Genetic Algorithm","Glacier","Reinforced Body"],"picked":"SKIP","floor":28},{"not_picked":["Scrape","Beam Cell"],"picked":"FTL","floor":29},{"not_picked":["Compile Driver","Conserve Battery","Tempest+1"],"picked":"SKIP","floor":30},{"not_picked":["Undo","Steam","Barrage+1"],"picked":"SKIP","floor":31},{"not_picked":["All For One","Thunder Strike"],"picked":"Biased Cognition+1","floor":33},{"not_picked":["Rebound","Stack","Redo+1"],"picked":"SKIP","floor":35},{"not_picked":["Undo","Leap","Machine Learning+1"],"picked":"SKIP","floor":37},{"not_picked":["Compile Driver","Hello World+1","White Noise"],"picked":"SKIP","floor":38},{"not_picked":["Cold Snap","Recycle","Gash+1"],"picked":"SKIP","floor":41},{"not_picked":["Gash","Cold Snap","Doom and Gloom"],"picked":"SKIP","floor":45},{"not_picked":["Rip and Tear+1","Coolheaded"],"picked":"Capacitor+1","floor":46},{"not_picked":["Stack+1","Glacier","Melter"],"picked":"SKIP","floor":48}],"player_experience":1272760,"relics_obtained":[{"floor":6,"key":"Unceasing Top"},{"floor":8,"key":"Shuriken"},{"floor":9,"key":"Mango"},{"floor":11,"key":"Bird Faced Urn"},{"floor":23,"key":"Tiny Chest"},{"floor":26,"key":"Omamori"},{"floor":27,"key":"Letter Opener"},{"floor":28,"key":"Anchor"},{"floor":30,"key":"Cables"},{"floor":41,"key":"Boot"},{"floor":43,"key":"Blood Vial"},{"floor":45,"key":"Pantograph"}],"event_choices":[{"event_name":"World of Goop","player_choice":"Gather Gold","floor":2,"damage_taken":0},{"event_name":"Liars Game","player_choice":"disagreed","floor":4,"damage_taken":0},{"event_name":"Nest","player_choice":"Stole From Cult","floor":22,"damage_taken":0},{"event_name":"Winding Halls","player_choice":"Max HP","floor":36,"damage_taken":0}],"is_beta":false,"boss_relics":[{"not_picked":["Fusion Hammer","FrozenCore"],"picked":"Nuclear Battery"},{"not_picked":["Cursed Key","Pandora\u0027s Box"],"picked":"Runic Dome"}],"items_purged_floors":[],"is_endless":false,"potions_floor_spawned":[1,8,10,11,14,16,21,29,30,35,38],"ascension_level":20}