{"gold_per_floor":[111,121,131,146,156,191,191,202,225,255,274,289,364,59,59,157,157,172,82,102,201,9,40,40,40,64,83,108,108,125,144,144,144],"floor_reached":33,"playtime":3436,"items_purged":["Defend_R"],"score":375,"play_id":"d7f0444d-d43e-4b43-b598-a7ca80610957","local_time":"20190414201810","is_ascension_mode":true,"campfire_choices":[{"data":"Armaments","floor":7,"key":"SMITH"},{"data":"Armaments","floor":15,"key":"SMITH"},{"data":"Demon Form","floor":29,"key":"SMITH"},{"floor":32,"key":"REST"}],"neow_cost":"PERCENT_DAMAGE","seed_source_timestamp":21669435048353,"circlet_count":0,"master_deck":["Strike_R+1","Strike_R","Strike_R","Defend_R","Defend_R","Bash","Carnage","Entrench","Cleave","Armaments+1","Armaments+1","Headbutt","Warcry","Anger","Reckless Charge","Searing Blow","Battle Trance","Flex","Metallicize","Demon Form+1","Iron Wave","Clash","Good Instincts+1","Pummel","Disarm","Beam Cell+1","Dagger Throw+1"],"relics":["Burning Blood","Anchor","Orichalcum","PrismaticShard","Black Star","PreservedInsect","Bag of Preparation","Vajra","Nloth\u0027s Gift","Bronze Scales","Girya","Bottled Tornado"],"potions_floor_usage":[10,16,16,23,27,28,30,31],"damage_taken":[{"damage":1,"enemies":"Cultist","floor":1,"turns":3},{"damage":7,"enemies":"Jaw Worm","floor":2,"turns":3},{"damage":0,"enemies":"Small Slimes","floor":3,"turns":2},{"damage":16,"enemies":"Blue Slaver","floor":4,"turns":3},{"damage":14,"enemies":"Large Slime","floor":5,"turns":5},{"damage":35,"enemies":"Lagavulin","floor":6,"turns":4},{"damage":4,"enemies":"Red Slaver","floor":8,"turns":4},{"damage":0,"enemies":"Gremlin Nob","floor":10,"turns":2},{"damage":0,"enemies":"Exordium Wildlife","floor":11,"turns":2},{"damage":4,"enemies":"Exordium Thugs","floor":12,"turns":3},{"damage":32,"enemies":"Slime Boss","floor":16,"turns":10},{"damage":12,"enemies":"2 Thieves","floor":18,"turns":3},{"damage":27,"enemies":"3 Byrds","floor":20,"turns":7},{"damage":15,"enemies":"Slavers","floor":23,"turns":5},{"damage":2,"enemies":"3 Cultists","floor":27,"turns":4},{"damage":11,"enemies":"Book of Stabbing","floor":28,"turns":4},{"damage":36,"enemies":"Snecko","floor":30,"turns":6},{"damage":16,"enemies":"Shelled Parasite and Fungi","floor":31,"turns":5},{"damage":46,"enemies":"Collector","floor":33,"turns":6}],"seed_played":"8779699863463143839","potions_obtained":[{"floor":1,"key":"FairyPotion"},{"floor":3,"key":"Dexterity Potion"},{"floor":6,"key":"FearPotion"},{"floor":11,"key":"Block Potion"},{"floor":20,"key":"AttackPotion"},{"floor":23,"key":"Explosive Potion"},{"floor":27,"key":"Block Potion"},{"floor":28,"key":"SpeedPotion"},{"floor":30,"key":"Regen Potion"}],"is_trial":false,"path_per_floor":["M","M","M","M","M","E","R","M","T","E","M","M","?","$","R","B",null,"M","?","M","?","$","E","?","?","T","M","E","R","M","M","R","B"],"character_chosen":"IRONCLAD","items_purchased":["Metallicize","PrismaticShard","PreservedInsect","Clash"],"campfire_rested":1,"item_purchase_floors":[14,14,22,22],"current_hp_per_floor":[61,60,66,56,48,19,19,21,21,27,33,35,24,24,24,12,80,74,74,53,53,53,44,44,44,44,48,43,43,13,17,41,0],"gold":144,"neow_bonus":"TRANSFORM_TWO_CARDS","is_prod":false,"is_daily":false,"chose_seed":false,"campfire_upgraded":3,"win_rate":0,"timestamp":1555283890,"path_taken":["M","M","M","M","M","E","R","M","T","E","?","M","?","$","R","BOSS","M","?","?","?","$","E","?","?","T","M","E","R","M","M","R","BOSS"],"build_version":"2019-01-23","purchased_purges":1,"victory":false,"max_hp_per_floor":[80,80,80,80,80,80,80,80,80,80,80,80,80,80,80,80,80,80,80,80,80,80,80,80,80,80,80,80,80,80,80,80,80],"card_choices":[{"not_picked":["Bloodletting","Havoc"],"picked":"Cleave","floor":1},{"not_picked":["Ghostly Armor","Shrug It Off"],"picked":"Armaments","floor":2},{"not_picked":["Bloodletting","Havoc"],"picked":"Armaments","floor":3},{"not_picked":["Reckless Charge","Twin Strike"],"picked":"Headbutt","floor":4},{"not_picked":["Flex","Flame Barrier"],"picked":"Warcry","floor":5},{"not_picked":["Berserk","Double Tap"],"picked":"Anger","floor":6},{"not_picked":["Armaments","Cleave"],"picked":"Reckless Charge","floor":8},{"not_picked":["Fire Breathing","Offering"],"picked":"Searing Blow","floor":10},{"not_picked":["Thunderclap","Headbutt"],"picked":"Battle Trance","floor":11},{"not_picked":["Perfected Strike","Flame Barrier"],"picked":"Flex","floor":12},{"not_picked":["Storm of Steel","Venomology"],"picked":"Demon Form","floor":16},{"not_picked":["Perfected Strike","Prepared","Heavy Blade+1"],"picked":"SKIP","floor":18},{"not_picked":["Leap","Clothesline"],"picked":"Iron Wave","floor":20},{"not_picked":["Cleave","Headbutt+1"],"picked":"Good Instincts+1","floor":23},{"not_picked":["Clothesline","Endless Agony"],"picked":"Disarm","floor":27},{"not_picked":["Impervious","Echo Form"],"picked":"Beam Cell+1","floor":28},{"not_picked":["Clothesline","Acrobatics+1"],"picked":"Dagger Throw+1","floor":30},{"not_picked":["Streamline","Glacier","Iron Wave"],"picked":"SKIP","floor":31}],"player_experience":180963,"relics_obtained":[{"floor":6,"key":"Anchor"},{"floor":9,"key":"Orichalcum"},{"floor":10,"key":"Dream Catcher"},{"floor":23,"key":"Bag of Preparation"},{"floor":23,"key":"Vajra"},{"floor":26,"key":"Bronze Scales"},{"floor":28,"key":"Girya"},{"floor":28,"key":"Bottled Tornado"}],"event_choices":[{"damage_healed":0,"gold_gain":75,"player_choice":"Gather Gold","damage_taken":11,"max_hp_gain":0,"max_hp_loss":0,"event_name":"World of Goop","floor":13,"gold_loss":0},{"cards_removed":["Strike_R"],"damage_healed":0,"gold_gain":0,"player_choice":"Upgrade and Remove","damage_taken":0,"max_hp_gain":0,"max_hp_loss":0,"event_name":"Designer","floor":19,"gold_loss":90,"cards_upgraded":["Strike_R"]},{"damage_healed":0,"gold_gain":99,"player_choice":"Stole From Cult","damage_taken":0,"max_hp_gain":0,"max_hp_loss":0,"event_name":"Nest","floor":21,"gold_loss":0},{"damage_healed":0,"gold_gain":0,"player_choice":"Read","damage_taken":0,"max_hp_gain":0,"max_hp_loss":0,"event_name":"The Library","floor":24,"gold_loss":0,"cards_obtained":["Pummel"]},{"damage_healed":0,"gold_gain":0,"player_choice":"Traded Relic","damage_taken":0,"relics_obtained":["Nloth\u0027s Gift"],"max_hp_gain":0,"max_hp_loss":0,"event_name":"N\u0027loth","floor":25,"relics_lost":["Dream Catcher"],"gold_loss":0}],"is_beta":false,"boss_relics":[{"not_picked":["Philosopher\u0027s Stone","Busted Crown"],"picked":"Black Star"}],"items_purged_floors":[14],"is_endless":false,"potions_floor_spawned":[1,3,6,11,20,23,27,28,30],"killed_by":"Collector","ascension_level":3}