{"gold_per_floor":[109,127,144,159,159,194,194,227,253,272,289,308,2,2,2,102,102,113,125,144,144,144],"floor_reached":22,"playtime":1151,"items_purged":[],"score":200,"play_id":"e05e8493-0210-4742-a92c-d0ae9cedf497","local_time":"25610723014328","is_ascension_mode":false,"campfire_choices":[{"data":"Backstab","floor":7,"key":"SMITH"},{"data":"Crippling Poison","floor":15,"key":"SMITH"}],"neow_cost":"NONE","seed_source_timestamp":56690790430824,"circlet_count":0,"master_deck":["Defend_G+1","Defend_G+1","Defend_G+1","Defend_G+1","Defend_G+1","Strike_G+1","Strike_G+1","Strike_G+1","Strike_G+1","Survivor","Neutralize","Backstab+1","Outmaneuver","Well Laid Plans","PiercingWail","Adrenaline","Masterful Stab","Deflect","Crippling Poison+1","Cloak And Dagger","A Thousand Cuts","Prepared+1","Outmaneuver+1","Flechettes+1"],"relics":["Coffee Dripper","Paper Crane","Dream Catcher","Bag of Preparation","Torii","Eternal Feather"],"potions_floor_usage":[6,6,10,16,16,20,20,20],"damage_taken":[{"damage":0,"enemies":"Jaw Worm","floor":1,"turns":4},{"damage":0,"enemies":"2 Louse","floor":2,"turns":2},{"damage":0,"enemies":"Cultist","floor":3,"turns":4},{"damage":4,"enemies":"Looter","floor":4,"turns":4},{"damage":25,"enemies":"Lagavulin","floor":6,"turns":11},{"damage":20,"enemies":"3 Sentries","floor":8,"turns":14},{"damage":5,"enemies":"Exordium Wildlife","floor":10,"turns":4},{"damage":0,"enemies":"Blue Slaver","floor":11,"turns":3},{"damage":0,"enemies":"Looter","floor":12,"turns":3},{"damage":30,"enemies":"The Guardian","floor":16,"turns":15},{"damage":1,"enemies":"2 Thieves","floor":18,"turns":4},{"damage":7,"enemies":"Shell Parasite","floor":19,"turns":6},{"damage":48,"enemies":"Cultist and Chosen","floor":20,"turns":6},{"damage":6,"enemies":"Slaver and Parasite","floor":22,"turns":8}],"seed_played":"8026790218341428893","potions_obtained":[{"floor":3,"key":"Dexterity Potion"},{"floor":4,"key":"PowerPotion"},{"floor":8,"key":"AttackPotion"},{"floor":10,"key":"GhostInAJar"},{"floor":11,"key":"LiquidBronze"},{"floor":16,"key":"LiquidBronze"},{"floor":18,"key":"Poison Potion"},{"floor":19,"key":"PowerPotion"}],"is_trial":false,"path_per_floor":["M","M","M","M","?","E","R","E","T","M","M","M","$","?","R","B",null,"M","M","M","?"],"character_chosen":"THE_SILENT","items_purchased":["Torii"],"campfire_rested":0,"item_purchase_floors":[13],"current_hp_per_floor":[70,70,70,66,66,41,41,21,21,16,16,16,16,39,39,9,70,69,62,14,14,8],"gold":144,"neow_bonus":"BOSS_RELIC","is_prod":false,"is_daily":false,"chose_seed":false,"campfire_upgraded":2,"win_rate":0,"timestamp":1532285008,"path_taken":["M","M","M","M","?","E","R","E","T","M","M","M","?","?","R","BOSS","M","M","M","?","?"],"build_version":"2018-07-19v2","purchased_purges":0,"victory":false,"max_hp_per_floor":[70,70,70,70,70,70,70,70,70,70,70,70,70,70,70,70,70,70,70,70,70,70],"card_choices":[{"not_picked":["Backflip","Poisoned Stab"],"picked":"Backstab","floor":1},{"not_picked":["Dash","Crippling Poison"],"picked":"Outmaneuver","floor":2},{"not_picked":["Outmaneuver","Deadly Poison"],"picked":"Well Laid Plans","floor":3},{"not_picked":["Poisoned Stab","Underhanded Strike"],"picked":"PiercingWail","floor":4},{"not_picked":["Cloak And Dagger","Corpse Explosion"],"picked":"Adrenaline","floor":6},{"not_picked":["Cloak And Dagger","Eviscerate"],"picked":"Masterful Stab","floor":8},{"not_picked":["PiercingWail","Masterful Stab"],"picked":"Deflect","floor":10},{"not_picked":["Accuracy","Dagger Spray"],"picked":"Crippling Poison","floor":11},{"not_picked":["Slice","Outmaneuver"],"picked":"Cloak And Dagger","floor":12},{"not_picked":["After Image","Storm of Steel"],"picked":"A Thousand Cuts","floor":16},{"not_picked":["Bane","Dagger Spray"],"picked":"Prepared+1","floor":18},{"not_picked":["Distraction","Endless Agony"],"picked":"Outmaneuver+1","floor":19},{"not_picked":["Prepared","Deadly Poison"],"picked":"Flechettes+1","floor":20}],"player_experience":119869,"relics_obtained":[{"floor":6,"key":"Paper Crane"},{"floor":8,"key":"Dream Catcher"},{"floor":9,"key":"Bag of Preparation"}],"event_choices":[{"event_name":"Living Wall","player_choice":"Forget","floor":5,"damage_taken":0},{"event_name":"Big Fish","player_choice":"Banana","floor":14,"damage_taken":0},{"event_name":"Back to Basics","player_choice":"Simplicity","floor":21,"damage_taken":0}],"is_beta":false,"boss_relics":[{"not_picked":["Runic Pyramid","Fusion Hammer"],"picked":"Eternal Feather"}],"items_purged_floors":[],"is_endless":false,"potions_floor_spawned":[3,4,8,10,11,16,18,19],"killed_by":"Slaver and Parasite","ascension_level":0}