{"gold_per_floor":[115,127,144,157,171,203,203,263,286,286,66,77,77,110,110,110],"floor_reached":16,"playtime":537,"items_purged":["Strike_G"],"score":146,"play_id":"f21d9147-abe9-42c0-9140-c33c4503c273","local_time":"25610805160937","is_ascension_mode":true,"campfire_choices":[{"data":"All Out Attack","floor":7,"key":"SMITH"},{"floor":10,"key":"REST"},{"floor":15,"key":"REST"}],"neow_cost":"NONE","seed_source_timestamp":19526586991019,"circlet_count":0,"master_deck":["Defend_G","Defend_G","Defend_G","Defend_G","Strike_G","Strike_G","Strike_G","Strike_G","Survivor","Neutralize","Dagger Spray","Expertise","Heel Hook","PiercingWail","Blade Dance","All Out Attack+1","Escape Plan","Backflip","Masterful Stab"],"relics":["Philosopher\u0027s Stone","Oddly Smooth Stone","Tiny Chest","Dream Catcher","Bag of Marbles","Juzu Bracelet"],"potions_floor_usage":[6,8,16],"damage_taken":[{"damage":0,"enemies":"Small Slimes","floor":1,"turns":3},{"damage":0,"enemies":"2 Louse","floor":2,"turns":2},{"damage":0,"enemies":"Jaw Worm","floor":3,"turns":4},{"damage":4,"enemies":"Looter","floor":4,"turns":3},{"damage":6,"enemies":"Lots of Slimes","floor":5,"turns":3},{"damage":30,"enemies":"Gremlin Nob","floor":6,"turns":4},{"damage":2,"enemies":"3 Sentries","floor":8,"turns":4},{"damage":0,"enemies":"Gremlin Gang","floor":12,"turns":3},{"damage":27,"enemies":"Gremlin Nob","floor":14,"turns":4},{"damage":68,"enemies":"The Guardian","floor":16,"turns":10}],"seed_played":"-3275550235962809832","potions_obtained":[{"floor":5,"key":"Explosive Potion"},{"floor":6,"key":"Fire Potion"},{"floor":14,"key":"Swift Potion"}],"is_trial":false,"path_per_floor":["M","M","M","M","M","E","R","E","T","R","$","M","?","E","R"],"character_chosen":"THE_SILENT","items_purchased":["Bag of Marbles"],"campfire_rested":2,"item_purchase_floors":[11],"current_hp_per_floor":[70,70,70,66,60,30,30,28,28,49,49,49,49,22,43,0],"gold":110,"neow_bonus":"BOSS_RELIC","is_prod":false,"is_daily":false,"chose_seed":false,"campfire_upgraded":1,"win_rate":0,"timestamp":1533460177,"path_taken":["M","M","M","M","M","E","R","E","T","R","$","M","?","E","R","BOSS"],"build_version":"2018-08-02","purchased_purges":1,"victory":false,"max_hp_per_floor":[70,70,70,70,70,70,70,70,70,70,70,70,70,70,70,70],"card_choices":[{"not_picked":["Dagger Throw","Acrobatics"],"picked":"Dagger Spray","floor":1},{"not_picked":["Poisoned Stab","Underhanded Strike"],"picked":"Expertise","floor":2},{"not_picked":["Dagger Spray","Deadly Poison"],"picked":"Heel Hook","floor":3},{"not_picked":["Setup","Dagger Throw"],"picked":"PiercingWail","floor":4},{"not_picked":["Backflip","Heel Hook"],"picked":"Blade Dance","floor":5},{"not_picked":["Acrobatics","Quick Slash"],"picked":"All Out Attack","floor":6},{"not_picked":["Dash","All Out Attack"],"picked":"Escape Plan","floor":8},{"not_picked":["Poisoned Stab","Deadly Poison"],"picked":"Backflip","floor":10},{"not_picked":["Backflip","Corpse Explosion","Bane"],"picked":"SKIP","floor":12},{"not_picked":["Quick Slash","Cloak And Dagger"],"picked":"Masterful Stab","floor":14}],"player_experience":207081,"relics_obtained":[{"floor":6,"key":"Oddly Smooth Stone"},{"floor":8,"key":"Tiny Chest"},{"floor":9,"key":"Dream Catcher"},{"floor":14,"key":"Juzu Bracelet"}],"event_choices":[{"event_name":"Living Wall","player_choice":"Forget","floor":13,"damage_taken":0}],"is_beta":false,"boss_relics":[],"items_purged_floors":[11],"is_endless":false,"potions_floor_spawned":[5,6,14],"killed_by":"The Guardian","ascension_level":4}