{"gold_per_floor":[117,130,205,215,215,246,246,258,258,258,258,284,42,57,57,130,130,85,85,118,133,313,313,344,357,357,371,391,391,422,422,422,422],"floor_reached":33,"playtime":2359,"items_purged":["Strike_R"],"score":590,"play_id":"6655bce0-534c-4a28-b52e-92172289bbdb","local_time":"20190406164844","is_ascension_mode":true,"campfire_choices":[{"data":"Wild Strike","floor":7,"key":"SMITH"},{"data":"Pommel Strike","floor":11,"key":"SMITH"},{"data":"Defend_R","floor":15,"key":"SMITH"},{"floor":23,"key":"DIG"},{"floor":29,"key":"REST"},{"floor":32,"key":"DIG"}],"neow_cost":"NONE","seed_source_timestamp":1504142948757700,"circlet_count":0,"master_deck":["AscendersBane","Strike_R+1","Strike_R+1","Strike_R+1","Strike_R+1","Defend_R+1","Defend_R+1","Defend_R+1","Defend_R+1","Bash+1","Wild Strike+1","Evolve","Pommel Strike+1","Flex+1","Flame Barrier+1","Warcry+1","Impervious+1","Perfected Strike","Clothesline","Armaments+1","Entrench+1","Perfected Strike"],"relics":["Burning Blood","Dodecahedron","Toxic Egg 2","FossilizedHelix","Mummified Hand","Omamori","Snecko Eye","Shovel","Red Mask","Magic Flower","Bag of Marbles","Question Card","Dream Catcher","Blood Vial"],"potions_floor_usage":[6,16,20,24,24,30],"damage_taken":[{"damage":6,"enemies":"Cultist","floor":1,"turns":3},{"damage":9,"enemies":"Jaw Worm","floor":2,"turns":3},{"damage":0,"enemies":"2 Louse","floor":4,"turns":2},{"damage":27,"enemies":"3 Sentries","floor":6,"turns":11},{"damage":0,"enemies":"Large Slime","floor":8,"turns":4},{"damage":5,"enemies":"Lagavulin","floor":12,"turns":6},{"damage":0,"enemies":"2 Fungi Beasts","floor":14,"turns":3},{"damage":26,"enemies":"The Guardian","floor":16,"turns":12},{"damage":0,"enemies":"2 Thieves","floor":18,"turns":5},{"damage":22,"enemies":"Masked Bandits","floor":20,"turns":6},{"damage":0,"enemies":"3 Byrds","floor":21,"turns":3},{"damage":24,"enemies":"Slavers","floor":24,"turns":7},{"damage":0,"enemies":"Centurion and Healer","floor":25,"turns":7},{"damage":10,"enemies":"Cultist and Chosen","floor":27,"turns":5},{"damage":5,"enemies":"Sentry and Sphere","floor":28,"turns":5},{"damage":20,"enemies":"Book of Stabbing","floor":30,"turns":7},{"damage":57,"enemies":"Collector","floor":33,"turns":8}],"seed_played":"-4429696850601585216","potions_obtained":[{"floor":2,"key":"EssenceOfSteel"},{"floor":14,"key":"LiquidBronze"},{"floor":16,"key":"SkillPotion"},{"floor":18,"key":"SkillPotion"},{"floor":20,"key":"FearPotion"},{"floor":27,"key":"SkillPotion"}],"is_trial":false,"path_per_floor":["M","M","?","M","T","E","R","M","T","?","R","E","$","M","R","B",null,"M","?","?","M","?","R","E","M","T","M","M","R","E","?","R","B"],"character_chosen":"IRONCLAD","items_purchased":["Omamori"],"campfire_rested":1,"item_purchase_floors":[13],"current_hp_per_floor":[68,65,54,60,60,39,39,45,45,50,50,51,51,57,57,37,69,75,75,59,65,41,41,26,35,35,34,38,62,51,51,51,0],"gold":422,"neow_bonus":"UPGRADE_CARD","is_prod":false,"is_daily":false,"chose_seed":false,"campfire_upgraded":3,"win_rate":0,"timestamp":1554565724,"path_taken":["M","M","?","M","?","E","R","M","T","?","R","E","$","M","R","BOSS","M","?","?","M","?","R","E","M","T","?","M","R","E","?","R","BOSS"],"build_version":"2019-01-23","purchased_purges":1,"victory":false,"max_hp_per_floor":[75,75,75,75,75,75,75,75,75,80,80,80,80,80,80,80,80,80,80,80,80,80,80,80,80,80,80,80,80,80,80,80,80],"card_choices":[{"not_picked":["Clash","Flex"],"picked":"Wild Strike","floor":1},{"not_picked":["Havoc","Heavy Blade"],"picked":"Evolve","floor":2},{"not_picked":["Body Slam","Seeing Red"],"picked":"Pommel Strike","floor":4},{"not_picked":["Clothesline","Wild Strike"],"picked":"Flex","floor":6},{"not_picked":["Clothesline","Heavy Blade","Dark Embrace"],"picked":"SKIP","floor":8},{"not_picked":["Whirlwind","Warcry+1"],"picked":"Flame Barrier+1","floor":12},{"not_picked":["Thunderclap","Clothesline"],"picked":"Warcry+1","floor":14},{"not_picked":["Bludgeon","Reaper"],"picked":"Impervious+1","floor":16},{"not_picked":["Thunderclap","Iron Wave","Pommel Strike"],"picked":"SKIP","floor":18},{"not_picked":["Havoc+1","Second Wind+1"],"picked":"Perfected Strike","floor":21},{"not_picked":["Intimidate+1","Twin Strike","Anger"],"picked":"SKIP","floor":24},{"not_picked":["Whirlwind","Wild Strike"],"picked":"Clothesline","floor":25},{"not_picked":["Evolve+1","Double Tap+1","Havoc+1"],"picked":"Armaments+1","floor":27},{"not_picked":["Rupture","Sever Soul","Pommel Strike"],"picked":"Entrench+1","floor":28},{"not_picked":["Entrench+1","Headbutt","Heavy Blade"],"picked":"Perfected Strike","floor":30}],"player_experience":2545137,"relics_obtained":[{"floor":5,"key":"Dodecahedron"},{"floor":6,"key":"Toxic Egg 2"},{"floor":9,"key":"FossilizedHelix"},{"floor":12,"key":"Mummified Hand"},{"floor":20,"key":"Red Mask"},{"floor":23,"key":"Magic Flower"},{"floor":24,"key":"Bag of Marbles"},{"floor":26,"key":"Question Card"},{"floor":30,"key":"Dream Catcher"},{"floor":32,"key":"Blood Vial"}],"event_choices":[{"damage_healed":0,"gold_gain":75,"player_choice":"Gather Gold","damage_taken":11,"max_hp_gain":0,"max_hp_loss":0,"event_name":"World of Goop","floor":3,"gold_loss":0},{"damage_healed":0,"gold_gain":0,"player_choice":"Donut","damage_taken":0,"max_hp_gain":5,"max_hp_loss":0,"event_name":"Big Fish","floor":10,"gold_loss":0},{"damage_healed":0,"gold_gain":0,"player_choice":"Opened","damage_taken":0,"relics_obtained":["Shovel"],"max_hp_gain":0,"max_hp_loss":0,"event_name":"The Mausoleum","floor":19,"gold_loss":0,"cards_obtained":["Writhe"]},{"damage_healed":0,"gold_gain":0,"player_choice":"Fought Bandits","damage_taken":0,"max_hp_gain":0,"max_hp_loss":0,"event_name":"Masked Bandits","floor":20,"gold_loss":0},{"damage_healed":0,"gold_gain":180,"player_choice":"GOLD GOLD ","damage_taken":24,"max_hp_gain":0,"max_hp_loss":0,"event_name":"Knowing Skull","floor":22,"potions_obtained":[],"gold_loss":0,"cards_obtained":[]},{"damage_healed":0,"gold_gain":0,"player_choice":"Simplicity","damage_taken":0,"max_hp_gain":0,"max_hp_loss":0,"event_name":"Back to Basics","floor":31,"gold_loss":0,"cards_upgraded":["Strike_R","Strike_R","Strike_R","Strike_R","Defend_R","Defend_R","Defend_R"]}],"is_beta":false,"boss_relics":[{"not_picked":["Pandora\u0027s Box","Velvet Choker"],"picked":"Snecko Eye"}],"items_purged_floors":[13],"is_endless":false,"potions_floor_spawned":[2,14,16,18,20,27],"killed_by":"Collector","ascension_level":20}