{"gold_per_floor":[109,109,119,84,101,101,131,131,131,131,151,40,40,59,59,164,164,182,182,193,193,212,230,230,94,121,121,138,138,156,169,169,268,268,283,383,394,269,369,369,387,387,387,387,387,402,420,433,433,433],"floor_reached":51,"playtime":5646,"items_purged":["Strike_B","Strike_B","Strike_B"],"score":628,"play_id":"7d8733c2-dd1b-4436-aad1-7994a17eb3bd","local_time":"20190209042215","is_ascension_mode":false,"campfire_choices":[{"data":"Buffer","floor":6.0,"key":"SMITH"},{"data":"Zap","floor":8.0,"key":"SMITH"},{"data":"Redo","floor":10.0,"key":"SMITH"},{"data":"Go for the Eyes","floor":15.0,"key":"SMITH"},{"floor":24.0,"key":"REST"},{"data":"Defragment","floor":27.0,"key":"SMITH"},{"floor":29.0,"key":"REST"},{"floor":32.0,"key":"REST"},{"data":"Double Energy","floor":40.0,"key":"SMITH"},{"floor":42,"key":"REST"},{"data":"Echo Form","floor":44,"key":"SMITH"},{"floor":49,"key":"REST"}],"neow_cost":"PERCENT_DAMAGE","seed_source_timestamp":376359561308714,"circlet_count":0,"master_deck":["Defend_B","Defend_B","Defend_B","Defend_B","Zap+1","Dualcast","Buffer+1","Rebound","FTL","Hologram+1","Redo+1","Go for the Eyes+1","Doom and Gloom","Electrodynamics","Echo Form+1","Turbo+1","Coolheaded+1","Conserve Battery","Leap","Defragment+1","Steam+1","Loop+1","Conserve Battery","Creative AI","Steam+1","Stack+1","Double Energy+1","Conserve Battery+1","Coolheaded+1","Chill"],"special_seed":0,"relics":["Cracked Core"],"potions_floor_usage":[47,50,50],"damage_taken":[{"damage":1.0,"enemies":"Jaw Worm","floor":1.0,"turns":4.0},{"damage":0.0,"enemies":"Small Slimes","floor":3.0,"turns":3.0},{"damage":1.0,"enemies":"Cultist","floor":5.0,"turns":3.0},{"damage":0.0,"enemies":"Lagavulin","floor":7.0,"turns":6.0},{"damage":0.0,"enemies":"3 Louse","floor":11.0,"turns":3.0},{"damage":9.0,"enemies":"Exordium Thugs","floor":14.0,"turns":3.0},{"damage":28.0,"enemies":"The Guardian","floor":16.0,"turns":9.0},{"damage":7.0,"enemies":"Chosen","floor":18.0,"turns":5.0},{"damage":0.0,"enemies":"Shell Parasite","floor":19.0,"turns":1.0},{"damage":33.0,"enemies":"Snake Plant","floor":20.0,"turns":5.0},{"damage":8.0,"enemies":"Centurion and Healer","floor":22.0,"turns":6.0},{"damage":7.0,"enemies":"Snecko","floor":23.0,"turns":5.0},{"damage":11.0,"enemies":"Cultist and Chosen","floor":28.0,"turns":6.0},{"damage":11.0,"enemies":"Snake Plant","floor":30.0,"turns":5.0},{"damage":9.0,"enemies":"Centurion and Healer","floor":31.0,"turns":5.0},{"damage":39.0,"enemies":"Champ","floor":33.0,"turns":13.0},{"damage":9.0,"enemies":"3 Shapes","floor":35.0,"turns":4.0},{"damage":0.0,"enemies":"Orb Walker","floor":37.0,"turns":6.0},{"damage":12.0,"enemies":"Mind Bloom Boss Battle","floor":39.0,"turns":10.0},{"damage":8,"enemies":"3 Darklings","floor":41,"turns":3},{"damage":29,"enemies":"Sphere and 2 Shapes","floor":46,"turns":8},{"damage":1,"enemies":"Spire Growth","floor":47,"turns":6},{"damage":2,"enemies":"Transient","floor":48,"turns":5},{"damage":55,"enemies":"Donu and Deca","floor":50,"turns":9}],"seed_played":"914296489244343500","potions_obtained":[{"floor":1.0,"key":"Weak Potion"},{"floor":5.0,"key":"Ancient Potion"},{"floor":7.0,"key":"PowerPotion"},{"floor":13.0,"key":"SmokeBomb"},{"floor":20.0,"key":"Dexterity Potion"},{"floor":23.0,"key":"GamblersBrew"},{"floor":31.0,"key":"FearPotion"},{"floor":39.0,"key":"PowerPotion"},{"floor":46,"key":"Poison Potion"},{"floor":47,"key":"FocusPotion"}],"is_trial":false,"path_per_floor":["M","?","M","?","M","R","E","R","T","R","M","$","?","M","R","B",null,"M","M","M","?","M","M","R","$","T","R","M","R","M","M","R","B",null,"M","?","M","$","?","R","M","R","T","R","?","M","M","M","R","B",null],"character_chosen":"DEFECT","items_purchased":["Doom and Gloom","Defragment"],"campfire_rested":5,"item_purchase_floors":[12,25],"current_hp_per_floor":[53,46,46,64,63,63,63,63,63,63,63,63,63,54,54,26,75,68,68,35,35,27,20,42,42,42,42,31,53,42,33,55,16,75,66,66,66,66,54,54,46,68,68,68,68,39,38,36,58,3],"gold":433,"neow_bonus":"THREE_RARE_CARDS","is_prod":false,"is_daily":false,"chose_seed":false,"campfire_upgraded":7,"win_rate":0,"timestamp":1549682535,"path_taken":["M","?","M","?","M","R","E","R","T","R","?","?","?","M","R","BOSS","M","M","M","?","?","M","R","$","T","R","M","R","M","?","R","BOSS","M","?","M","$","?","R","M","R","T","R","?","M","M","M","R","BOSS"],"build_version":"2019-01-23","purchased_purges":3,"victory":true,"max_hp_per_floor":[75,75,75,75,75,75,75,75,75,75,75,75,75,75,75,75,75,75,75,75,75,75,75,75,75,75,75,75,75,75,75,75,75,75,75,75,75,75,75,75,75,75,75,75,75,75,75,75,75,75],"card_choices":[{"not_picked":["Meteor Strike","Amplify"],"picked":"Buffer","floor":0.0},{"not_picked":["Blizzard","Barrage"],"picked":"Rebound","floor":1.0},{"not_picked":["Auto Shields","Blizzard"],"picked":"FTL","floor":3.0},{"not_picked":["Compile Driver","Fusion"],"picked":"Hologram","floor":5.0},{"not_picked":["Cold Snap","Gash"],"picked":"Redo","floor":7.0},{"not_picked":["Hello World","Coolheaded"],"picked":"Go for the Eyes","floor":11.0},{"not_picked":["Force Field","Turbo"],"picked":"Electrodynamics","floor":14.0},{"not_picked":["Fission","Meteor Strike"],"picked":"Echo Form","floor":16.0},{"not_picked":["Barrage","Coolheaded+1"],"picked":"Turbo+1","floor":18.0},{"not_picked":["Darkness","Redo"],"picked":"Coolheaded+1","floor":20.0},{"not_picked":["Sweeping Beam","Hologram"],"picked":"Conserve Battery","floor":22.0},{"not_picked":["Rebound","Compile Driver+1"],"picked":"Leap","floor":23.0},{"not_picked":["Gash","Heatsinks"],"picked":"Steam+1","floor":28.0},{"not_picked":["Multi-Cast","Barrage"],"picked":"Loop+1","floor":30.0},{"not_picked":["Redo","Steam"],"picked":"Conserve Battery","floor":31.0},{"not_picked":["All For One","Reboot"],"picked":"Creative AI","floor":33.0},{"not_picked":["Chaos+1","Scrape"],"picked":"Steam+1","floor":35.0},{"not_picked":["Ball Lightning+1","Heatsinks"],"picked":"Stack+1","floor":37.0},{"not_picked":["Storm","Rip and Tear"],"picked":"Double Energy","floor":39.0},{"not_picked":["Sunder","Darkness+1"],"picked":"Conserve Battery+1","floor":41},{"not_picked":["Ball Lightning","Melter+1"],"picked":"Coolheaded+1","floor":46},{"not_picked":["Darkness","Chill","Go for the Eyes"],"picked":"SKIP","floor":47},{"not_picked":["Darkness","Go for the Eyes"],"picked":"Chill","floor":47},{"not_picked":["Hello World+1","Skim","Storm"],"picked":"SKIP","floor":48}],"player_experience":551981,"relics_obtained":[],"event_choices":[{"cards_removed":["Strike_B"],"damage_healed":0.0,"max_hp_gain":0.0,"max_hp_loss":0.0,"gold_gain":0.0,"event_name":"Golden Wing","player_choice":"Card Removal","floor":2.0,"gold_loss":0.0,"damage_taken":7.0},{"damage_healed":18.0,"max_hp_gain":0.0,"max_hp_loss":0.0,"gold_gain":0.0,"event_name":"The Cleric","player_choice":"Healed","floor":4.0,"gold_loss":35.0,"damage_taken":0.0},{"damage_healed":0.0,"max_hp_gain":0.0,"max_hp_loss":0.0,"gold_gain":0.0,"event_name":"Lab","player_choice":"Got Potions","floor":13.0,"gold_loss":0.0,"damage_taken":0.0},{"damage_healed":0.0,"max_hp_gain":0.0,"max_hp_loss":0.0,"gold_gain":0.0,"event_name":"Upgrade Shrine","player_choice":"Upgraded","floor":21.0,"gold_loss":0.0,"damage_taken":0.0,"cards_upgraded":["Hologram"]},{"damage_healed":0.0,"max_hp_gain":0.0,"max_hp_loss":0.0,"gold_gain":100.0,"event_name":"Golden Shrine","player_choice":"Pray","floor":36.0,"gold_loss":0.0,"damage_taken":0.0},{"damage_healed":0.0,"max_hp_gain":0.0,"max_hp_loss":0.0,"gold_gain":0.0,"event_name":"MindBloom","player_choice":"Fight","floor":39.0,"gold_loss":0.0,"damage_taken":0.0},{"damage_healed":0,"gold_gain":0,"player_choice":"Ignored","damage_taken":0,"max_hp_gain":0,"max_hp_loss":0,"event_name":"Mysterious Sphere","floor":45,"gold_loss":0}],"is_beta":false,"boss_relics":[{"not_picked":["FrozenCore","Calling Bell","Black Star"]},{"not_picked":["Inserter","Astrolabe","Eternal Feather"]}],"items_purged_floors":[12,25,38],"is_endless":false,"potions_floor_spawned":[1,5,7,11,18,20,23,31,39,46,47],"ascension_level":0}