{"gold_per_floor":[117,117,131,141,216,216,66,97,97,97,132,144,154,164,164,239,239,250,250,260,272,72,72,72,72,72,98,118,136,136,147,147,147],"floor_reached":33,"playtime":1255,"items_purged":["Strike_G"],"score":532,"play_id":"39cfb39f-3315-4ac9-88b7-641da93a2525","local_time":"20181110100553","is_ascension_mode":true,"campfire_choices":[{"data":"Neutralize","floor":6.0,"key":"SMITH"},{"data":"Crippling Poison","floor":10.0,"key":"SMITH"},{"data":"Deadly Poison","floor":15.0,"key":"SMITH"},{"floor":23,"key":"REST"},{"data":"Noxious Fumes","floor":25,"key":"SMITH"},{"data":"Noxious Fumes","floor":30,"key":"SMITH"},{"floor":32,"key":"REST"}],"neow_cost":"NONE","seed_source_timestamp":10183680795953,"circlet_count":0,"master_deck":["AscendersBane","Defend_G","Defend_G","Defend_G","Defend_G","Defend_G","Strike_G","Strike_G","Strike_G","Survivor","Neutralize+1","Dagger Spray","Dash","Flying Knee","Crippling Poison+1","Well Laid Plans","Poisoned Stab","Deadly Poison+1","Corpse Explosion","PiercingWail","PiercingWail","Noxious Fumes+1","Deflect","Backstab","Leg Sweep","Noxious Fumes+1","Backflip"],"special_seed":0,"relics":["Ring of the Snake","Snake Skull","Oddly Smooth Stone","Prayer Wheel","Pantograph","Omamori","Sozu","Boot","Unceasing Top"],"potions_floor_usage":[],"damage_taken":[{"damage":1.0,"enemies":"Small Slimes","floor":1.0,"turns":4.0},{"damage":0.0,"enemies":"2 Louse","floor":3.0,"turns":3.0},{"damage":0.0,"enemies":"Cultist","floor":4.0,"turns":4.0},{"damage":21.0,"enemies":"Gremlin Nob","floor":8.0,"turns":5.0},{"damage":0.0,"enemies":"Lagavulin","floor":11.0,"turns":7.0},{"damage":0.0,"enemies":"2 Fungi Beasts","floor":12.0,"turns":3.0},{"damage":2.0,"enemies":"Large Slime","floor":13.0,"turns":6.0},{"damage":0.0,"enemies":"Exordium Wildlife","floor":14.0,"turns":4.0},{"damage":18.0,"enemies":"The Guardian","floor":16.0,"turns":9.0},{"damage":17,"enemies":"2 Thieves","floor":18,"turns":3},{"damage":1,"enemies":"3 Byrds","floor":20,"turns":4},{"damage":15,"enemies":"Snake Plant","floor":21,"turns":4},{"damage":9,"enemies":"Gremlin Leader","floor":27,"turns":7},{"damage":0,"enemies":"Cultist and Chosen","floor":28,"turns":3},{"damage":3,"enemies":"Snecko","floor":29,"turns":5},{"damage":6,"enemies":"Snake Plant","floor":31,"turns":4},{"damage":83,"enemies":"Champ","floor":33,"turns":13}],"seed_played":"-3332677573469622290","potions_obtained":[{"floor":4.0,"key":"SpeedPotion"},{"floor":8.0,"key":"Block Potion"},{"floor":16.0,"key":"Explosive Potion"}],"is_trial":false,"path_per_floor":["M","?","M","M","?","R","$","E","T","R","E","M","M","M","R","B",null,"M","?","M","M","$","R","$","R","T","E","M","M","R","M","R","B"],"character_chosen":"THE_SILENT","items_purchased":["Oddly Smooth Stone","Noxious Fumes","Deflect"],"campfire_rested":2,"item_purchase_floors":[7,22,22],"current_hp_per_floor":[58,63,63,63,52,52,52,31,31,31,31,31,29,29,29,36,62,45,45,44,29,29,50,50,50,50,41,41,38,38,32,53,0],"gold":147,"neow_bonus":"RANDOM_COMMON_RELIC","is_prod":false,"is_daily":false,"chose_seed":false,"campfire_upgraded":5,"win_rate":0,"timestamp":1541873153,"path_taken":["M","?","M","M","?","R","$","E","T","R","E","M","M","M","R","BOSS","M","?","?","M","$","R","$","R","T","E","M","M","R","M","R","BOSS"],"build_version":"2018-11-08","purchased_purges":1,"victory":false,"max_hp_per_floor":[66,71,71,71,71,71,71,71,71,71,71,71,71,71,71,71,71,71,71,71,71,71,71,71,71,71,71,71,71,71,71,71,71],"card_choices":[{"not_picked":["Caltrops","Eviscerate"],"picked":"Dagger Spray","floor":1.0},{"not_picked":["Bane","Blade Dance"],"picked":"Dash","floor":3.0},{"not_picked":["Acrobatics","Quick Slash"],"picked":"Flying Knee","floor":4.0},{"not_picked":["Deflect","Dodge and Roll"],"picked":"Crippling Poison","floor":8.0},{"not_picked":["Outmaneuver","Setup"],"picked":"Well Laid Plans","floor":11.0},{"not_picked":["Infinite Blades","Calculated Gamble"],"picked":"Poisoned Stab","floor":12.0},{"not_picked":["Endless Agony","Heel Hook","Distraction"],"picked":"SKIP","floor":12.0},{"not_picked":["Expertise","Deflect"],"picked":"Deadly Poison","floor":13.0},{"not_picked":["Infinite Blades","Expertise","Flying Knee"],"picked":"SKIP","floor":13.0},{"not_picked":["Reflex","Terror","Flying Knee"],"picked":"SKIP","floor":14.0},{"not_picked":["Heel Hook","Sucker Punch","Masterful Stab"],"picked":"SKIP","floor":14.0},{"not_picked":["Malaise","Doppelganger"],"picked":"Corpse Explosion","floor":16.0},{"not_picked":["Outmaneuver","Deadly Poison","Skewer"],"picked":"SKIP","floor":18},{"not_picked":["Bane","Well Laid Plans","Quick Slash"],"picked":"SKIP","floor":18},{"not_picked":["Sucker Punch","Prepared"],"picked":"PiercingWail","floor":20},{"not_picked":["Well Laid Plans+1","Deadly Poison+1","Masterful Stab"],"picked":"SKIP","floor":20},{"not_picked":["Quick Slash","Blade Dance"],"picked":"PiercingWail","floor":21},{"not_picked":["Underhanded Strike","Heel Hook","Predator+1"],"picked":"SKIP","floor":21},{"not_picked":["Reflex","Masterful Stab"],"picked":"Backstab","floor":27},{"not_picked":["Blur","Predator"],"picked":"Leg Sweep","floor":28},{"not_picked":["Terror","PiercingWail","Flying Knee"],"picked":"SKIP","floor":28},{"not_picked":["Flying Knee","Well Laid Plans"],"picked":"Noxious Fumes","floor":29},{"not_picked":["Prepared","Die Die Die","Masterful Stab"],"picked":"SKIP","floor":29},{"not_picked":["Slice","Poisoned Stab"],"picked":"Backflip","floor":31},{"not_picked":["Poisoned Stab","Acrobatics","Well Laid Plans"],"picked":"SKIP","floor":31}],"player_experience":1620737,"relics_obtained":[{"floor":8.0,"key":"Prayer Wheel"},{"floor":9.0,"key":"Pantograph"},{"floor":11.0,"key":"Omamori"},{"floor":26,"key":"Boot"},{"floor":27,"key":"Unceasing Top"}],"event_choices":[{"damage_healed":0.0,"max_hp_gain":5.0,"max_hp_loss":0.0,"gold_gain":0.0,"event_name":"Big Fish","player_choice":"Donut","floor":2.0,"gold_loss":0.0,"damage_taken":0.0},{"damage_healed":0.0,"max_hp_gain":0.0,"max_hp_loss":0.0,"gold_gain":75.0,"event_name":"World of Goop","player_choice":"Gather Gold","floor":5.0,"gold_loss":0.0,"damage_taken":11.0},{"cards_removed":["Strike_G"],"damage_healed":0,"gold_gain":0,"player_choice":"Purged","damage_taken":0,"max_hp_gain":0,"max_hp_loss":0,"event_name":"Purifier","floor":19,"gold_loss":0}],"is_beta":false,"boss_relics":[{"not_picked":["Snecko Eye","Coffee Dripper"],"picked":"Sozu"}],"items_purged_floors":[22],"is_endless":false,"potions_floor_spawned":[4,8,16,20,27],"killed_by":"Champ","ascension_level":15}