{"gold_per_floor":[113,113,124,140,158,158,184,184,184,184,184,210,210,239,239,312,312,328,348,263,363,377,410,410,441,468,498,498,190,203,52,52,128,128,139,152,165,175,275,305,305,111,111,145,145,0,31,50,50,50],"floor_reached":51,"playtime":2639,"items_purged":["Strike_R","Strike_R","Strike_R"],"score":1669,"play_id":"61aadf29-44eb-493b-8202-b5b5696e7dd9","local_time":"20190128230656","is_ascension_mode":true,"campfire_choices":[{"data":"Bash","floor":6.0,"key":"SMITH"},{"data":"Anger","floor":8.0,"key":"SMITH"},{"data":"Feel No Pain","floor":11.0,"key":"SMITH"},{"data":"Clothesline","floor":13.0,"key":"SMITH"},{"data":"Iron Wave","floor":15.0,"key":"SMITH"},{"data":"Immolate","floor":24.0,"key":"SMITH"},{"floor":28.0,"key":"REST"},{"floor":32.0,"key":"REST"},{"floor":41,"key":"DIG"},{"floor":49,"key":"DIG"}],"neow_cost":"NONE","seed_source_timestamp":0,"circlet_count":0,"master_deck":["AscendersBane","Strike_R","Strike_R+1","Defend_R","Defend_R","Defend_R","Defend_R","Bash+1","Impervious","Clothesline+1","Anger+1","Iron Wave+1","Feel No Pain+1","Exhume+1","Armaments+1","Body Slam+1","Immolate+1","Warcry+1","Shrug It Off+1","Shame","Spot Weakness+1","True Grit+1","Corruption","Heavy Blade+1","Shrug It Off+1","Fiend Fire","Second Wind+1","Offering+1","Whirlwind+1","Shockwave+1","Pommel Strike+1"],"special_seed":0,"relics":["Burning Blood","Centennial Puzzle","Bottled Tornado","Pocketwatch","Toxic Egg 2","Cursed Key","Ornamental Fan","Mango","Darkstone Periapt","Whetstone","Ancient Tea Set","PreservedInsect","Shuriken","Oddly Smooth Stone","Snecko Eye","Shovel","Juzu Bracelet","Red Skull","Potion Belt","Red Mask","Orichalcum","Kunai"],"potions_floor_usage":[50,50,50,50],"damage_taken":[{"damage":5.0,"enemies":"2 Louse","floor":1.0,"turns":4.0},{"damage":10.0,"enemies":"Jaw Worm","floor":3.0,"turns":5.0},{"damage":6.0,"enemies":"Cultist","floor":4.0,"turns":3.0},{"damage":10.0,"enemies":"2 Fungi Beasts","floor":5.0,"turns":4.0},{"damage":21.0,"enemies":"Lagavulin","floor":7.0,"turns":6.0},{"damage":20.0,"enemies":"Gremlin Nob","floor":12.0,"turns":4.0},{"damage":1.0,"enemies":"3 Sentries","floor":14.0,"turns":8.0},{"damage":36.0,"enemies":"Hexaghost","floor":16.0,"turns":8.0},{"damage":12.0,"enemies":"Chosen","floor":18.0,"turns":5.0},{"damage":6.0,"enemies":"Spheric Guardian","floor":19.0,"turns":4.0},{"damage":20.0,"enemies":"Colosseum Slavers","floor":21.0,"turns":4.0},{"damage":7.0,"enemies":"Colosseum Nobs","floor":21.0,"turns":5.0},{"damage":13.0,"enemies":"Centurion and Healer","floor":22.0,"turns":8.0},{"damage":13.0,"enemies":"Gremlin Leader","floor":23.0,"turns":5.0},{"damage":18.0,"enemies":"Book of Stabbing","floor":25.0,"turns":8.0},{"damage":30.0,"enemies":"Gremlin Leader","floor":27.0,"turns":6.0},{"damage":4.0,"enemies":"Snake Plant","floor":30.0,"turns":3.0},{"damage":5.0,"enemies":"Automaton","floor":33.0,"turns":8.0},{"damage":0.0,"enemies":"Orb Walker","floor":35.0,"turns":2.0},{"damage":14.0,"enemies":"3 Shapes","floor":36.0,"turns":6.0},{"damage":0.0,"enemies":"Maw","floor":37.0,"turns":6.0},{"damage":0.0,"enemies":"Transient","floor":38.0,"turns":5.0},{"damage":0.0,"enemies":"Mind Bloom Boss Battle","floor":39.0,"turns":5.0},{"damage":0,"enemies":"Nemesis","floor":40,"turns":5},{"damage":6,"enemies":"Giant Head","floor":44,"turns":6},{"damage":6,"enemies":"Reptomancer","floor":47,"turns":4},{"damage":0,"enemies":"Writhing Mass","floor":48,"turns":4},{"damage":12,"enemies":"Awakened One","floor":50,"turns":7}],"seed_played":"-8794178889773800529","potions_obtained":[{"floor":3.0,"key":"PowerPotion"},{"floor":7.0,"key":"Weak Potion"},{"floor":12.0,"key":"Energy Potion"},{"floor":22.0,"key":"Strength Potion"},{"floor":25.0,"key":"BloodPotion"},{"floor":27.0,"key":"SkillPotion"},{"floor":30.0,"key":"Energy Potion"},{"floor":44,"key":"SpeedPotion"},{"floor":47,"key":"Explosive Potion"}],"is_trial":false,"path_per_floor":["M","?","M","M","M","R","E","R","T","?","R","E","R","E","R","B",null,"M","M","?","?","M","E","R","E","T","E","R","$","M","$","R","B",null,"M","M","M","M","?","E","R","$","T","E","?","?","E","M","R","B",null],"character_chosen":"IRONCLAD","items_purchased":["True Grit+1","Corruption","Oddly Smooth Stone","Shrug It Off+1","Offering+1"],"campfire_rested":2,"item_purchase_floors":[29,29,29,31,42],"current_hp_per_floor":[69,74,70,70,66,66,51,51,51,51,51,37,37,42,42,12,63,57,57,57,56,49,42,42,30,36,22,52,52,54,54,84,85,96,100,92,98,100,100,100,100,100,100,100,100,100,100,100,100,94],"gold":50,"neow_bonus":"ONE_RANDOM_RARE_CARD","is_prod":false,"is_daily":false,"chose_seed":false,"campfire_upgraded":6,"win_rate":0,"timestamp":1548745616,"path_taken":["M","?","M","M","M","R","E","R","T","?","R","E","R","E","R","BOSS","M","M","?","?","M","E","R","E","T","E","R","$","M","?","R","BOSS","M","?","M","?","?","E","R","$","T","E","?","?","E","M","R","BOSS"],"build_version":"2019-01-23","purchased_purges":3,"victory":true,"max_hp_per_floor":[75,80,80,80,80,80,80,80,80,80,80,80,80,80,80,80,80,80,80,80,94,94,94,94,94,100,100,100,100,100,100,100,100,100,100,100,100,100,100,100,100,100,100,100,100,100,100,100,100,100],"card_choices":[{"not_picked":["Anger","Rampage"],"picked":"Clothesline","floor":1.0},{"not_picked":["Clothesline","Thunderclap"],"picked":"Anger","floor":3.0},{"not_picked":["Impervious","Havoc"],"picked":"Iron Wave","floor":4.0},{"not_picked":["Infernal Blade","Havoc","Flex"],"picked":"SKIP","floor":5.0},{"not_picked":["Evolve","Sword Boomerang"],"picked":"Feel No Pain","floor":7.0},{"not_picked":["Feel No Pain","Dropkick","Second Wind"],"picked":"SKIP","floor":12.0},{"not_picked":["Thunderclap","Reckless Charge","Sever Soul"],"picked":"SKIP","floor":14.0},{"not_picked":["Reaper","Double Tap+1"],"picked":"Exhume+1","floor":16.0},{"not_picked":["Reckless Charge","Flex+1"],"picked":"Armaments+1","floor":18.0},{"not_picked":["Combust","Pommel Strike"],"picked":"Body Slam","floor":19.0},{"not_picked":["Perfected Strike+1","Rage+1"],"picked":"Immolate","floor":21.0},{"not_picked":["Heavy Blade","Headbutt"],"picked":"Warcry+1","floor":22.0},{"not_picked":["Immolate","Clash","Iron Wave+1"],"picked":"SKIP","floor":23.0},{"not_picked":["Fire Breathing","Infernal Blade+1"],"picked":"Shrug It Off+1","floor":25.0},{"not_picked":["Hemokinesis","Disarm+1"],"picked":"Spot Weakness+1","floor":27.0},{"not_picked":["Cleave+1","Perfected Strike"],"picked":"Heavy Blade+1","floor":30.0},{"not_picked":["Double Tap+1","Dark Embrace"],"picked":"Fiend Fire","floor":33.0},{"not_picked":["Heavy Blade+1","Body Slam","Clash"],"picked":"SKIP","floor":35.0},{"not_picked":["Rupture","Armaments+1","Rage+1"],"picked":"SKIP","floor":36.0},{"not_picked":["Wild Strike+1","Brutality","Clash"],"picked":"SKIP","floor":37.0},{"not_picked":["Searing Blow+1","Pommel Strike"],"picked":"Second Wind+1","floor":38.0},{"not_picked":["Bludgeon","Second Wind+1","Warcry+1"],"picked":"SKIP","floor":40},{"not_picked":["Inflame","Twin Strike+1"],"picked":"Whirlwind+1","floor":44},{"not_picked":["Headbutt","Exhume+1"],"picked":"Shockwave+1","floor":47},{"not_picked":["Sentinel+1","Perfected Strike"],"picked":"Pommel Strike+1","floor":48}],"player_experience":2089671,"relics_obtained":[{"floor":7.0,"key":"Centennial Puzzle"},{"floor":9.0,"key":"Bottled Tornado"},{"floor":12.0,"key":"Pocketwatch"},{"floor":14.0,"key":"Toxic Egg 2"},{"floor":21.0,"key":"Mango"},{"floor":21.0,"key":"Darkstone Periapt"},{"floor":23.0,"key":"Whetstone"},{"floor":25.0,"key":"Ancient Tea Set"},{"floor":26.0,"key":"PreservedInsect"},{"floor":27.0,"key":"Shuriken"},{"floor":39,"key":"Shovel"},{"floor":40,"key":"Juzu Bracelet"},{"floor":41,"key":"Red Skull"},{"floor":44,"key":"Potion Belt"},{"floor":47,"key":"Orichalcum"},{"floor":49,"key":"Kunai"}],"event_choices":[{"damage_healed":0.0,"max_hp_gain":5.0,"max_hp_loss":0.0,"gold_gain":0.0,"event_name":"Big Fish","player_choice":"Donut","floor":2.0,"gold_loss":0.0,"damage_taken":0.0},{"damage_healed":0.0,"max_hp_gain":0.0,"max_hp_loss":0.0,"gold_gain":0.0,"event_name":"FaceTrader","player_choice":"Leave","floor":10.0,"gold_loss":0.0,"damage_taken":0.0},{"damage_healed":0.0,"max_hp_gain":0.0,"max_hp_loss":0.0,"gold_gain":0.0,"event_name":"Addict","player_choice":"Obtained Relic","floor":20.0,"gold_loss":85.0,"damage_taken":0.0,"relics_obtained":["Ornamental Fan"]},{"damage_healed":0.0,"max_hp_gain":0.0,"max_hp_loss":0.0,"gold_gain":0.0,"event_name":"Colosseum","player_choice":"Fight","floor":21.0,"gold_loss":0.0,"damage_taken":0.0},{"damage_healed":0.0,"max_hp_gain":0.0,"max_hp_loss":0.0,"gold_gain":0.0,"event_name":"Colosseum","player_choice":"Fought Nobs","floor":21.0,"gold_loss":0.0,"damage_taken":0.0},{"damage_healed":0.0,"max_hp_gain":0.0,"max_hp_loss":0.0,"gold_gain":0.0,"event_name":"MindBloom","player_choice":"Fight","floor":39.0,"gold_loss":0.0,"damage_taken":0.0},{"damage_healed":0,"gold_gain":0,"player_choice":"Memory 1","damage_taken":0,"max_hp_gain":0,"max_hp_loss":0,"event_name":"SensoryStone","floor":45,"gold_loss":0},{"damage_healed":0,"gold_gain":0,"player_choice":"Paid","damage_taken":0,"relics_obtained":["Red Mask"],"max_hp_gain":0,"max_hp_loss":0,"event_name":"Tomb of Lord Red Mask","floor":46,"gold_loss":145}],"is_beta":false,"boss_relics":[{"not_picked":["Runic Cube","Pandora\u0027s Box"],"picked":"Cursed Key"},{"not_picked":["Coffee Dripper","Astrolabe"],"picked":"Snecko Eye"}],"items_purged_floors":[29,31,42],"is_endless":false,"potions_floor_spawned":[3,7,12,16,19,22,25,27,30,39,40,44,47],"ascension_level":15}