{"gold_per_floor":[112,112,187,187,15,45,59,69,69,97,69,82,99,117,117,191,191,204,224,174,192,203,203,203,232,256,256,127,39,39,59,59,59],"floor_reached":33,"playtime":1033,"items_purged":["Strike_R"],"score":574,"play_id":"a1a109f4-7db9-4872-9d9f-a4d66d12a994","local_time":"20190427111720","is_ascension_mode":true,"campfire_choices":[{"floor":15,"key":"REST"},{"floor":23,"key":"REST"},{"floor":27,"key":"REST"},{"floor":32,"key":"REST"}],"neow_cost":"NONE","seed_source_timestamp":74915196540300,"circlet_count":0,"master_deck":["AscendersBane","Strike_R","Strike_R","Strike_R+1","Defend_R","Defend_R","Defend_R+1","Defend_R","Bash+1","Whirlwind+1","Pommel Strike","Second Wind","Wild Strike","Battle Trance","True Grit","Inflame","Feel No Pain","Juggernaut","Infernal Blade","Heavy Blade","Body Slam","Warcry+1","Pain","Armaments","Demon Form","Shrug It Off"],"relics":["Burning Blood","NeowsBlessing","Whetstone","Charon\u0027s Ashes","Darkstone Periapt","Pear","Velvet Choker","WarpedTongs","Potion Belt","Orichalcum","Omamori"],"potions_floor_usage":[10,13,14,21,25,25,31],"damage_taken":[{"damage":0,"enemies":"Small Slimes","floor":1,"turns":1},{"damage":0,"enemies":"Gremlin Nob","floor":6,"turns":1},{"damage":0,"enemies":"Jaw Worm","floor":7,"turns":1},{"damage":15,"enemies":"2 Louse","floor":8,"turns":2},{"damage":10,"enemies":"3 Sentries","floor":10,"turns":4},{"damage":16,"enemies":"Exordium Wildlife","floor":12,"turns":3},{"damage":0,"enemies":"Large Slime","floor":13,"turns":3},{"damage":7,"enemies":"Gremlin Gang","floor":14,"turns":3},{"damage":65,"enemies":"Hexaghost","floor":16,"turns":11},{"damage":17,"enemies":"Chosen","floor":18,"turns":4},{"damage":3,"enemies":"Spheric Guardian","floor":19,"turns":3},{"damage":35,"enemies":"Centurion and Healer","floor":21,"turns":4},{"damage":18,"enemies":"Cultist and Chosen","floor":22,"turns":4},{"damage":31,"enemies":"Book of Stabbing","floor":25,"turns":4},{"damage":43,"enemies":"Shelled Parasite and Fungi","floor":31,"turns":4},{"damage":46,"enemies":"Collector","floor":33,"turns":3}],"seed_played":"-7157109417611781190","potions_obtained":[{"floor":6,"key":"SkillPotion"},{"floor":10,"key":"SkillPotion"},{"floor":13,"key":"GamblersBrew"},{"floor":16,"key":"SteroidPotion"},{"floor":19,"key":"Swift Potion"},{"floor":22,"key":"Swift Potion"},{"floor":25,"key":"AttackPotion"}],"is_trial":false,"path_per_floor":["M","?","?","?","$","E","M","M","T","E","$","M","M","M","R","B",null,"M","M","?","M","M","R","?","E","T","R","$","$","T","M","R","B"],"character_chosen":"IRONCLAD","items_purchased":["Whetstone","True Grit","Armaments","Demon Form"],"campfire_rested":4,"item_purchase_floors":[5,11,28,29],"current_hp_per_floor":[74,51,40,40,40,46,52,43,43,49,49,39,45,44,69,10,66,55,58,58,29,17,42,48,23,23,50,50,50,50,13,40,0],"gold":59,"neow_bonus":"THREE_ENEMY_KILL","is_prod":false,"is_daily":false,"chose_seed":false,"campfire_upgraded":0,"win_rate":0,"timestamp":1556353040,"path_taken":["M","?","?","?","$","E","M","M","T","E","$","M","M","?","R","BOSS","M","M","?","?","M","R","?","E","T","R","?","$","?","?","R","BOSS"],"build_version":"2019-01-23","purchased_purges":1,"victory":false,"max_hp_per_floor":[75,75,75,75,75,75,75,75,75,85,85,85,85,85,85,85,85,85,85,85,85,85,85,91,91,91,91,91,91,91,91,91,91],"card_choices":[{"not_picked":["Shrug It Off","Feel No Pain"],"picked":"Whirlwind","floor":1},{"not_picked":["Clothesline","Body Slam"],"picked":"Pommel Strike","floor":6},{"not_picked":["Rupture","Perfected Strike"],"picked":"Second Wind","floor":7},{"not_picked":["Flex","Brutality"],"picked":"Wild Strike","floor":8},{"not_picked":["Twin Strike","Pommel Strike"],"picked":"Battle Trance","floor":10},{"not_picked":["Uppercut","Body Slam"],"picked":"Inflame","floor":12},{"not_picked":["Flex","Headbutt"],"picked":"Feel No Pain","floor":13},{"not_picked":["Warcry","Cleave","Iron Wave"],"picked":"SKIP","floor":14},{"not_picked":["Impervious","Double Tap"],"picked":"Juggernaut","floor":16},{"not_picked":["Rupture","Sword Boomerang"],"picked":"Infernal Blade","floor":18},{"not_picked":["Armaments","Uppercut"],"picked":"Heavy Blade","floor":19},{"not_picked":["Whirlwind","Wild Strike"],"picked":"Body Slam","floor":21},{"not_picked":["Second Wind","Pommel Strike"],"picked":"Warcry+1","floor":22},{"not_picked":["Pummel","Anger","Blood for Blood"],"picked":"SKIP","floor":25},{"not_picked":["Clash","Rupture"],"picked":"Shrug It Off","floor":31}],"player_experience":342020,"relics_obtained":[{"floor":6,"key":"Charon\u0027s Ashes"},{"floor":9,"key":"Darkstone Periapt"},{"floor":10,"key":"Pear"},{"floor":25,"key":"Potion Belt"},{"floor":26,"key":"Orichalcum"},{"floor":30,"key":"Omamori"}],"event_choices":[{"damage_healed":0,"gold_gain":0,"player_choice":"Entered Light","damage_taken":23,"max_hp_gain":0,"max_hp_loss":0,"event_name":"Shining Light","floor":2,"gold_loss":0,"cards_upgraded":["Whirlwind","Defend_R"]},{"damage_healed":0,"gold_gain":75,"player_choice":"Gather Gold","damage_taken":11,"max_hp_gain":0,"max_hp_loss":0,"event_name":"World of Goop","floor":3,"gold_loss":0},{"cards_removed":["Strike_R"],"damage_healed":0,"gold_gain":0,"player_choice":"Forget","damage_taken":0,"max_hp_gain":0,"max_hp_loss":0,"event_name":"Living Wall","floor":4,"gold_loss":0},{"damage_healed":0,"gold_gain":0,"player_choice":"Bet on Owner","damage_taken":0,"max_hp_gain":0,"max_hp_loss":0,"event_name":"The Joust","floor":20,"gold_loss":50},{"damage_healed":0,"gold_gain":0,"player_choice":"Rummage","damage_taken":0,"relics_obtained":["WarpedTongs"],"max_hp_gain":0,"max_hp_loss":0,"event_name":"Accursed Blacksmith","floor":24,"gold_loss":0,"cards_obtained":["Pain"]}],"is_beta":false,"boss_relics":[{"not_picked":["Ectoplasm","White Beast Statue"],"picked":"Velvet Choker"}],"items_purged_floors":[28],"is_endless":false,"potions_floor_spawned":[6,10,13,16,19,22,25],"killed_by":"Collector","ascension_level":18}