{"gold_per_floor":[114,131,151,161,181,208,208,208,208,308,327,345,18,39,39,39],"floor_reached":16,"playtime":476,"items_purged":["Regret"],"score":127,"play_id":"ea9b8c33-65ff-40be-bc0a-3237e888e460","local_time":"25610805142500","is_ascension_mode":true,"campfire_choices":[{"floor":15,"key":"REST"}],"neow_cost":"NONE","seed_source_timestamp":13289305965338,"circlet_count":0,"master_deck":["Defend_G","Defend_G","Defend_G","Defend_G","Defend_G","Strike_G","Strike_G","Strike_G","Strike_G","Strike_G","Survivor","Neutralize","PiercingWail","Sucker Punch","Accuracy","Backstab","Skewer","Deflect","Cloak And Dagger","Blur","Terror"],"special_seed":0,"relics":["Fusion Hammer","Matryoshka","StoneCalendar","Golden Idol","Darkstone Periapt","Turnip","Mummified Hand"],"potions_floor_usage":[16],"damage_taken":[{"damage":0.0,"enemies":"Cultist","floor":1.0,"turns":4.0},{"damage":0.0,"enemies":"2 Louse","floor":2.0,"turns":4.0},{"damage":4.0,"enemies":"Jaw Worm","floor":3.0,"turns":5.0},{"damage":8.0,"enemies":"2 Fungi Beasts","floor":4.0,"turns":4.0},{"damage":6.0,"enemies":"Large Slime","floor":5.0,"turns":7.0},{"damage":10.0,"enemies":"Lagavulin","floor":6.0,"turns":5.0},{"damage":9.0,"enemies":"Red Slaver","floor":11.0,"turns":3.0},{"damage":2.0,"enemies":"3 Louse","floor":12.0,"turns":4.0},{"damage":2,"enemies":"Exordium Thugs","floor":14,"turns":4},{"damage":36,"enemies":"Slime Boss","floor":16,"turns":6}],"seed_played":"-7923537999362914365","potions_obtained":[{"floor":4.0,"key":"SteroidPotion"},{"floor":5.0,"key":"PowerPotion"},{"floor":11.0,"key":"PowerPotion"},{"floor":12.0,"key":"SpeedPotion"},{"floor":14,"key":"GamblersBrew"}],"is_trial":false,"path_per_floor":["M","M","M","M","M","E","?","?","T","?","M","M","$","M","R"],"character_chosen":"THE_SILENT","items_purchased":["Mummified Hand"],"campfire_rested":1,"item_purchase_floors":[13],"current_hp_per_floor":[70,70,66,58,52,42,42,25,25,25,16,14,14,12,33,0],"gold":39,"neow_bonus":"BOSS_RELIC","is_prod":false,"is_daily":false,"chose_seed":false,"campfire_upgraded":0,"win_rate":0,"timestamp":1533453900,"path_taken":["M","?","M","M","M","E","?","?","T","?","M","M","$","?","R","BOSS"],"build_version":"2018-08-02","purchased_purges":1,"victory":false,"max_hp_per_floor":[70,70,70,70,70,70,70,70,70,70,70,70,70,70,70,70],"card_choices":[{"not_picked":["Deadly Poison","Bouncing Flask"],"picked":"PiercingWail","floor":1.0},{"not_picked":["Footwork","Outmaneuver"],"picked":"Sucker Punch","floor":2.0},{"not_picked":["Predator","Dagger Throw"],"picked":"Accuracy","floor":3.0},{"not_picked":["Setup","Bane"],"picked":"Backstab","floor":4.0},{"not_picked":["Backflip","PiercingWail"],"picked":"Skewer","floor":5.0},{"not_picked":["Wraith Form v2","Caltrops"],"picked":"Deflect","floor":6.0},{"not_picked":["Escape Plan","PiercingWail"],"picked":"Cloak And Dagger","floor":11.0},{"not_picked":["Dagger Throw","Noxious Fumes"],"picked":"Blur","floor":12.0},{"not_picked":["Deadly Poison","Sucker Punch"],"picked":"Terror","floor":14}],"player_experience":203069,"relics_obtained":[{"floor":6.0,"key":"Matryoshka"},{"floor":9.0,"key":"Darkstone Periapt"},{"floor":9.0,"key":"Turnip"}],"event_choices":[{"event_name":"Big Fish","player_choice":"Box","floor":7.0,"damage_taken":0.0},{"event_name":"Golden Idol","player_choice":"Take Damage","floor":8.0,"damage_taken":0.0},{"event_name":"Golden Shrine","player_choice":"Pray","floor":10.0,"damage_taken":0.0}],"is_beta":false,"boss_relics":[],"items_purged_floors":[13],"is_endless":false,"potions_floor_spawned":[4,5,11,12,14],"killed_by":"Slime Boss","ascension_level":4}