{"gold_per_floor":[115,126,146,31,48,80,80,98,146,158,158,333,359,372,372,475,475,493,418,435,435,435,466,483,499,499,1,26,26,42,75,75,175,175,185,199,159,174,174,174,174,174,174,174,174,199,0,35,35,35],"floor_reached":50,"playtime":6286,"items_purged":["Strike_B","Pain"],"score":654,"play_id":"e8335bd2-ddad-437a-ab77-e0e7be82dc84","local_time":"20190118012915","is_ascension_mode":true,"campfire_choices":[{"data":"Defragment","floor":11.0,"key":"SMITH"},{"floor":15.0,"key":"REST"},{"floor":29,"key":"REST"},{"data":"White Noise","floor":32,"key":"SMITH"},{"floor":40,"key":"RECALL"},{"floor":42,"key":"REST"},{"data":"Loop","floor":45,"key":"SMITH"},{"data":"Madness","floor":49,"key":"SMITH"}],"neow_cost":"NONE","seed_source_timestamp":0,"circlet_count":0,"master_deck":["Strike_B","Strike_B+1","Strike_B+1","Defend_B","Defend_B","Defend_B","Defend_B","Zap","Dualcast","Coolheaded","Ball Lightning","Defragment+1","Capacitor","Conserve Battery","Ball Lightning","Compile Driver","Loop+1","Reinforced Body","Rebound","Buffer+1","Barrage","Genetic Algorithm","Echo Form+1","Core Surge","Leap","Redo+1","Creative AI+1","Mayhem+1","Beam Cell+1","White Noise+1","Amplify","Leap+1","Ball Lightning+1","Madness","Madness+1"],"special_seed":0,"relics":["Cracked Core","Turnip","Anchor","Frozen Egg 2","Nuclear Battery","WarpedTongs","Strawberry","Bottled Tornado","Potion Belt","Meat on the Bone","Dream Catcher","Runic Pyramid","Mummified Hand","Cauldron","Sundial"],"potions_floor_usage":[24,28,33,33,33,41,41,41,48,48],"damage_taken":[{"damage":1.0,"enemies":"Cultist","floor":1.0,"turns":3.0},{"damage":2.0,"enemies":"2 Louse","floor":2.0,"turns":2.0},{"damage":0.0,"enemies":"Small Slimes","floor":3.0,"turns":3.0},{"damage":15.0,"enemies":"3 Louse","floor":5.0,"turns":3.0},{"damage":8.0,"enemies":"3 Sentries","floor":6.0,"turns":8.0},{"damage":12.0,"enemies":"Gremlin Gang","floor":8.0,"turns":4.0},{"damage":7.0,"enemies":"Exordium Wildlife","floor":10.0,"turns":4.0},{"damage":12.0,"enemies":"Gremlin Nob","floor":13.0,"turns":3.0},{"damage":5.0,"enemies":"2 Fungi Beasts","floor":14.0,"turns":3.0},{"damage":19.0,"enemies":"Slime Boss","floor":16.0,"turns":7.0},{"damage":6.0,"enemies":"Shell Parasite","floor":18.0,"turns":6.0},{"damage":0.0,"enemies":"Chosen","floor":20.0,"turns":4.0},{"damage":36,"enemies":"Book of Stabbing","floor":23,"turns":5},{"damage":13,"enemies":"Snecko","floor":24,"turns":5},{"damage":6,"enemies":"Centurion and Healer","floor":25,"turns":7},{"damage":23,"enemies":"Slavers","floor":28,"turns":5},{"damage":4,"enemies":"Chosen and Byrds","floor":30,"turns":6},{"damage":25,"enemies":"Book of Stabbing","floor":31,"turns":6},{"damage":20,"enemies":"Collector","floor":33,"turns":8},{"damage":0,"enemies":"3 Shapes","floor":35,"turns":4},{"damage":65,"enemies":"3 Darklings","floor":36,"turns":4},{"damage":11,"enemies":"Maw","floor":38,"turns":8},{"damage":19,"enemies":"Writhing Mass","floor":41,"turns":5},{"damage":5,"enemies":"Nemesis","floor":46,"turns":9},{"damage":8,"enemies":"Reptomancer","floor":48,"turns":6},{"damage":61,"enemies":"Awakened One","floor":50,"turns":5}],"seed_played":"-7209994278077283972","potions_obtained":[{"floor":1.0,"key":"GamblersBrew"},{"floor":8.0,"key":"Fire Potion"},{"floor":13.0,"key":"Poison Potion"},{"floor":16.0,"key":"Regen Potion"},{"floor":20.0,"key":"Dexterity Potion"},{"floor":30,"key":"Dexterity Potion"},{"floor":31,"key":"Block Potion"},{"floor":37,"key":"SmokeBomb"},{"floor":37,"key":"SkillPotion"},{"floor":37,"key":"GamblersBrew"},{"floor":38,"key":"PowerPotion"},{"floor":47,"key":"Swift Potion"},{"floor":47,"key":"Dexterity Potion"},{"floor":47,"key":"Block Potion"},{"floor":47,"key":"Ancient Potion"}],"is_trial":false,"path_per_floor":["M","M","M","$","M","E","?","M","T","M","R","?","E","M","R","B",null,"M","?","M","?","?","E","M","M","T","$","E","R","M","E","R","B",null,"M","M","?","M","?","R","M","R","T","?","R","E","$","E","R","B"],"character_chosen":"DEFECT","items_purchased":["Capacitor","Creative AI+1","Mayhem+1","Potion Belt","Cauldron"],"campfire_rested":3,"item_purchase_floors":[4,27,27,27,47],"current_hp_per_floor":[81,79,79,79,64,56,40,28,28,21,21,21,9,4,28,9,82,76,76,76,76,76,47,34,28,28,28,19,45,53,40,40,32,89,89,36,36,37,26,26,19,45,45,45,45,52,52,56,56,0],"gold":35,"neow_bonus":"TEN_PERCENT_HP_BONUS","is_prod":false,"is_daily":false,"chose_seed":false,"campfire_upgraded":4,"win_rate":0,"timestamp":1547782155,"path_taken":["M","M","M","$","M","E","?","M","T","M","R","?","E","M","R","BOSS","M","?","M","?","?","E","M","M","T","$","E","R","M","E","R","BOSS","M","?","?","?","?","R","M","R","T","?","R","E","$","E","R","BOSS"],"build_version":"2019-01-10","purchased_purges":2,"victory":false,"max_hp_per_floor":[82,82,82,82,82,82,82,82,82,82,82,82,82,82,82,82,82,82,82,82,82,82,89,89,89,89,89,89,89,89,89,89,89,89,89,89,89,89,89,89,89,89,89,89,89,89,89,89,89,89],"card_choices":[{"not_picked":["Hologram","Stack"],"picked":"Coolheaded","floor":1.0},{"not_picked":["Reinforced Body","Sweeping Beam"],"picked":"Ball Lightning","floor":2.0},{"not_picked":["Consume","Coolheaded"],"picked":"Defragment","floor":3.0},{"not_picked":["Sweeping Beam","Coolheaded"],"picked":"Conserve Battery","floor":5.0},{"not_picked":["Barrage","Chill"],"picked":"Ball Lightning","floor":6.0},{"not_picked":["Buffer","Turbo"],"picked":"Compile Driver","floor":8.0},{"not_picked":["Undo","Go for the Eyes"],"picked":"Loop","floor":10.0},{"not_picked":["Reprogram","Meteor Strike"],"picked":"Reinforced Body","floor":13.0},{"not_picked":["Glacier","Barrage"],"picked":"Rebound","floor":14.0},{"not_picked":["Rainbow","Amplify"],"picked":"Buffer+1","floor":16.0},{"not_picked":["Turbo","Gash"],"picked":"Barrage","floor":18.0},{"not_picked":["Beam Cell","Hologram"],"picked":"Genetic Algorithm","floor":20.0},{"not_picked":["Recycle","Hologram+1"],"picked":"Core Surge","floor":23},{"not_picked":["Beam Cell","Steam"],"picked":"Leap","floor":24},{"not_picked":["Streamline","Steam"],"picked":"Redo","floor":25},{"not_picked":["Go for the Eyes+1","Multi-Cast","Fission"],"picked":"SKIP","floor":28},{"not_picked":["Cold Snap","Reprogram"],"picked":"Beam Cell+1","floor":30},{"not_picked":["Turbo","Hologram"],"picked":"White Noise","floor":31},{"not_picked":["Echo Form+1","Multi-Cast"],"picked":"Amplify","floor":33},{"not_picked":["Darkness+1","Stack"],"picked":"Leap+1","floor":35},{"not_picked":["Chaos","Compile Driver"],"picked":"Ball Lightning+1","floor":36},{"not_picked":["Redo","Hello World+1","Coolheaded"],"picked":"SKIP","floor":38},{"not_picked":["Go for the Eyes","Barrage","Scrape"],"picked":"SKIP","floor":46},{"not_picked":["Coolheaded","Undo","Steam Power+1"],"picked":"SKIP","floor":48}],"player_experience":95725,"relics_obtained":[{"floor":6.0,"key":"Turnip"},{"floor":9.0,"key":"Anchor"},{"floor":13.0,"key":"Frozen Egg 2"},{"floor":23,"key":"Strawberry"},{"floor":26,"key":"Bottled Tornado"},{"floor":28,"key":"Meat on the Bone"},{"floor":31,"key":"Dream Catcher"},{"floor":46,"key":"Mummified Hand"},{"floor":48,"key":"Sundial"}],"event_choices":[{"damage_healed":0.0,"max_hp_gain":0.0,"max_hp_loss":0.0,"gold_gain":0.0,"event_name":"Shining Light","player_choice":"Entered Light","floor":7.0,"gold_loss":0.0,"damage_taken":16.0,"cards_upgraded":["Strike_B","Strike_B"]},{"damage_healed":0.0,"max_hp_gain":0.0,"max_hp_loss":0.0,"gold_gain":175.0,"event_name":"Liars Game","player_choice":"AGREE","floor":12.0,"gold_loss":0.0,"damage_taken":0.0,"cards_obtained":["Doubt"]},{"cards_removed":["Doubt"],"damage_healed":0.0,"max_hp_gain":0.0,"max_hp_loss":0.0,"gold_gain":0.0,"event_name":"Beggar","player_choice":"Gave Gold","floor":19.0,"gold_loss":75.0,"damage_taken":0.0},{"damage_healed":0,"gold_gain":0,"player_choice":"Read","damage_taken":0,"max_hp_gain":0,"max_hp_loss":0,"event_name":"The Library","floor":21,"gold_loss":0,"cards_obtained":["Echo Form"]},{"damage_healed":0,"gold_gain":0,"player_choice":"Rummage","damage_taken":0,"relics_obtained":["WarpedTongs"],"max_hp_gain":0,"max_hp_loss":0,"event_name":"Accursed Blacksmith","floor":22,"gold_loss":0,"cards_obtained":["Pain"]},{"damage_healed":0,"gold_gain":0,"player_choice":"Bought 3 Potions","damage_taken":0,"max_hp_gain":0,"max_hp_loss":0,"event_name":"The Woman in Blue","floor":37,"gold_loss":0},{"damage_healed":0,"gold_gain":0,"player_choice":"Embrace Madness","damage_taken":11,"max_hp_gain":0,"max_hp_loss":0,"event_name":"Winding Halls","floor":39,"gold_loss":0,"cards_obtained":["Madness","Madness"]},{"damage_healed":0,"gold_gain":0,"player_choice":"Upgraded","damage_taken":0,"max_hp_gain":0,"max_hp_loss":0,"event_name":"Upgrade Shrine","floor":44,"gold_loss":0,"cards_upgraded":["Redo"]}],"is_beta":false,"boss_relics":[{"not_picked":["Coffee Dripper","Sozu"],"picked":"Nuclear Battery"},{"not_picked":["Inserter","FrozenCore"],"picked":"Runic Pyramid"}],"items_purged_floors":[4,27],"is_endless":false,"potions_floor_spawned":[1,8,13,16,20,23,30,31,38,41],"killed_by":"Awakened One","ascension_level":2}