{"gold_per_floor":[115,115,115,129,146,146,178,178,178,208,227,28,55,73,73,147,147,163,113,8,58,76,140,140,66,66,66,66,81,110,121,121,192,192,204,204,49,49,49,49,65,65,65,91,111,81,3,17,17,17],"floor_reached":51,"playtime":2591,"items_purged":["Pain"],"score":1311,"play_id":"47d284a3-860a-463d-9bbd-3f7dbea6eecd","local_time":"20190302155242","is_ascension_mode":true,"campfire_choices":[{"data":"Neutralize","floor":6.0,"key":"SMITH"},{"floor":15.0,"key":"REST"},{"data":"Footwork","floor":24.0,"key":"SMITH"},{"floor":27.0,"key":"REST"},{"floor":32.0,"key":"REST"},{"data":"Envenom","floor":40,"key":"SMITH"},{"data":"Footwork","floor":42,"key":"SMITH"},{"data":"Burst","floor":49,"key":"SMITH"}],"neow_cost":"NONE","seed_source_timestamp":28688978971043,"circlet_count":0,"master_deck":["AscendersBane","Defend_G","Defend_G","Defend_G","Defend_G","Defend_G","Strike_G","Strike_G","Survivor","Neutralize+1","Dagger Throw","Endless Agony","After Image","Blade Dance","Predator","PiercingWail","Footwork+1","Leg Sweep","Dagger Spray","Backflip","Die Die Die","Adrenaline+1","Reflex+1","Poisoned Stab+1","Cloak And Dagger+1","Footwork+1","Backstab","Envenom+1","Backflip","Burst+1","Acrobatics","Leg Sweep","Doubt","Prepared+1","Crippling Poison","Blade Dance+1"],"special_seed":0,"relics":["Ring of the Snake","Juzu Bracelet","Shovel","Mercury Hourglass","Singing Bowl","Paper Crane","Astrolabe","Tiny Chest","Incense Burner","PreservedInsect","Cursed Key","WarpedTongs","Shuriken","Torii"],"potions_floor_usage":[46,50,50],"damage_taken":[{"damage":0.0,"enemies":"2 Louse","floor":1.0,"turns":4.0},{"damage":0.0,"enemies":"Small Slimes","floor":4.0,"turns":3.0},{"damage":2.0,"enemies":"Jaw Worm","floor":5.0,"turns":4.0},{"damage":23.0,"enemies":"Gremlin Nob","floor":7.0,"turns":6.0},{"damage":16.0,"enemies":"Lagavulin","floor":10.0,"turns":10.0},{"damage":0.0,"enemies":"Exordium Wildlife","floor":11.0,"turns":2.0},{"damage":9.0,"enemies":"Gremlin Nob","floor":13.0,"turns":4.0},{"damage":0.0,"enemies":"Red Slaver","floor":14.0,"turns":4.0},{"damage":21.0,"enemies":"Slime Boss","floor":16.0,"turns":11.0},{"damage":0.0,"enemies":"Chosen","floor":18.0,"turns":5.0},{"damage":15.0,"enemies":"2 Thieves","floor":22.0,"turns":4.0},{"damage":18.0,"enemies":"Slavers","floor":23.0,"turns":8.0},{"damage":16.0,"enemies":"Shelled Parasite and Fungi","floor":29.0,"turns":9.0},{"damage":25.0,"enemies":"Gremlin Leader","floor":30.0,"turns":6.0},{"damage":0.0,"enemies":"Snake Plant","floor":31.0,"turns":6.0},{"damage":40.0,"enemies":"Champ","floor":33.0,"turns":18.0},{"damage":0.0,"enemies":"Orb Walker","floor":35.0,"turns":4.0},{"damage":0,"enemies":"3 Shapes","floor":41,"turns":3},{"damage":0,"enemies":"Reptomancer","floor":44,"turns":6},{"damage":0,"enemies":"Maw","floor":45,"turns":9},{"damage":0,"enemies":"Sphere and 2 Shapes","floor":48,"turns":7},{"damage":15,"enemies":"Awakened One","floor":50,"turns":21}],"seed_played":"-5006845673289053542","potions_obtained":[{"floor":1.0,"key":"GhostInAJar"},{"floor":4.0,"key":"Explosive Potion"},{"floor":10.0,"key":"Block Potion"},{"floor":13.0,"key":"LiquidBronze"},{"floor":16.0,"key":"FairyPotion"},{"floor":30.0,"key":"SkillPotion"},{"floor":41,"key":"Fruit Juice"},{"floor":44,"key":"SkillPotion"},{"floor":46,"key":"EntropicBrew"}],"is_trial":false,"path_per_floor":["M","?","?","M","M","R","E","?","T","E","M","$","E","M","R","B",null,"M","?","$","?","M","E","R","$","T","R","?","M","E","M","R","B",null,"M","?","$","?","T","R","M","R","T","E","M","?","$","M","R","B",null],"character_chosen":"THE_SILENT","items_purchased":["Footwork","Leg Sweep","Dagger Spray","Footwork","Backstab","Envenom","Leg Sweep","Crippling Poison"],"campfire_rested":3,"item_purchase_floors":[12,12,12,20,20,25,37,47],"current_hp_per_floor":[59,59,59,59,57,57,34,34,34,18,18,18,9,11,31,10,54,54,54,54,54,41,25,25,25,25,46,46,30,7,9,31,7,59,59,59,59,59,59,59,61,61,61,61,63,68,68,68,68,53],"gold":17,"neow_bonus":"RANDOM_COMMON_RELIC","is_prod":false,"is_daily":false,"chose_seed":false,"campfire_upgraded":5,"win_rate":0,"timestamp":1551570762,"path_taken":["M","?","?","M","M","R","E","?","T","E","M","?","E","M","R","BOSS","M","?","$","?","M","E","R","$","T","R","?","M","E","M","R","BOSS","M","?","$","?","?","R","M","R","T","E","M","?","$","M","R","BOSS"],"build_version":"2019-01-23","purchased_purges":1,"victory":true,"max_hp_per_floor":[66,66,66,66,66,66,66,66,66,66,66,66,66,68,68,68,68,68,68,68,68,70,72,72,72,72,72,72,72,74,76,76,76,76,76,76,76,72,72,72,74,74,74,74,76,81,81,81,81,81],"card_choices":[{"not_picked":["Sucker Punch","Deflect"],"picked":"Dagger Throw","floor":1.0},{"not_picked":["Heel Hook","Backflip"],"picked":"Endless Agony","floor":4.0},{"not_picked":["Catalyst","Deflect"],"picked":"After Image","floor":5.0},{"not_picked":["Quick Slash","Outmaneuver"],"picked":"Blade Dance","floor":7.0},{"not_picked":["Tools of the Trade","Bane"],"picked":"Predator","floor":10.0},{"not_picked":["Deadly Poison","Setup"],"picked":"PiercingWail","floor":11.0},{"not_picked":["Outmaneuver","Unload"],"picked":"Backflip","floor":13.0},{"not_picked":["Finisher","Prepared","Concentrate"],"picked":"Singing Bowl","floor":14.0},{"not_picked":["Grand Finale","Unload"],"picked":"Die Die Die","floor":16.0},{"not_picked":["Acrobatics","Dagger Throw+1"],"picked":"Cloak And Dagger","floor":18.0},{"not_picked":["Dash","Deadly Poison","Outmaneuver"],"picked":"Singing Bowl","floor":22.0},{"not_picked":["Footwork","Dash+1","Deadly Poison"],"picked":"Singing Bowl","floor":23.0},{"not_picked":["Dagger Spray","Expertise"],"picked":"Backflip","floor":29.0},{"not_picked":["Burst","Prepared","Backflip"],"picked":"Singing Bowl","floor":30.0},{"not_picked":["Prepared","Riddle With Holes","Skewer"],"picked":"Singing Bowl","floor":31.0},{"not_picked":["Storm of Steel","Grand Finale"],"picked":"Burst","floor":33.0},{"not_picked":["Outmaneuver+1","Quick Slash+1"],"picked":"Acrobatics","floor":35.0},{"not_picked":["Flying Knee","Well Laid Plans","Underhanded Strike+1"],"picked":"Singing Bowl","floor":41},{"not_picked":["Dagger Throw+1","Outmaneuver"],"picked":"Prepared+1","floor":44},{"not_picked":["Backflip","Underhanded Strike","Slice"],"picked":"Singing Bowl","floor":45},{"not_picked":["Outmaneuver","Underhanded Strike"],"picked":"Blade Dance+1","floor":48}],"player_experience":2306220,"relics_obtained":[{"floor":7.0,"key":"Shovel"},{"floor":9.0,"key":"Mercury Hourglass"},{"floor":10.0,"key":"Singing Bowl"},{"floor":13.0,"key":"Paper Crane"},{"floor":23.0,"key":"Tiny Chest"},{"floor":26.0,"key":"Incense Burner"},{"floor":30.0,"key":"PreservedInsect"},{"floor":43,"key":"Shuriken"},{"floor":44,"key":"Torii"}],"event_choices":[{"damage_healed":0.0,"max_hp_gain":0.0,"max_hp_loss":0.0,"gold_gain":0.0,"event_name":"Liars Game","player_choice":"Ignored","floor":2.0,"gold_loss":0.0,"damage_taken":0.0},{"damage_healed":0.0,"max_hp_gain":0.0,"max_hp_loss":0.0,"gold_gain":0.0,"event_name":"The Cleric","player_choice":"Leave","floor":3.0,"gold_loss":0.0,"damage_taken":0.0},{"damage_healed":0.0,"max_hp_gain":0.0,"max_hp_loss":0.0,"gold_gain":0.0,"event_name":"Scrap Ooze","player_choice":"Fled","floor":8.0,"gold_loss":0.0,"damage_taken":0.0},{"damage_healed":0.0,"max_hp_gain":0.0,"max_hp_loss":0.0,"gold_gain":0.0,"event_name":"Designer","player_choice":"Upgrade","floor":19.0,"gold_loss":50.0,"damage_taken":0.0,"cards_upgraded":["Cloak And Dagger"]},{"damage_healed":0.0,"max_hp_gain":0.0,"max_hp_loss":0.0,"gold_gain":50.0,"event_name":"Nest","player_choice":"Stole From Cult","floor":21.0,"gold_loss":0.0,"damage_taken":0.0},{"damage_healed":0.0,"max_hp_gain":0.0,"max_hp_loss":0.0,"gold_gain":0.0,"event_name":"Accursed Blacksmith","player_choice":"Rummage","floor":36.0,"gold_loss":0.0,"damage_taken":0.0,"relics_obtained":["WarpedTongs"],"cards_obtained":["Pain"]},{"damage_healed":0.0,"max_hp_gain":0.0,"max_hp_loss":4.0,"gold_gain":0.0,"event_name":"Winding Halls","player_choice":"Max HP","floor":38.0,"gold_loss":0.0,"damage_taken":0.0},{"damage_healed":0,"gold_gain":0,"player_choice":"Bought 2 Potions","damage_taken":0,"max_hp_gain":0,"max_hp_loss":0,"event_name":"The Woman in Blue","floor":46,"gold_loss":0}],"is_beta":false,"boss_relics":[{"not_picked":["Snecko Eye","Ring of the Serpent"],"picked":"Astrolabe"},{"not_picked":["Runic Dome","Empty Cage"],"picked":"Cursed Key"}],"items_purged_floors":[37],"is_endless":false,"potions_floor_spawned":[1,4,10,13,16,18,30,41,44],"ascension_level":15}