{"gold_per_floor":[113,113,129,149,149,149,160,160,235,254,266,282,457,134,134,234,234],"floor_reached":17,"playtime":757,"items_purged":["Doubt"],"score":156,"play_id":"be19ace0-12d2-42b0-b055-96357c625c32","local_time":"20181013224623","is_ascension_mode":true,"campfire_choices":[{"data":"Zap","floor":6,"key":"SMITH"},{"floor":15,"key":"REST"}],"neow_cost":"","seed_source_timestamp":273540926025497,"circlet_count":0,"master_deck":["Strike_B","Strike_B","Strike_B","Strike_B+1","Defend_B","Defend_B","Defend_B","Defend_B","Dualcast+1","Ball Lightning","Chaos","Electrodynamics","FTL"],"relics":["Cracked Core","Kunai","Membership Card","Lantern","Orrery"],"potions_floor_usage":[11,16,16],"damage_taken":[{"damage":0,"enemies":"Cultist","floor":1,"turns":3},{"damage":3,"enemies":"Small Slimes","floor":3,"turns":3},{"damage":12,"enemies":"2 Louse","floor":4,"turns":2},{"damage":2,"enemies":"Blue Slaver","floor":7,"turns":2},{"damage":7,"enemies":"2 Fungi Beasts","floor":10,"turns":3},{"damage":13,"enemies":"Lots of Slimes","floor":11,"turns":2},{"damage":0,"enemies":"Large Slime","floor":12,"turns":5},{"damage":20,"enemies":"Slime Boss","floor":16,"turns":10}],"seed_played":"-4319940174059663646","potions_obtained":[{"floor":3,"key":"Dexterity Potion"},{"floor":7,"key":"Explosive Potion"},{"floor":12,"key":"Poison Potion"}],"is_trial":false,"path_per_floor":["M","?","M","M","?","R","M","?","T","M","M","M","?","$","R","B"],"character_chosen":"DEFECT","items_purchased":["Membership Card","Lantern"],"campfire_rested":1,"item_purchase_floors":[14,14],"current_hp_per_floor":[75,75,72,60,45,45,43,43,43,36,23,23,23,23,45,25,25],"gold":234,"neow_bonus":"","is_prod":false,"is_daily":false,"chose_seed":false,"campfire_upgraded":1,"win_rate":0,"timestamp":1539485183,"path_taken":["M","?","?","M","?","R","M","?","T","M","M","M","?","$","R","BOSS"],"build_version":"2018-10-11","purchased_purges":1,"victory":false,"max_hp_per_floor":[75,75,75,75,75,75,75,75,75,75,75,75,75,75,75,75,75],"card_choices":[{"not_picked":["Leap","Streamline","Compile Driver"],"picked":"SKIP","floor":1},{"not_picked":["Cold Snap","Auto Shields"],"picked":"Ball Lightning","floor":3},{"not_picked":["Rip and Tear","Hologram","Ball Lightning"],"picked":"SKIP","floor":4},{"not_picked":["Barrage","Fission","Leap"],"picked":"SKIP","floor":7},{"not_picked":["Auto Shields","Barrage","Hello World"],"picked":"SKIP","floor":10},{"not_picked":["Undo","Cold Snap"],"picked":"Chaos","floor":11},{"not_picked":["Glacier","Go for the Eyes","Hologram"],"picked":"SKIP","floor":12},{"not_picked":["All For One","Creative AI"],"picked":"Electrodynamics","floor":16},{"not_picked":["Stack","Auto Shields"],"picked":"FTL","floor":17}],"player_experience":51121,"relics_obtained":[{"floor":9,"key":"Kunai"}],"event_choices":[{"event_name":"Wheel of Change","player_choice":"Full Heal","floor":2,"damage_taken":0},{"event_name":"Shining Light","player_choice":"Entered Light","floor":5,"damage_taken":0},{"event_name":"Bonfire Elementals","player_choice":"BASIC","floor":8,"damage_taken":0},{"event_name":"Liars Game","player_choice":"agreed","floor":13,"damage_taken":0}],"is_beta":false,"boss_relics":[{"not_picked":["Fusion Hammer","Black Star"],"picked":"Orrery"}],"items_purged_floors":[14],"is_endless":false,"potions_floor_spawned":[3,7,12],"ascension_level":1}