{"gold_per_floor":[367,381,398,411,421,448,448,475,502,502,26,37,37,57,57,156,156,170,170,180,195,41,41,73,73,73,90,90,36,136,163,163,263,263,282,382,394,394],"floor_reached":38,"playtime":3811,"items_purged":["Writhe","Strike_R"],"score":426,"play_id":"3a91f08e-7cd7-4d13-8760-5cff4a1c742b","local_time":"20190321215125","is_ascension_mode":false,"campfire_choices":[{"data":"Rage","floor":10,"key":"SMITH"},{"data":"Bloodletting","floor":13,"key":"SMITH"},{"floor":15,"key":"REST"},{"floor":23,"key":"REST"},{"floor":25,"key":"REST"},{"floor":28,"key":"REST"},{"floor":32,"key":"REST"}],"neow_cost":"CURSE","seed_source_timestamp":563402664897800,"circlet_count":0,"master_deck":["Strike_R","Strike_R","Strike_R","Strike_R","Defend_R","Defend_R+1","Defend_R","Defend_R","Bash","Heavy Blade","Shrug It Off+1","Cleave","Rage+1","Reckless Charge","Blood for Blood","Bloodletting+1","Juggernaut","Body Slam","Combust","Sword Boomerang+1","Thunderclap","Pommel Strike+1","Anger","Cleave","Twin Strike+1","Warcry+1","Double Tap","Perfected Strike+1"],"relics":["Burning Blood","Pocketwatch","Bronze Scales","War Paint","Bag of Marbles","Paper Frog","Happy Flower","Lizard Tail","Nilry\u0027s Codex","Red Skull","Sundial","WingedGreaves","Molten Egg 2","Oddly Smooth Stone","Eternal Feather"],"potions_floor_usage":[6,8,16,24,24,33,38],"damage_taken":[{"damage":5,"enemies":"Jaw Worm","floor":1,"turns":5},{"damage":4,"enemies":"Cultist","floor":2,"turns":4},{"damage":0,"enemies":"2 Louse","floor":3,"turns":3},{"damage":13,"enemies":"Exordium Wildlife","floor":4,"turns":5},{"damage":7,"enemies":"Red Slaver","floor":5,"turns":3},{"damage":12,"enemies":"3 Sentries","floor":6,"turns":9},{"damage":21,"enemies":"Gremlin Nob","floor":8,"turns":4},{"damage":3,"enemies":"Exordium Thugs","floor":12,"turns":3},{"damage":0,"enemies":"2 Fungi Beasts","floor":14,"turns":2},{"damage":19,"enemies":"Slime Boss","floor":16,"turns":7},{"damage":6,"enemies":"Chosen","floor":18,"turns":4},{"damage":8,"enemies":"3 Byrds","floor":20,"turns":2},{"damage":18,"enemies":"Centurion and Healer","floor":21,"turns":5},{"damage":49,"enemies":"Gremlin Leader","floor":24,"turns":5},{"damage":18,"enemies":"3 Cultists","floor":27,"turns":4},{"damage":14,"enemies":"Colosseum Slavers","floor":30,"turns":4},{"damage":14,"enemies":"Colosseum Nobs","floor":30,"turns":4},{"damage":37,"enemies":"Book of Stabbing","floor":31,"turns":4},{"damage":64,"enemies":"Champ","floor":33,"turns":10},{"damage":28,"enemies":"3 Darklings","floor":35,"turns":4},{"damage":19,"enemies":"3 Shapes","floor":37,"turns":2},{"damage":60,"enemies":"Spire Growth","floor":38,"turns":3}],"seed_played":"4265072257327551140","potions_obtained":[{"floor":3,"key":"Energy Potion"},{"floor":5,"key":"SkillPotion"},{"floor":6,"key":"FearPotion"},{"floor":12,"key":"SteroidPotion"},{"floor":18,"key":"GamblersBrew"},{"floor":21,"key":"PowerPotion"},{"floor":31,"key":"AttackPotion"},{"floor":35,"key":"Energy Potion"}],"is_trial":false,"path_per_floor":["M","M","M","M","M","E","?","E","T","R","$","M","R","M","R","B",null,"M","?","M","M","$","R","E","R","T","M","R","$","?","E","R","B",null,"M","?","M","M"],"character_chosen":"IRONCLAD","items_purchased":["Paper Frog","Happy Flower","Thunderclap","Cleave"],"campfire_rested":5,"item_purchase_floors":[11,11,22,29],"current_hp_per_floor":[80,80,80,73,72,66,66,51,51,51,51,54,54,60,80,67,80,80,64,62,50,50,74,31,55,55,43,67,67,51,20,44,41,80,58,58,45,0],"gold":394,"neow_bonus":"TWO_FIFTY_GOLD","is_prod":false,"is_daily":false,"chose_seed":false,"campfire_upgraded":2,"win_rate":0.0,"timestamp":1553197885,"path_taken":["M","M","M","M","M","E","?","E","T","R","$","M","R","M","R","BOSS","M","?","M","M","$","R","E","R","T","M","R","$","?","E","R","BOSS","M","?","?","M"],"build_version":"2019-01-23","purchased_purges":2,"victory":false,"max_hp_per_floor":[80,80,80,80,80,80,80,80,80,80,80,80,80,80,80,80,80,80,80,80,80,80,80,80,80,80,80,80,80,80,80,80,80,80,80,80,80,80],"card_choices":[{"not_picked":["Warcry","Iron Wave"],"picked":"Heavy Blade","floor":1},{"not_picked":["Hemokinesis","Clash"],"picked":"Shrug It Off","floor":2},{"not_picked":["Flex","Twin Strike"],"picked":"Cleave","floor":3},{"not_picked":["Fire Breathing","Hemokinesis"],"picked":"Rage","floor":4},{"not_picked":["Carnage","Blood for Blood"],"picked":"Reckless Charge","floor":5},{"not_picked":["Armaments","Clash"],"picked":"Blood for Blood","floor":6},{"not_picked":["Rampage","Headbutt"],"picked":"Bloodletting","floor":8},{"not_picked":["True Grit","Bloodletting","Searing Blow"],"picked":"SKIP","floor":12},{"not_picked":["Warcry","Shrug It Off","Dual Wield"],"picked":"SKIP","floor":14},{"not_picked":["Berserk","Barricade"],"picked":"Juggernaut","floor":16},{"not_picked":["Clash+1","Perfected Strike"],"picked":"Body Slam","floor":18},{"not_picked":["Sword Boomerang","Searing Blow"],"picked":"Combust","floor":20},{"not_picked":["Body Slam","Hemokinesis"],"picked":"Sword Boomerang+1","floor":21},{"not_picked":["Bloodletting+1","Thunderclap"],"picked":"Pommel Strike+1","floor":24},{"not_picked":["Carnage","Thunderclap+1"],"picked":"Anger","floor":27},{"not_picked":["Thunderclap","Infernal Blade"],"picked":"Twin Strike+1","floor":30},{"not_picked":["Fire Breathing","Berserk"],"picked":"Warcry+1","floor":31},{"not_picked":["Juggernaut","Brutality"],"picked":"Double Tap","floor":33},{"not_picked":["Feel No Pain","Flex","Twin Strike+1"],"picked":"SKIP","floor":35},{"not_picked":["Spot Weakness","Sword Boomerang+1"],"picked":"Perfected Strike+1","floor":37}],"player_experience":4691,"relics_obtained":[{"floor":6,"key":"Pocketwatch"},{"floor":8,"key":"War Paint"},{"floor":9,"key":"Bag of Marbles"},{"floor":19,"key":"Nilry\u0027s Codex"},{"floor":24,"key":"Red Skull"},{"floor":26,"key":"Sundial"},{"floor":30,"key":"WingedGreaves"},{"floor":30,"key":"Molten Egg 2"},{"floor":31,"key":"Oddly Smooth Stone"}],"event_choices":[{"damage_healed":0,"gold_gain":0,"player_choice":"Gave Potion","damage_taken":0,"relics_obtained":["Bronze Scales"],"max_hp_gain":0,"max_hp_loss":0,"event_name":"WeMeetAgain","floor":7,"gold_loss":0},{"damage_healed":0,"gold_gain":0,"player_choice":"Obtained Book","damage_taken":16,"max_hp_gain":0,"max_hp_loss":0,"event_name":"Cursed Tome","floor":19,"gold_loss":0},{"damage_healed":0,"gold_gain":0,"player_choice":"Fight","damage_taken":0,"max_hp_gain":0,"max_hp_loss":0,"event_name":"Colosseum","floor":30,"gold_loss":0},{"damage_healed":0,"gold_gain":0,"player_choice":"Fought Nobs","damage_taken":0,"max_hp_gain":0,"max_hp_loss":0,"event_name":"Colosseum","floor":30,"gold_loss":0},{"damage_healed":0,"gold_gain":100,"player_choice":"Pray","damage_taken":0,"max_hp_gain":0,"max_hp_loss":0,"event_name":"Golden Shrine","floor":36,"gold_loss":0}],"is_beta":false,"boss_relics":[{"not_picked":["White Beast Statue","Ectoplasm"],"picked":"Lizard Tail"},{"not_picked":["Orrery","Calling Bell"],"picked":"Eternal Feather"}],"items_purged_floors":[11,22],"is_endless":false,"potions_floor_spawned":[3,5,6,12,18,21,30,31,35],"killed_by":"Spire Growth","ascension_level":0}