{"gold_per_floor":[114,114,28,28,40,68,68,80,80,94,94,121,121,147,147,218,218,229,243,26,26,38,38,38,38,38,66,66,66,99,113,113,185,185,200,32,32,32,50,50,70,88,88,115,127,158,170,182,194,206],"floor_reached":51,"playtime":2673,"items_purged":[],"score":1314,"play_id":"cd915644-210b-425c-ab57-c94b4c912968","local_time":"20190426182542","is_ascension_mode":true,"campfire_choices":[{"floor":7,"key":"REST"},{"data":"Whirlwind","floor":11,"key":"SMITH"},{"data":"Disarm","floor":13,"key":"SMITH"},{"floor":15,"key":"REST"},{"data":"Body Slam","floor":23,"key":"SMITH"},{"data":"Barricade","floor":25,"key":"SMITH"},{"data":"Inflame","floor":29,"key":"SMITH"},{"data":"Shockwave","floor":32,"key":"SMITH"},{"floor":40,"key":"RECALL"},{"floor":45,"key":"REST"},{"floor":47,"key":"REST"},{"floor":49,"key":"REST"}],"neow_cost":"NONE","seed_source_timestamp":12567237899500,"circlet_count":0,"master_deck":["AscendersBane","Strike_R","Strike_R","Defend_R","Defend_R","Defend_R+1","Defend_R","Bash","Whirlwind+1","Inflame+1","Disarm+1","Shrug It Off","Body Slam+1","Iron Wave","Immolate","Battle Trance","Barricade+1","Disarm+1","Shrug It Off","Double Tap+1","Headbutt+1","Discovery"],"relics":["Burning Blood","Incense Burner","Dead Branch","Sundial","Strawberry","Sozu","Chemical X","Mercury Hourglass","Ancient Tea Set","Ornamental Fan","Mark of Pain","War Paint","MawBank"],"potions_floor_usage":[12,16,24],"damage_taken":[{"damage":8,"enemies":"Small Slimes","floor":1,"turns":4},{"damage":13,"enemies":"Cultist","floor":5,"turns":5},{"damage":50,"enemies":"3 Sentries","floor":6,"turns":7},{"damage":4,"enemies":"Jaw Worm","floor":8,"turns":5},{"damage":3,"enemies":"Lots of Slimes","floor":10,"turns":2},{"damage":5,"enemies":"Lagavulin","floor":12,"turns":7},{"damage":21,"enemies":"Gremlin Nob","floor":14,"turns":5},{"damage":30,"enemies":"Hexaghost","floor":16,"turns":14},{"damage":3,"enemies":"Shell Parasite","floor":18,"turns":9},{"damage":0,"enemies":"Chosen","floor":19,"turns":5},{"damage":7,"enemies":"Centurion and Healer","floor":22,"turns":4},{"damage":0,"enemies":"Shelled Parasite and Fungi","floor":24,"turns":1},{"damage":8,"enemies":"Book of Stabbing","floor":27,"turns":5},{"damage":17,"enemies":"Gremlin Leader","floor":30,"turns":5},{"damage":11,"enemies":"Cultist and Chosen","floor":31,"turns":5},{"damage":16,"enemies":"Champ","floor":33,"turns":9},{"damage":18,"enemies":"3 Shapes","floor":35,"turns":6},{"damage":0,"enemies":"3 Darklings","floor":39,"turns":3},{"damage":31,"enemies":"Transient","floor":41,"turns":6},{"damage":33,"enemies":"Sphere and 2 Shapes","floor":42,"turns":1},{"damage":18,"enemies":"Nemesis","floor":44,"turns":9},{"damage":32,"enemies":"Spire Growth","floor":46,"turns":5},{"damage":54,"enemies":"Awakened One","floor":50,"turns":17}],"seed_played":"-843086492254189783","potions_obtained":[{"floor":1,"key":"SmokeBomb"},{"floor":6,"key":"Ancient Potion"},{"floor":10,"key":"Dexterity Potion"},{"floor":14,"key":"GamblersBrew"}],"is_trial":false,"path_per_floor":["M","?","$","?","M","E","R","M","T","M","R","E","R","E","R","B",null,"M","M","$","?","M","R","M","R","T","E","?","R","E","M","R","B",null,"M","$","?","?","M","R","M","M","T","E","R","M","R","?","R","B",null],"character_chosen":"IRONCLAD","items_purchased":["Whirlwind","Chemical X","War Paint"],"campfire_rested":5,"item_purchase_floors":[3,20,36],"current_hp_per_floor":[66,71,71,71,64,20,44,46,46,49,49,50,50,42,68,44,76,79,85,85,85,84,84,87,87,87,85,85,85,74,69,69,59,80,68,68,68,68,74,74,49,22,22,10,36,10,36,36,62,14],"gold":218,"neow_bonus":"REMOVE_CARD","is_prod":false,"is_daily":false,"chose_seed":false,"campfire_upgraded":6,"win_rate":0,"timestamp":1556292342,"path_taken":["M","?","$","?","M","E","R","M","T","M","R","E","R","E","R","BOSS","M","M","$","?","M","R","M","R","T","E","?","R","E","?","R","BOSS","M","$","?","?","?","R","M","M","T","E","R","M","R","?","R","BOSS"],"build_version":"2019-01-23","purchased_purges":0,"victory":true,"max_hp_per_floor":[75,80,80,80,80,80,80,80,80,80,80,80,80,87,87,87,87,87,87,87,87,87,87,87,87,87,87,87,87,87,87,87,87,87,87,87,87,87,87,87,87,87,87,87,87,87,87,87,87,87],"card_choices":[{"not_picked":["Dual Wield","Blood for Blood","Clash"],"picked":"SKIP","floor":1},{"not_picked":["Searing Blow","Headbutt"],"picked":"Disarm","floor":5},{"not_picked":["Thunderclap","Anger"],"picked":"Shrug It Off","floor":6},{"not_picked":["Perfected Strike","Wild Strike"],"picked":"Body Slam","floor":8},{"not_picked":["Flex","Anger"],"picked":"Iron Wave","floor":10},{"not_picked":["Metallicize","Sword Boomerang"],"picked":"Immolate","floor":12},{"not_picked":["Infernal Blade","Immolate"],"picked":"Battle Trance","floor":14},{"not_picked":["Offering","Berserk"],"picked":"Barricade","floor":16},{"not_picked":["Headbutt","Fire Breathing","Warcry"],"picked":"SKIP","floor":18},{"not_picked":["Iron Wave","Perfected Strike","True Grit"],"picked":"SKIP","floor":19},{"not_picked":["Twin Strike","Bloodletting","Clash"],"picked":"SKIP","floor":22},{"not_picked":["Sword Boomerang","Sever Soul","Flex"],"picked":"SKIP","floor":27},{"not_picked":["Power Through","Pummel"],"picked":"Shockwave","floor":30},{"not_picked":["Corruption","Armaments"],"picked":"Shrug It Off","floor":31},{"not_picked":["Berserk","Exhume"],"picked":"Double Tap","floor":33},{"not_picked":["Thunderclap","Perfected Strike","Hemokinesis"],"picked":"SKIP","floor":35},{"not_picked":["True Grit","Rage"],"picked":"Headbutt+1","floor":39},{"not_picked":["Warcry","Dropkick","Hemokinesis"],"picked":"SKIP","floor":41},{"not_picked":["True Grit","Cleave+1","Heavy Blade"],"picked":"SKIP","floor":42},{"not_picked":["Double Tap","Battle Trance","Uppercut"],"picked":"SKIP","floor":44},{"not_picked":["Dual Wield","Metallicize","Combust"],"picked":"SKIP","floor":46},{"not_picked":["Panacea","Transmutation"],"picked":"Discovery","floor":48}],"player_experience":331554,"relics_obtained":[{"floor":6,"key":"Incense Burner"},{"floor":9,"key":"Dead Branch"},{"floor":12,"key":"Sundial"},{"floor":14,"key":"Strawberry"},{"floor":26,"key":"Mercury Hourglass"},{"floor":27,"key":"Ancient Tea Set"},{"floor":30,"key":"Ornamental Fan"},{"floor":44,"key":"MawBank"}],"event_choices":[{"damage_healed":0,"gold_gain":0,"player_choice":"Donut","damage_taken":0,"max_hp_gain":5,"max_hp_loss":0,"event_name":"Big Fish","floor":2,"gold_loss":0},{"damage_healed":0,"gold_gain":0,"cards_transformed":["Strike_R"],"player_choice":"Transformed","damage_taken":0,"max_hp_gain":0,"max_hp_loss":0,"event_name":"Transmorgrifier","floor":4,"gold_loss":0,"cards_obtained":["Inflame"]},{"cards_removed":["Strike_R"],"damage_healed":0,"gold_gain":0,"player_choice":"Elegance","damage_taken":0,"max_hp_gain":0,"max_hp_loss":0,"event_name":"Back to Basics","floor":21,"gold_loss":0},{"damage_healed":0,"gold_gain":0,"player_choice":"Copied","damage_taken":0,"max_hp_gain":0,"max_hp_loss":0,"event_name":"Duplicator","floor":28,"gold_loss":0,"cards_obtained":["Disarm"]},{"cards_removed":["Shockwave"],"damage_healed":0,"gold_gain":0,"player_choice":"Removed Skill","damage_taken":0,"max_hp_gain":0,"max_hp_loss":0,"event_name":"Falling","floor":37,"gold_loss":0},{"damage_healed":0,"gold_gain":0,"player_choice":"0 cards matched","damage_taken":0,"max_hp_gain":0,"max_hp_loss":0,"event_name":"Match and Keep!","floor":38,"gold_loss":0,"cards_obtained":[]},{"damage_healed":0,"gold_gain":0,"player_choice":"Memory 1","damage_taken":0,"max_hp_gain":0,"max_hp_loss":0,"event_name":"SensoryStone","floor":48,"gold_loss":0}],"is_beta":false,"boss_relics":[{"not_picked":["Runic Dome","Philosopher\u0027s Stone"],"picked":"Sozu"},{"not_picked":["Cursed Key","White Beast Statue"],"picked":"Mark of Pain"}],"items_purged_floors":[],"is_endless":false,"potions_floor_spawned":[1,6,10,14,22,24,27,30,33,35,44,46],"ascension_level":17}