{"gold_per_floor":[111,36,50,50,64,92,92,105,131,131,158,158,158,108,108,182,182,194,94,94,44,62,62,75,75,98,98,115,125,125,135,135,207,207,218,218,18,18,37,37,37,37,116,150,150,185,199,217,217,217,217,217,9,40,40],"floor_reached":55,"playtime":2740,"items_purged":["Strike_R","Strike_R","Strike_R"],"score":1152,"play_id":"7424a6b4-52c0-4372-a2b9-2f1cce085a9d","local_time":"20190419003439","is_ascension_mode":true,"campfire_choices":[{"data":"Shockwave","floor":7.0,"key":"SMITH"},{"floor":10.0,"key":"REST"},{"data":"Disarm","floor":13.0,"key":"SMITH"},{"data":"Inflame","floor":15.0,"key":"SMITH"},{"data":"Demon Form","floor":23.0,"key":"SMITH"},{"data":"True Grit","floor":25.0,"key":"SMITH"},{"floor":27.0,"key":"RECALL"},{"floor":30.0,"key":"REST"},{"floor":32.0,"key":"REST"},{"floor":40.0,"key":"REST"},{"data":"Whirlwind","floor":42.0,"key":"SMITH"},{"floor":45.0,"key":"REST"},{"floor":49.0,"key":"REST"},{"data":"Double Tap","floor":52,"key":"SMITH"}],"neow_cost":"PERCENT_DAMAGE","seed_source_timestamp":0,"circlet_count":0,"master_deck":["AscendersBane","Defend_R","Defend_R","Defend_R","Defend_R","Bash+1","Inflame+1","Twin Strike+1","Shockwave+1","Disarm+1","Heavy Blade","Demon Form+1","Shrug It Off","True Grit+1","Ghostly Armor","Impervious","Flame Barrier","Whirlwind+1","Flame Barrier+1","Double Tap+1","Disarm","Spot Weakness+1"],"special_seed":0,"relics":["Burning Blood","Gambling Chip","Pen Nib","Regal Pillow","Odd Mushroom","Philosopher\u0027s Stone","Red Skull","Velvet Choker","Strawberry","Bottled Flame","Chemical X","Whetstone"],"potions_floor_usage":[50,50],"damage_taken":[{"damage":6.0,"enemies":"Cultist","floor":1.0,"turns":4.0},{"damage":10.0,"enemies":"2 Louse","floor":3.0,"turns":4.0},{"damage":8.0,"enemies":"Small Slimes","floor":5.0,"turns":4.0},{"damage":20.0,"enemies":"Gremlin Nob","floor":6.0,"turns":4.0},{"damage":9.0,"enemies":"Blue Slaver","floor":8.0,"turns":4.0},{"damage":21.0,"enemies":"The Mushroom Lair","floor":11.0,"turns":4.0},{"damage":33.0,"enemies":"The Guardian","floor":16.0,"turns":8.0},{"damage":6.0,"enemies":"Chosen","floor":18.0,"turns":5.0},{"damage":15.0,"enemies":"2 Thieves","floor":22.0,"turns":3.0},{"damage":36.0,"enemies":"Sentry and Sphere","floor":24.0,"turns":5.0},{"damage":21.0,"enemies":"Snake Plant","floor":28.0,"turns":5.0},{"damage":13.0,"enemies":"Chosen and Byrds","floor":29.0,"turns":6.0},{"damage":8.0,"enemies":"Snecko","floor":31.0,"turns":5.0},{"damage":23.0,"enemies":"Collector","floor":33.0,"turns":7.0},{"damage":41.0,"enemies":"3 Shapes","floor":35.0,"turns":3.0},{"damage":32.0,"enemies":"3 Darklings","floor":39.0,"turns":5.0},{"damage":54.0,"enemies":"Giant Head","floor":44.0,"turns":9.0},{"damage":8.0,"enemies":"Nemesis","floor":46.0,"turns":11.0},{"damage":1.0,"enemies":"Writhing Mass","floor":47.0,"turns":6.0},{"damage":20.0,"enemies":"Spire Growth","floor":48.0,"turns":8.0},{"damage":70,"enemies":"Awakened One","floor":50,"turns":10},{"damage":57,"enemies":"Shield and Spear","floor":54,"turns":5},{"damage":49,"enemies":"The Heart","floor":55,"turns":3}],"seed_played":"-3671830698495262165","potions_obtained":[{"floor":6.0,"key":"Strength Potion"},{"floor":11.0,"key":"Explosive Potion"},{"floor":18.0,"key":"AttackPotion"},{"floor":33.0,"key":"Energy Potion"},{"floor":44.0,"key":"Weak Potion"},{"floor":47.0,"key":"Energy Potion"},{"floor":48.0,"key":"Poison Potion"}],"is_trial":false,"path_per_floor":["M","$","M","?","M","E","R","M","T","R","?","?","R","?","R","B",null,"M","$","?","?","M","R","M","R","T","R","M","M","R","M","R","B",null,"M","?","$","?","M","R","$","R","T","E","R","E","M","M","R","B",null,"R","$","E","B"],"character_chosen":"IRONCLAD","items_purchased":["Whirlwind","Chemical X"],"campfire_rested":6,"item_purchase_floors":[37,53],"current_hp_per_floor":[51,51,47,47,45,31,31,28,28,67,52,57,57,57,57,30,71,71,71,71,71,62,62,32,32,32,32,17,10,50,48,85,68,81,46,46,46,46,20,59,59,59,59,18,59,57,62,48,88,24,72,72,72,21,0],"gold":40,"neow_bonus":"ONE_RARE_RELIC","is_prod":false,"is_daily":false,"chose_seed":false,"campfire_upgraded":7,"win_rate":0,"timestamp":1555623279,"path_taken":["M","$","M","?","M","E","R","M","T","R","?","?","R","?","R","BOSS","M","$","?","?","M","R","M","R","T","R","M","M","R","?","R","BOSS","M","?","$","?","M","R","?","R","T","E","R","E","M","?","R","BOSS","R","$","E","BOSS"],"build_version":"2019-01-23","purchased_purges":3,"victory":false,"max_hp_per_floor":[80,80,80,80,80,80,80,80,80,80,80,85,85,85,85,85,85,85,85,85,85,85,85,85,85,85,85,85,85,85,85,85,85,85,85,85,85,81,81,81,81,81,81,88,88,88,88,88,88,88,88,88,88,88,88],"card_choices":[{"not_picked":["Clothesline","Anger"],"picked":"Inflame","floor":1.0},{"not_picked":["Searing Blow","Perfected Strike","Anger"],"picked":"SKIP","floor":3.0},{"not_picked":["Dark Embrace","Rupture"],"picked":"Twin Strike","floor":5.0},{"not_picked":["Thunderclap","Flex"],"picked":"Shockwave","floor":6.0},{"not_picked":["Pommel Strike","Seeing Red"],"picked":"Disarm","floor":8.0},{"not_picked":["Inflame","Blood for Blood"],"picked":"Heavy Blade","floor":11.0},{"not_picked":["Reaper","Juggernaut"],"picked":"Demon Form","floor":16.0},{"not_picked":["Wild Strike+1","Iron Wave","Combust"],"picked":"SKIP","floor":18.0},{"not_picked":["Headbutt","Hemokinesis","Second Wind+1"],"picked":"SKIP","floor":22.0},{"not_picked":["Perfected Strike+1","Flex"],"picked":"True Grit","floor":24.0},{"not_picked":["Twin Strike+1","Anger","Wild Strike"],"picked":"SKIP","floor":28.0},{"not_picked":["Twin Strike","Sword Boomerang","Metallicize"],"picked":"SKIP","floor":29.0},{"not_picked":["Juggernaut","Heavy Blade"],"picked":"Ghostly Armor","floor":31.0},{"not_picked":["Fiend Fire","Juggernaut"],"picked":"Impervious","floor":33.0},{"not_picked":["Reckless Charge","Metallicize"],"picked":"Flame Barrier","floor":35.0},{"not_picked":["Sword Boomerang","Heavy Blade+1","Blood for Blood"],"picked":"SKIP","floor":39.0},{"not_picked":["Ghostly Armor","Combust+1"],"picked":"Flame Barrier+1","floor":44.0},{"not_picked":["Iron Wave","Flex+1","Sentinel"],"picked":"SKIP","floor":46.0},{"not_picked":["Bloodletting","Clothesline"],"picked":"Double Tap","floor":47.0},{"not_picked":["Wild Strike+1","True Grit"],"picked":"Disarm","floor":48.0},{"not_picked":["Intimidate","Dropkick"],"picked":"Spot Weakness+1","floor":54}],"player_experience":299311,"relics_obtained":[{"floor":6.0,"key":"Pen Nib"},{"floor":9.0,"key":"Regal Pillow"},{"floor":11.0,"key":"Odd Mushroom"},{"floor":26.0,"key":"Red Skull"},{"floor":44.0,"key":"Strawberry"},{"floor":46.0,"key":"Bottled Flame"},{"floor":54,"key":"Whetstone"}],"event_choices":[{"damage_healed":0.0,"max_hp_gain":0.0,"max_hp_loss":0.0,"gold_gain":0.0,"event_name":"Liars Game","player_choice":"Ignored","floor":4.0,"gold_loss":0.0,"damage_taken":0.0},{"damage_healed":0.0,"max_hp_gain":0.0,"max_hp_loss":0.0,"gold_gain":0.0,"event_name":"Mushrooms","player_choice":"Fought Mushrooms","floor":11.0,"gold_loss":0.0,"damage_taken":0.0},{"damage_healed":0.0,"max_hp_gain":5.0,"max_hp_loss":0.0,"gold_gain":0.0,"event_name":"Big Fish","player_choice":"Donut","floor":12.0,"gold_loss":0.0,"damage_taken":0.0},{"cards_removed":["Strike_R"],"damage_healed":0.0,"max_hp_gain":0.0,"max_hp_loss":0.0,"gold_gain":0.0,"event_name":"The Cleric","player_choice":"Card Removal","floor":14.0,"gold_loss":50.0,"damage_taken":0.0},{"damage_healed":0.0,"max_hp_gain":0.0,"max_hp_loss":0.0,"gold_gain":0.0,"event_name":"The Library","player_choice":"Read","floor":20.0,"gold_loss":0.0,"damage_taken":0.0,"cards_obtained":["Shrug It Off"]},{"damage_healed":0.0,"max_hp_gain":0.0,"max_hp_loss":0.0,"gold_gain":0.0,"event_name":"The Joust","player_choice":"Bet on Owner","floor":21.0,"gold_loss":50.0,"damage_taken":0.0},{"cards_removed":["Strike_R"],"damage_healed":0.0,"max_hp_gain":0.0,"max_hp_loss":0.0,"gold_gain":0.0,"event_name":"Falling","player_choice":"Removed Attack","floor":36.0,"gold_loss":0.0,"damage_taken":0.0},{"damage_healed":0.0,"max_hp_gain":0.0,"max_hp_loss":4.0,"gold_gain":0.0,"event_name":"Winding Halls","player_choice":"Max HP","floor":38.0,"gold_loss":0.0,"damage_taken":0.0}],"is_beta":false,"boss_relics":[{"not_picked":["Eternal Feather","Lizard Tail"],"picked":"Philosopher\u0027s Stone"},{"not_picked":["Tiny House","Sozu"],"picked":"Velvet Choker"}],"items_purged_floors":[2,19,37],"is_endless":false,"potions_floor_spawned":[6,11,18,33,44,47,48],"killed_by":"The Heart","ascension_level":13}