{"gold_per_floor":[115,79,79,97,97,97,97,97,97,113,63,78,98,115,115,189,189,203,2,2,55,73,73,87,87,167,222,238,13,28,28,28,99,99,111,36,52,52,72,72,72,172,197,209,228,25,36,47,47,47],"floor_reached":51,"playtime":2656,"items_purged":["Strike_B","Defend_B"],"score":1141,"play_id":"fdf44177-e3bb-4afc-b9bd-db75a0eb5078","local_time":"20190504001132","is_ascension_mode":true,"campfire_choices":[{"data":"Dualcast","floor":6.0,"key":"SMITH"},{"data":"Loop","floor":8.0,"key":"SMITH"},{"floor":15.0,"key":"REST"},{"data":"Echo Form","floor":23.0,"key":"SMITH"},{"floor":32.0,"key":"REST"},{"data":"Defragment","floor":41,"key":"SMITH"},{"floor":49,"key":"REST"}],"neow_cost":"NONE","seed_source_timestamp":587805858842179,"circlet_count":0,"master_deck":["AscendersBane","Strike_B+1","Strike_B","Defend_B","Defend_B","Zap+1","Dualcast+1","Coolheaded","Loop+1","Defragment+1","Genetic Algorithm","Ball Lightning+1","Echo Form+1","Capacitor","Cold Snap","Seek","Chill","Defragment+1","Biased Cognition+1","Chill+1","Leap+1","Chill","Machine Learning+1","Force Field+1","Loop+1","Consume","Conserve Battery+1"],"special_seed":0,"relics":["Cracked Core","Question Card","Orrery","Lee\u0027s Waffle","Whetstone","Frozen Egg 2","Tiny Chest","Strawberry","Lizard Tail","Symbiotic Virus","Pocketwatch","Dream Catcher"],"potions_floor_usage":[50],"damage_taken":[{"damage":8.0,"enemies":"2 Louse","floor":1.0,"turns":4.0},{"damage":2.0,"enemies":"Jaw Worm","floor":4.0,"turns":3.0},{"damage":5.0,"enemies":"Small Slimes","floor":10.0,"turns":3.0},{"damage":0.0,"enemies":"Exordium Wildlife","floor":12.0,"turns":3.0},{"damage":34.0,"enemies":"Gremlin Gang","floor":13.0,"turns":4.0},{"damage":15.0,"enemies":"Exordium Thugs","floor":14.0,"turns":4.0},{"damage":0.0,"enemies":"The Guardian","floor":16.0,"turns":8.0},{"damage":12.0,"enemies":"Chosen","floor":18.0,"turns":4.0},{"damage":13.0,"enemies":"Shell Parasite","floor":22.0,"turns":6.0},{"damage":16.0,"enemies":"Snake Plant","floor":24.0,"turns":6.0},{"damage":23.0,"enemies":"Gremlin Leader","floor":27.0,"turns":9.0},{"damage":29.0,"enemies":"Snecko","floor":28.0,"turns":7.0},{"damage":4.0,"enemies":"Cultist and Chosen","floor":30.0,"turns":8.0},{"damage":17.0,"enemies":"Automaton","floor":33.0,"turns":10.0},{"damage":19.0,"enemies":"3 Shapes","floor":35.0,"turns":5.0},{"damage":20.0,"enemies":"Orb Walker","floor":37.0,"turns":4.0},{"damage":27,"enemies":"4 Shapes","floor":39,"turns":17},{"damage":23,"enemies":"Mind Bloom Boss Battle","floor":42,"turns":9},{"damage":0,"enemies":"Maw","floor":44,"turns":7},{"damage":28,"enemies":"Transient","floor":45,"turns":5},{"damage":20,"enemies":"Spire Growth","floor":47,"turns":6},{"damage":0,"enemies":"Sphere and 2 Shapes","floor":48,"turns":9},{"damage":57,"enemies":"Time Eater","floor":50,"turns":12}],"seed_played":"8832608621467552477","potions_obtained":[{"floor":10.0,"key":"SteroidPotion"},{"floor":14.0,"key":"PowerPotion"},{"floor":16.0,"key":"PowerPotion"},{"floor":18.0,"key":"Weak Potion"},{"floor":27.0,"key":"Poison Potion"},{"floor":30.0,"key":"SkillPotion"},{"floor":37.0,"key":"Swift Potion"},{"floor":44,"key":"SteroidPotion"},{"floor":45,"key":"PowerPotion"}],"is_trial":false,"path_per_floor":["M","$","?","M","?","R","$","R","T","M","?","M","M","M","R","B",null,"M","$","?","T","M","R","M","$","T","E","M","$","M","$","R","B",null,"M","$","M","T","M","?","R","?","T","M","M","$","M","M","R","B",null],"character_chosen":"DEFECT","items_purchased":["Loop","Lee\u0027s Waffle","Defragment+1","Strawberry","Loop+1","Consume"],"campfire_rested":3,"item_purchase_floors":[2,19,29,29,46,46],"current_hp_per_floor":[60,60,60,58,63,63,63,63,63,58,58,58,24,9,33,33,68,56,87,87,87,74,74,58,58,58,35,6,13,9,9,37,20,76,57,57,37,37,10,82,82,59,59,59,31,31,11,11,35,20],"gold":47,"neow_bonus":"UPGRADE_CARD","is_prod":false,"is_daily":false,"chose_seed":false,"campfire_upgraded":4,"win_rate":0,"timestamp":1556899892,"path_taken":["M","$","?","M","?","R","?","R","T","M","?","M","?","?","R","BOSS","M","$","?","?","M","R","M","$","T","E","M","$","?","?","R","BOSS","M","$","M","?","M","?","R","?","T","M","M","?","M","M","R","BOSS"],"build_version":"2019-01-23","purchased_purges":2,"victory":true,"max_hp_per_floor":[75,75,75,75,80,80,80,80,80,80,80,80,80,80,80,80,80,80,87,87,87,87,87,87,87,87,87,87,94,94,94,94,94,94,94,94,94,94,94,82,82,82,82,82,82,82,82,82,82,82],"card_choices":[{"not_picked":["Streamline","Blizzard"],"picked":"Coolheaded","floor":1.0},{"not_picked":["Stack","Turbo","Tempest"],"picked":"SKIP","floor":4.0},{"not_picked":["Hologram","Aggregate","Reprogram"],"picked":"Defragment","floor":10.0},{"not_picked":["Redo","Compile Driver","Hologram"],"picked":"Genetic Algorithm","floor":12.0},{"not_picked":["Amplify","Heatsinks","Turbo"],"picked":"Ball Lightning","floor":13.0},{"not_picked":["Auto Shields","Hologram","Gash","Skim"],"picked":"SKIP","floor":14.0},{"not_picked":["Fission","Buffer","Machine Learning"],"picked":"Echo Form","floor":16.0},{"not_picked":["Sunder","Melter","Cold Snap"],"picked":"Capacitor","floor":17.0},{"not_picked":["Amplify","Leap","Turbo"],"picked":"Cold Snap","floor":18.0},{"not_picked":["Leap","Stack","Sweeping Beam","Doom and Gloom"],"picked":"SKIP","floor":22.0},{"not_picked":["Redo","Cold Snap","Doom and Gloom","Tempest"],"picked":"SKIP","floor":24.0},{"not_picked":["Conserve Battery","Beam Cell","Reprogram"],"picked":"Seek","floor":27.0},{"not_picked":["Darkness+1","Rebound","Stack"],"picked":"Chill","floor":28.0},{"not_picked":["Conserve Battery","Barrage","Hologram","Stack"],"picked":"SKIP","floor":30.0},{"not_picked":["Machine Learning+1","Rainbow","Hyperbeam"],"picked":"Biased Cognition+1","floor":33.0},{"not_picked":["Rip and Tear","Streamline","Aggregate+1","Stack"],"picked":"SKIP","floor":35.0},{"not_picked":["Melter","Gash+1","Go for the Eyes"],"picked":"Chill+1","floor":37.0},{"not_picked":["Sunder","Compile Driver+1","Steam"],"picked":"Leap+1","floor":39},{"not_picked":["Aggregate+1","Turbo","Beam Cell"],"picked":"Chill","floor":42},{"not_picked":["Streamline","Darkness","Sweeping Beam"],"picked":"Machine Learning+1","floor":44},{"not_picked":["Streamline","Cold Snap","Sweeping Beam"],"picked":"Force Field+1","floor":45},{"not_picked":["Turbo","Barrage+1","Sweeping Beam","Hologram"],"picked":"SKIP","floor":47},{"not_picked":["Reinforced Body","Sweeping Beam","Thunder Strike","Barrage+1"],"picked":"SKIP","floor":48},{"not_picked":["Cold Snap","Coolheaded","Fusion"],"picked":"Conserve Battery+1","floor":49}],"player_experience":473159,"relics_obtained":[{"floor":9.0,"key":"Question Card"},{"floor":21.0,"key":"Whetstone"},{"floor":26.0,"key":"Frozen Egg 2"},{"floor":27.0,"key":"Tiny Chest"},{"floor":38.0,"key":"Symbiotic Virus"},{"floor":42,"key":"Pocketwatch"},{"floor":43,"key":"Dream Catcher"}],"event_choices":[{"cards_removed":["Strike_B"],"damage_healed":0.0,"max_hp_gain":0.0,"max_hp_loss":0.0,"gold_gain":0.0,"event_name":"Living Wall","player_choice":"Forget","floor":3.0,"gold_loss":0.0,"damage_taken":0.0},{"damage_healed":0.0,"max_hp_gain":5.0,"max_hp_loss":0.0,"gold_gain":0.0,"event_name":"Big Fish","player_choice":"Donut","floor":5.0,"gold_loss":0.0,"damage_taken":0.0},{"cards_removed":["Defend_B"],"damage_healed":0.0,"max_hp_gain":0.0,"max_hp_loss":0.0,"gold_gain":0.0,"event_name":"The Cleric","player_choice":"Card Removal","floor":11.0,"gold_loss":50.0,"damage_taken":0.0},{"damage_healed":82,"gold_gain":0,"player_choice":"Heal","damage_taken":0,"max_hp_gain":0,"max_hp_loss":12,"event_name":"The Moai Head","floor":40,"gold_loss":0},{"damage_healed":0,"gold_gain":0,"player_choice":"Fight","damage_taken":0,"max_hp_gain":0,"max_hp_loss":0,"event_name":"MindBloom","floor":42,"gold_loss":0}],"is_beta":false,"boss_relics":[{"not_picked":["Astrolabe","Runic Dome"],"picked":"Orrery"},{"not_picked":["Snecko Eye","Eternal Feather"],"picked":"Lizard Tail"}],"items_purged_floors":[36,46],"is_endless":false,"potions_floor_spawned":[10,14,16,18,27,30,37,44,45,47],"ascension_level":13}