{"gold_per_floor":[110,33,44,44,55,86,86,119,119,119,129,129,30,62,62,164,164,174,174,24,24,24,24,52,62,62,62,62,92,108,128,128,225,225,238,238,251,265,315,315,295,295,295,315,315,315,329,0,0,0],"floor_reached":50,"playtime":3543,"items_purged":["Strike_R","Injury"],"score":777,"play_id":"65cc9063-2f71-4a85-adf9-97ebc77091e0","local_time":"20190415231959","is_ascension_mode":true,"campfire_choices":[{"floor":10,"key":"REST"},{"data":"Barricade","floor":12,"key":"SMITH"},{"data":"Impervious","floor":15,"key":"SMITH"},{"floor":23,"key":"RECALL"},{"floor":27,"key":"REST"},{"floor":32,"key":"REST"},{"data":"Shockwave","floor":40,"key":"SMITH"},{"data":"Inflame","floor":42,"key":"SMITH"},{"data":"Uppercut","floor":46,"key":"SMITH"},{"data":"Rampage","floor":49,"key":"SMITH"}],"neow_cost":"NONE","seed_source_timestamp":307333481005000,"circlet_count":0,"master_deck":["AscendersBane","Strike_R","Strike_R","Strike_R","Defend_R","Defend_R","Defend_R+1","Defend_R","Bash+1","Clothesline","Rampage+1","Cleave","Impervious+1","Barricade+1","Inflame+1","Uppercut+1","Shrug It Off","Fiend Fire","Shockwave+1","Impervious+1","Reaper","Warcry+1"],"relics":["Burning Blood","Blue Candle","StoneCalendar","Bird Faced Urn","Gremlin Horn","Snecko Eye","Vajra","Ancient Tea Set","Bottled Lightning","Tiny Chest","Cursed Key","WingedGreaves","Happy Flower"],"potions_floor_usage":[6,8,18,30,33,35,37,44,50,50],"damage_taken":[{"damage":6,"enemies":"Jaw Worm","floor":1,"turns":4},{"damage":9,"enemies":"2 Louse","floor":3,"turns":3},{"damage":1,"enemies":"Cultist","floor":5,"turns":3},{"damage":40,"enemies":"Lagavulin","floor":6,"turns":8},{"damage":24,"enemies":"Gremlin Nob","floor":8,"turns":4},{"damage":1,"enemies":"3 Louse","floor":11,"turns":4},{"damage":0,"enemies":"Lagavulin","floor":14,"turns":7},{"damage":17,"enemies":"Slime Boss","floor":16,"turns":7},{"damage":14,"enemies":"2 Thieves","floor":18,"turns":5},{"damage":59,"enemies":"Slavers","floor":24,"turns":7},{"damage":0,"enemies":"Spheric Guardian","floor":25,"turns":5},{"damage":26,"enemies":"Centurion and Healer","floor":30,"turns":5},{"damage":10,"enemies":"3 Cultists","floor":31,"turns":6},{"damage":21,"enemies":"Collector","floor":33,"turns":9},{"damage":0,"enemies":"3 Shapes","floor":35,"turns":3},{"damage":34,"enemies":"3 Darklings","floor":37,"turns":7},{"damage":0,"enemies":"Writhing Mass","floor":38,"turns":6},{"damage":47,"enemies":"2 Orb Walkers","floor":39,"turns":7},{"damage":1,"enemies":"Jaw Worm Horde","floor":44,"turns":4},{"damage":1,"enemies":"Maw","floor":47,"turns":7},{"damage":95,"enemies":"Time Eater","floor":50,"turns":12}],"seed_played":"3239412008019587704","potions_obtained":[{"floor":5,"key":"SkillPotion"},{"floor":6,"key":"AttackPotion"},{"floor":16,"key":"GamblersBrew"},{"floor":25,"key":"Fire Potion"},{"floor":30,"key":"EssenceOfSteel"},{"floor":33,"key":"Dexterity Potion"},{"floor":35,"key":"Explosive Potion"},{"floor":39,"key":"Weak Potion"},{"floor":41,"key":"SneckoOil"},{"floor":47,"key":"EssenceOfSteel"}],"is_trial":false,"path_per_floor":["M","$","M","?","M","E","?","E","T","R","M","R","$","E","R","B",null,"M","?","$","?","$","R","E","M","T","R","?","?","M","M","R","B",null,"M","?","M","M","?","R","?","R","T","M","?","R","M","$","R","B"],"character_chosen":"IRONCLAD","items_purchased":["Rampage","Shrug It Off","Vajra","Happy Flower","GamblersBrew"],"campfire_rested":3,"item_purchase_floors":[2,13,20,48,48],"current_hp_per_floor":[72,72,69,74,79,45,28,10,10,35,42,42,42,52,52,45,75,69,69,69,69,69,69,20,30,30,55,55,55,39,39,64,53,77,85,81,65,81,61,61,61,61,61,80,80,80,81,81,81,0],"gold":0,"neow_bonus":"UPGRADE_CARD","is_prod":false,"is_daily":false,"chose_seed":false,"campfire_upgraded":6,"win_rate":0,"timestamp":1555359599,"path_taken":["M","$","M","?","M","E","?","E","T","R","M","R","$","E","R","BOSS","M","?","$","?","$","R","E","?","T","R","?","?","?","?","R","BOSS","M","?","M","M","?","R","?","R","T","?","?","R","M","$","R","BOSS"],"build_version":"2019-01-23","purchased_purges":2,"victory":false,"max_hp_per_floor":[80,80,80,85,85,85,85,85,85,85,85,85,85,85,85,85,85,85,85,85,85,85,85,85,85,85,85,85,85,85,85,85,85,85,85,81,81,81,81,81,81,81,81,81,81,81,81,81,81,81],"card_choices":[{"not_picked":["Thunderclap","Fire Breathing"],"picked":"Clothesline","floor":1},{"not_picked":["Anger","Wild Strike"],"picked":"Cleave","floor":3},{"not_picked":["Heavy Blade","Twin Strike"],"picked":"Impervious","floor":5},{"not_picked":["Flex","Feed"],"picked":"Barricade","floor":6},{"not_picked":["Brutality","Battle Trance"],"picked":"Inflame","floor":8},{"not_picked":["Armaments","Rupture"],"picked":"Uppercut","floor":11},{"not_picked":["Twin Strike","Fire Breathing","Wild Strike"],"picked":"SKIP","floor":14},{"not_picked":["Immolate","Offering"],"picked":"Fiend Fire","floor":16},{"not_picked":["Inflame","Reckless Charge+1","Evolve"],"picked":"SKIP","floor":18},{"not_picked":["Warcry","Headbutt","Iron Wave"],"picked":"SKIP","floor":24},{"not_picked":["Anger","Body Slam","Reckless Charge+1"],"picked":"SKIP","floor":25},{"not_picked":["Searing Blow","Heavy Blade","Hemokinesis"],"picked":"SKIP","floor":30},{"not_picked":["Heavy Blade","Metallicize+1","Sword Boomerang"],"picked":"SKIP","floor":31},{"not_picked":["Brutality","Fiend Fire"],"picked":"Reaper","floor":33},{"not_picked":["Evolve+1","Perfected Strike+1","Dual Wield+1"],"picked":"SKIP","floor":35},{"not_picked":["Sword Boomerang","Blood for Blood+1","Clothesline+1"],"picked":"SKIP","floor":37},{"not_picked":["True Grit+1","Wild Strike+1"],"picked":"Warcry+1","floor":38},{"not_picked":["Spot Weakness","Sword Boomerang","Wild Strike+1"],"picked":"SKIP","floor":44},{"not_picked":["Flex","Combust+1","Shockwave"],"picked":"SKIP","floor":47}],"player_experience":266813,"relics_obtained":[{"floor":6,"key":"Blue Candle"},{"floor":8,"key":"StoneCalendar"},{"floor":9,"key":"Bird Faced Urn"},{"floor":14,"key":"Gremlin Horn"},{"floor":24,"key":"Ancient Tea Set"},{"floor":26,"key":"Bottled Lightning"},{"floor":29,"key":"Tiny Chest"},{"floor":39,"key":"WingedGreaves"}],"event_choices":[{"damage_healed":0,"gold_gain":0,"player_choice":"Donut","damage_taken":0,"max_hp_gain":5,"max_hp_loss":0,"event_name":"Big Fish","floor":4,"gold_loss":0},{"damage_healed":0,"gold_gain":0,"player_choice":"Entered Light","damage_taken":17,"max_hp_gain":0,"max_hp_loss":0,"event_name":"Shining Light","floor":7,"gold_loss":0,"cards_upgraded":["Strike_R","Defend_R"]},{"damage_healed":0,"gold_gain":0,"player_choice":"Read","damage_taken":0,"max_hp_gain":0,"max_hp_loss":0,"event_name":"The Library","floor":19,"gold_loss":0,"cards_obtained":["Shockwave"]},{"damage_healed":0,"gold_gain":0,"player_choice":"Copied","damage_taken":0,"max_hp_gain":0,"max_hp_loss":0,"event_name":"Duplicator","floor":21,"gold_loss":0,"cards_obtained":["Impervious"]},{"damage_healed":0,"gold_gain":0,"player_choice":"Ignored","damage_taken":0,"max_hp_gain":0,"max_hp_loss":0,"event_name":"Ghosts","floor":28,"gold_loss":0},{"damage_healed":0,"gold_gain":0,"player_choice":"Relic","damage_taken":0,"max_hp_gain":0,"max_hp_loss":0,"event_name":"Wheel of Change","floor":29,"gold_loss":0},{"damage_healed":0,"gold_gain":0,"player_choice":"Max HP","damage_taken":0,"max_hp_gain":0,"max_hp_loss":4,"event_name":"Winding Halls","floor":36,"gold_loss":0},{"damage_healed":0,"gold_gain":0,"player_choice":"Fight","damage_taken":0,"max_hp_gain":0,"max_hp_loss":0,"event_name":"Mysterious Sphere","floor":39,"gold_loss":0},{"damage_healed":0,"gold_gain":0,"player_choice":"Bought 1 Potion","damage_taken":0,"max_hp_gain":0,"max_hp_loss":0,"event_name":"The Woman in Blue","floor":41,"gold_loss":0},{"cards_removed":["Strike_R"],"damage_healed":0,"gold_gain":0,"player_choice":"Removed Attack","damage_taken":0,"max_hp_gain":0,"max_hp_loss":0,"event_name":"Falling","floor":45,"gold_loss":0}],"is_beta":false,"boss_relics":[{"not_picked":["Ectoplasm","White Beast Statue"],"picked":"Snecko Eye"},{"not_picked":["Sozu","Coffee Dripper"],"picked":"Cursed Key"}],"items_purged_floors":[13,48],"is_endless":false,"potions_floor_spawned":[5,6,16,25,30,33,35,39,47],"killed_by":"Time Eater","ascension_level":11}