{"gold_per_floor":[118,128,148,158,172,172,200,45,70,90,90,117,4,4,4,4],"floor_reached":16,"playtime":1162,"items_purged":["Strike_B"],"score":137,"play_id":"5e679cdd-c2d2-456d-84b1-9f56182d355d","local_time":"20190323200302","is_ascension_mode":false,"campfire_choices":[{"data":"Turbo","floor":6,"key":"SMITH"},{"data":"Loop","floor":11,"key":"SMITH"},{"data":"Gash","floor":15,"key":"SMITH"}],"neow_cost":"NONE","seed_source_timestamp":732351376428900,"circlet_count":0,"master_deck":["Strike_B","Strike_B","Strike_B","Defend_B","Defend_B","Defend_B","Defend_B","Zap","Dualcast","Turbo+1","Self Repair","Loop+1","Steam","Gash+1","Leap","BootSequence"],"relics":["Cracked Core","Mango","Centennial Puzzle","Juzu Bracelet","Bag of Marbles"],"potions_floor_usage":[5,7,12,16],"damage_taken":[{"damage":5,"enemies":"2 Louse","floor":1,"turns":3},{"damage":1,"enemies":"Cultist","floor":2,"turns":3},{"damage":9,"enemies":"Jaw Worm","floor":3,"turns":4},{"damage":16,"enemies":"Large Slime","floor":4,"turns":6},{"damage":19,"enemies":"Blue Slaver","floor":5,"turns":3},{"damage":22,"enemies":"Lagavulin","floor":7,"turns":8},{"damage":19,"enemies":"3 Louse","floor":10,"turns":3},{"damage":14,"enemies":"Gremlin Nob","floor":12,"turns":4},{"damage":37,"enemies":"Slime Boss","floor":16,"turns":6}],"seed_played":"9189250743323912272","potions_obtained":[{"floor":2,"key":"AttackPotion"},{"floor":5,"key":"Block Potion"},{"floor":10,"key":"SpeedPotion"},{"floor":12,"key":"Dexterity Potion"}],"is_trial":false,"path_per_floor":["M","M","M","M","M","R","E","$","T","M","R","E","$","?","R","B"],"character_chosen":"DEFECT","items_purchased":["Centennial Puzzle","BootSequence"],"campfire_rested":0,"item_purchase_floors":[8,13],"current_hp_per_floor":[77,76,74,65,53,53,52,52,52,40,40,33,33,33,33,0],"gold":4,"neow_bonus":"TEN_PERCENT_HP_BONUS","is_prod":false,"is_daily":false,"chose_seed":false,"campfire_upgraded":3,"win_rate":0.0,"timestamp":1553364182,"path_taken":["M","M","M","M","M","R","E","$","T","M","R","E","$","?","R","BOSS"],"build_version":"2019-01-23","purchased_purges":1,"victory":false,"max_hp_per_floor":[82,82,82,82,82,82,96,96,96,96,96,96,96,96,96,96],"card_choices":[{"not_picked":["Compile Driver","Streamline"],"picked":"Turbo","floor":1},{"not_picked":["Sweeping Beam","Streamline"],"picked":"Self Repair","floor":2},{"not_picked":["Steam Power","Sweeping Beam"],"picked":"Loop","floor":3},{"not_picked":["Self Repair","Leap","Rip and Tear"],"picked":"SKIP","floor":4},{"not_picked":["Go for the Eyes","Reboot"],"picked":"Steam","floor":5},{"not_picked":["Chaos","Ball Lightning"],"picked":"Gash","floor":7},{"not_picked":["Fusion","Compile Driver","Rebound"],"picked":"SKIP","floor":10},{"not_picked":["Hello World","Skim"],"picked":"Leap","floor":12}],"player_experience":74176,"relics_obtained":[{"floor":7,"key":"Mango"},{"floor":9,"key":"Juzu Bracelet"},{"floor":12,"key":"Bag of Marbles"}],"event_choices":[{"damage_healed":0,"gold_gain":0,"player_choice":"Ignored","damage_taken":0,"max_hp_gain":0,"max_hp_loss":0,"event_name":"NoteForYourself","floor":14,"gold_loss":0}],"is_beta":false,"boss_relics":[],"items_purged_floors":[13],"is_endless":false,"potions_floor_spawned":[2,5,10,12],"killed_by":"Slime Boss","ascension_level":0}