{"gold_per_floor":[110,127,146,227,227,227,241,241,292,292,321,347,376,386,386,463,463,477,477,47,63,80,80,80,80,80,80,80,80,97,111,111,189,189,208,208,118,38,38,38,69,85,85,0,30,30,44,70,70,70],"floor_reached":50,"playtime":3429,"items_purged":["Doubt"],"score":1147,"play_id":"3bef3319-d901-4736-8909-3afd5dd7cb22","local_time":"20190401123806","is_ascension_mode":true,"campfire_choices":[{"data":"Bash","floor":6.0,"key":"SMITH"},{"data":"True Grit","floor":8.0,"key":"SMITH"},{"data":"Anger","floor":10.0,"key":"SMITH"},{"data":"Twin Strike","floor":15.0,"key":"SMITH"},{"data":"1","floor":24.0,"key":"LIFT"},{"data":"2","floor":27.0,"key":"LIFT"},{"data":"3","floor":29.0,"key":"LIFT"},{"data":"Apotheosis","floor":32.0,"key":"SMITH"},{"floor":40,"key":"RECALL"},{"floor":49,"key":"REST"}],"neow_cost":"NONE","seed_source_timestamp":0,"circlet_count":0,"master_deck":["AscendersBane","Defend_R","Defend_R","Defend_R","Bash+1","Twin Strike+1","Headbutt","Anger+1","True Grit+1","Feed","Immolate","Feel No Pain+1","Offering","Warcry","Apotheosis+1","Shrug It Off","Bite","Bite","Bite","Bite","Bite","Limit Break","Heavy Blade+1","Second Wind","Feel No Pain+1","Feel No Pain+1","Dark Shackles","Corruption+1","Shrug It Off","Disarm"],"special_seed":0,"relics":["Burning Blood","Happy Flower","Frozen Egg 2","Lantern","Centennial Puzzle","Omamori","Calipers","Calling Bell","Red Skull","The Courier","Girya","PreservedInsect","Bag of Marbles","Mark of Pain","Self Forming Clay","Red Mask","Strawberry","Shuriken"],"potions_floor_usage":[41,41,45,48,50],"damage_taken":[{"damage":6.0,"enemies":"Cultist","floor":1.0,"turns":3.0},{"damage":10.0,"enemies":"Small Slimes","floor":2.0,"turns":4.0},{"damage":9.0,"enemies":"Jaw Worm","floor":3.0,"turns":3.0},{"damage":6.0,"enemies":"Blue Slaver","floor":7.0,"turns":3.0},{"damage":8.0,"enemies":"Gremlin Nob","floor":11.0,"turns":3.0},{"damage":26.0,"enemies":"3 Sentries","floor":13.0,"turns":10.0},{"damage":1.0,"enemies":"Looter","floor":14.0,"turns":2.0},{"damage":33.0,"enemies":"Hexaghost","floor":16.0,"turns":9.0},{"damage":23.0,"enemies":"2 Thieves","floor":18.0,"turns":3.0},{"damage":18.0,"enemies":"Spheric Guardian","floor":21.0,"turns":6.0},{"damage":10.0,"enemies":"Centurion and Healer","floor":22.0,"turns":5.0},{"damage":16.0,"enemies":"3 Cultists","floor":30.0,"turns":4.0},{"damage":11.0,"enemies":"Cultist and Chosen","floor":31.0,"turns":4.0},{"damage":33.0,"enemies":"Collector","floor":33.0,"turns":7.0},{"damage":7.0,"enemies":"3 Darklings","floor":35.0,"turns":2.0},{"damage":72,"enemies":"Reptomancer","floor":41,"turns":7},{"damage":6,"enemies":"3 Shapes","floor":42,"turns":5},{"damage":19,"enemies":"Giant Head","floor":45,"turns":6},{"damage":52,"enemies":"Transient","floor":47,"turns":6},{"damage":32,"enemies":"Nemesis","floor":48,"turns":7},{"damage":70,"enemies":"Time Eater","floor":50,"turns":13}],"seed_played":"8059446219592616377","potions_obtained":[{"floor":3.0,"key":"Fruit Juice"},{"floor":7.0,"key":"Explosive Potion"},{"floor":13.0,"key":"BloodPotion"},{"floor":18.0,"key":"SkillPotion"},{"floor":31.0,"key":"BloodPotion"},{"floor":33.0,"key":"AttackPotion"},{"floor":41,"key":"SteroidPotion"},{"floor":47,"key":"Swift Potion"},{"floor":48,"key":"SpeedPotion"}],"is_trial":false,"path_per_floor":["M","M","M","T","?","R","M","R","T","R","E","T","E","M","R","B",null,"M","?","$","M","M","?","R","?","T","R","?","R","M","M","R","B",null,"M","?","$","$","?","R","E","M","T","?","E","$","M","E","R","B"],"character_chosen":"IRONCLAD","items_purchased":["PreservedInsect","Apotheosis","Regen Potion","Feel No Pain+1","Feel No Pain+1","Dark Shackles"],"campfire_rested":1,"item_purchase_floors":[20,20,20,37,37,38],"current_hp_per_floor":[68,64,61,61,54,54,54,54,54,54,52,52,35,50,50,23,67,53,29,34,41,40,40,40,40,40,40,40,40,47,55,55,46,69,74,74,74,74,74,74,33,48,48,48,59,59,28,18,42,0],"gold":70,"neow_bonus":"RANDOM_COMMON_RELIC","is_prod":false,"is_daily":false,"chose_seed":false,"campfire_upgraded":5,"win_rate":0,"timestamp":1554118686,"path_taken":["M","M","M","?","?","R","M","R","T","R","E","?","E","M","R","BOSS","M","?","$","M","M","?","R","?","T","R","?","R","M","M","R","BOSS","M","?","?","$","?","R","E","M","T","?","E","?","M","E","R","BOSS"],"build_version":"2019-01-23","purchased_purges":1,"victory":false,"max_hp_per_floor":[75,75,75,75,75,75,75,75,75,75,75,75,78,81,81,81,81,84,89,94,98,101,70,70,70,70,70,70,70,73,76,76,76,76,76,76,76,76,76,76,76,76,76,76,83,83,83,83,83,83],"card_choices":[{"not_picked":["True Grit","Corruption"],"picked":"Twin Strike","floor":1.0},{"not_picked":["Thunderclap","Second Wind"],"picked":"Headbutt","floor":2.0},{"not_picked":["Pommel Strike","Perfected Strike"],"picked":"Anger","floor":3.0},{"not_picked":["Ghostly Armor","Armaments"],"picked":"True Grit","floor":7.0},{"not_picked":["Pommel Strike","Twin Strike"],"picked":"Feed","floor":11.0},{"not_picked":["Dropkick","Pommel Strike"],"picked":"Immolate","floor":13.0},{"not_picked":["Wild Strike","Fire Breathing+1"],"picked":"Feel No Pain+1","floor":14.0},{"not_picked":["Impervious","Bludgeon"],"picked":"Offering","floor":16.0},{"not_picked":["Flex","Rage"],"picked":"Warcry","floor":18.0},{"not_picked":["Perfected Strike","Metallicize+1"],"picked":"Shrug It Off","floor":21.0},{"not_picked":["Rage","Warcry","Perfected Strike"],"picked":"SKIP","floor":22.0},{"not_picked":["Clothesline","Armaments","Wild Strike"],"picked":"SKIP","floor":30.0},{"not_picked":["Pommel Strike","Dropkick+1","Bloodletting"],"picked":"SKIP","floor":31.0},{"not_picked":["Barricade+1","Demon Form+1"],"picked":"Limit Break","floor":33.0},{"not_picked":["Clash","Clothesline"],"picked":"Heavy Blade+1","floor":35.0},{"not_picked":["Armaments","Cleave+1","Clash"],"picked":"SKIP","floor":41},{"not_picked":["Sword Boomerang","Shrug It Off"],"picked":"Corruption+1","floor":42},{"not_picked":["Headbutt","Clothesline"],"picked":"Shrug It Off","floor":45},{"not_picked":["Clash","Rampage"],"picked":"Disarm","floor":47},{"not_picked":["Power Through","Bloodletting","Cleave"],"picked":"SKIP","floor":48}],"player_experience":2437527,"relics_obtained":[{"floor":4.0,"key":"Frozen Egg 2"},{"floor":9.0,"key":"Lantern"},{"floor":11.0,"key":"Centennial Puzzle"},{"floor":12.0,"key":"Omamori"},{"floor":13.0,"key":"Calipers"},{"floor":17.0,"key":"Red Skull"},{"floor":17.0,"key":"The Courier"},{"floor":17.0,"key":"Girya"},{"floor":26.0,"key":"Bag of Marbles"},{"floor":41,"key":"Self Forming Clay"},{"floor":45,"key":"Strawberry"},{"floor":48,"key":"Shuriken"}],"event_choices":[{"cards_removed":["Strike_R"],"damage_healed":0.0,"max_hp_gain":0.0,"max_hp_loss":0.0,"gold_gain":0.0,"event_name":"Golden Wing","player_choice":"Card Removal","floor":5.0,"gold_loss":0.0,"damage_taken":7.0},{"damage_healed":0.0,"max_hp_gain":5.0,"max_hp_loss":0.0,"gold_gain":0.0,"event_name":"Forgotten Altar","player_choice":"Shed Blood","floor":19.0,"gold_loss":0.0,"damage_taken":29.0},{"damage_healed":0.0,"max_hp_gain":0.0,"max_hp_loss":31.0,"gold_gain":0.0,"event_name":"Vampires","player_choice":"Became a vampire","floor":23.0,"gold_loss":0.0,"damage_taken":0.0,"cards_obtained":["Bite","Bite","Bite","Bite","Bite"]},{"damage_healed":0.0,"max_hp_gain":0.0,"max_hp_loss":0.0,"gold_gain":0.0,"event_name":"The Mausoleum","player_choice":"Ignored","floor":25.0,"gold_loss":0.0,"damage_taken":0.0},{"damage_healed":0.0,"max_hp_gain":0.0,"max_hp_loss":0.0,"gold_gain":0.0,"event_name":"Ghosts","player_choice":"Ignored","floor":28.0,"gold_loss":0.0,"damage_taken":0.0},{"damage_healed":0,"gold_gain":0,"cards_transformed":["Defend_R"],"player_choice":"Transformed","damage_taken":0,"max_hp_gain":0,"max_hp_loss":0,"event_name":"Transmorgrifier","floor":36,"gold_loss":0,"cards_obtained":["Second Wind"]},{"damage_healed":0,"gold_gain":0,"player_choice":"Ignored","damage_taken":0,"max_hp_gain":0,"max_hp_loss":0,"event_name":"Mysterious Sphere","floor":39,"gold_loss":0},{"damage_healed":0,"gold_gain":0,"player_choice":"Paid","damage_taken":0,"relics_obtained":["Red Mask"],"max_hp_gain":0,"max_hp_loss":0,"event_name":"Tomb of Lord Red Mask","floor":44,"gold_loss":85}],"is_beta":false,"boss_relics":[{"not_picked":["Astrolabe","Tiny House"],"picked":"Calling Bell"},{"not_picked":["Runic Dome","Empty Cage"],"picked":"Mark of Pain"}],"items_purged_floors":[20],"is_endless":false,"potions_floor_spawned":[3,7,13,18,31,33,41,47,48],"killed_by":"Time Eater","ascension_level":20}