{"gold_per_floor":[115,115,132,282,299,299,332,344,344,374,394,424,473,487,487,561,561,573,221,234,245,66,66,77,77,159,174,174,184,184,216,216,216],"floor_reached":33,"playtime":1383,"items_purged":["Doubt","Strike_R"],"score":506,"play_id":"c4726bcc-f29b-4b7b-bb47-d32e1936e3a8","local_time":"20181012113342","is_ascension_mode":true,"campfire_choices":[{"data":"Armaments","floor":6.0,"key":"SMITH"},{"floor":15.0,"key":"REST"},{"floor":23.0,"key":"REST"},{"floor":25.0,"key":"REST"},{"floor":30,"key":"REST"},{"floor":32,"key":"REST"}],"neow_cost":"NONE","seed_source_timestamp":10188443009819,"circlet_count":0,"master_deck":["Strike_R","Strike_R","Strike_R","Strike_R","Defend_R","Defend_R","Defend_R","Defend_R","Bash","AscendersBane","Hemokinesis+1","Armaments+1","Inflame","Rupture","Anger","Shrug It Off","Offering","Cleave","Metallicize+1","Clothesline+1","Pummel","Ghostly Armor","Shrug It Off","Pummel"],"special_seed":0,"relics":["Burning Blood","Dream Catcher","Frozen Egg 2","Unceasing Top","Red Skull","Boot","Fusion Hammer","Sling","Shuriken","MutagenicStrength","Lantern"],"potions_floor_usage":[33],"damage_taken":[{"damage":3.0,"enemies":"Small Slimes","floor":1.0,"turns":2.0},{"damage":0.0,"enemies":"2 Louse","floor":3.0,"turns":2.0},{"damage":8.0,"enemies":"Jaw Worm","floor":5.0,"turns":4.0},{"damage":16.0,"enemies":"3 Sentries","floor":7.0,"turns":10.0},{"damage":2.0,"enemies":"Large Slime","floor":8.0,"turns":5.0},{"damage":25.0,"enemies":"Gremlin Nob","floor":10.0,"turns":4.0},{"damage":16.0,"enemies":"3 Louse","floor":11.0,"turns":4.0},{"damage":24.0,"enemies":"3 Sentries","floor":12.0,"turns":8.0},{"damage":11.0,"enemies":"Looter","floor":14.0,"turns":3.0},{"damage":27.0,"enemies":"The Guardian","floor":16.0,"turns":10.0},{"damage":15.0,"enemies":"Chosen","floor":18.0,"turns":4.0},{"damage":14.0,"enemies":"3 Byrds","floor":20.0,"turns":5.0},{"damage":20.0,"enemies":"Centurion and Healer","floor":21.0,"turns":6.0},{"damage":12.0,"enemies":"Snecko","floor":24.0,"turns":4.0},{"damage":11.0,"enemies":"Sentry and Sphere","floor":27.0,"turns":5.0},{"damage":27,"enemies":"Shelled Parasite and Fungi","floor":29,"turns":4},{"damage":30,"enemies":"Slavers","floor":31,"turns":6},{"damage":62,"enemies":"Automaton","floor":33,"turns":6}],"seed_played":"4185149258222122952","potions_obtained":[{"floor":1.0,"key":"PowerPotion"},{"floor":7.0,"key":"Poison Potion"},{"floor":10.0,"key":"Poison Potion"},{"floor":12.0,"key":"Fire Potion"},{"floor":16.0,"key":"GamblersBrew"},{"floor":21.0,"key":"Block Potion"},{"floor":31,"key":"Block Potion"}],"is_trial":false,"path_per_floor":["M","?","M","?","M","R","E","M","T","E","M","E","T","M","R","B",null,"M","$","M","M","$","R","M","R","T","M","?","M","R","E","R"],"character_chosen":"IRONCLAD","items_purchased":["Metallicize+1","Sling","Pummel"],"campfire_rested":5,"item_purchase_floors":[19,19,22],"current_hp_per_floor":[71,71,75,75,73,73,63,67,67,48,38,20,20,15,37,16,60,51,51,43,29,29,51,45,67,67,62,62,41,63,39,61,0],"gold":216,"neow_bonus":"THREE_CARDS","is_prod":false,"is_daily":false,"chose_seed":false,"campfire_upgraded":1,"win_rate":0,"timestamp":1539369222,"path_taken":["M","?","M","?","M","R","E","M","T","E","M","E","?","?","R","BOSS","M","$","M","?","?","R","?","R","T","M","?","M","R","E","R","BOSS"],"build_version":"2018-10-11","purchased_purges":2,"victory":false,"max_hp_per_floor":[75,75,75,75,75,75,75,75,75,75,75,75,75,75,75,75,75,75,75,75,75,75,75,75,75,75,75,75,75,75,75,75,75],"card_choices":[{"not_picked":["Sword Boomerang","Dual Wield"],"picked":"Hemokinesis","floor":0.0},{"not_picked":["Sever Soul","Hemokinesis"],"picked":"Armaments","floor":1.0},{"not_picked":["True Grit","Intimidate"],"picked":"Inflame","floor":3.0},{"not_picked":["Flex","Warcry","Sword Boomerang"],"picked":"SKIP","floor":5.0},{"not_picked":["Intimidate","Thunderclap"],"picked":"Rupture","floor":7.0},{"not_picked":["Havoc","Warcry"],"picked":"Anger","floor":8.0},{"not_picked":["Bludgeon","Headbutt","Flex"],"picked":"SKIP","floor":10.0},{"not_picked":["Flex","Rupture+1","Dropkick"],"picked":"SKIP","floor":11.0},{"not_picked":["Headbutt","Bludgeon","Rupture+1"],"picked":"SKIP","floor":12.0},{"not_picked":["Second Wind","Flex","Clash"],"picked":"SKIP","floor":14.0},{"not_picked":["Clash","Body Slam"],"picked":"Shrug It Off","floor":15.0},{"not_picked":["Demon Form+1","Barricade+1"],"picked":"Offering","floor":16.0},{"not_picked":["Flex","Anger"],"picked":"Cleave","floor":18.0},{"not_picked":["Infernal Blade","Clash"],"picked":"Clothesline+1","floor":20.0},{"not_picked":["Inflame+1","Perfected Strike","Flex"],"picked":"SKIP","floor":21.0},{"not_picked":["Intimidate","Corruption+1","Twin Strike"],"picked":"SKIP","floor":24.0},{"not_picked":["Intimidate","Corruption+1","Twin Strike"],"picked":"SKIP","floor":24.0},{"not_picked":["Armaments","Inflame+1","Bludgeon"],"picked":"SKIP","floor":27.0},{"not_picked":["Thunderclap+1","Searing Blow"],"picked":"Ghostly Armor","floor":29},{"not_picked":["Anger","Sever Soul"],"picked":"Shrug It Off","floor":31},{"not_picked":["Headbutt","Clothesline+1"],"picked":"Pummel","floor":32}],"player_experience":1344682,"relics_obtained":[{"floor":7.0,"key":"Dream Catcher"},{"floor":9.0,"key":"Frozen Egg 2"},{"floor":10.0,"key":"Unceasing Top"},{"floor":12.0,"key":"Red Skull"},{"floor":13.0,"key":"Boot"},{"floor":26.0,"key":"Shuriken"},{"floor":31,"key":"Lantern"}],"event_choices":[{"event_name":"Living Wall","player_choice":"Grow","floor":2.0,"damage_taken":0.0},{"event_name":"Liars Game","player_choice":"agreed","floor":4.0,"damage_taken":0.0},{"event_name":"Drug Dealer","player_choice":"Inject Mutagens","floor":28,"damage_taken":0}],"is_beta":false,"boss_relics":[{"not_picked":["Tiny House","Philosopher\u0027s Stone"],"picked":"Fusion Hammer"}],"items_purged_floors":[19,22],"is_endless":false,"potions_floor_spawned":[1,7,10,12,16,21,24,31],"killed_by":"Automaton","ascension_level":15}