{"gold_per_floor":[115,125,125,137,155,188,188,198,222,251,34,34,59,59,59,59],"floor_reached":16,"playtime":407,"items_purged":["Strike_R"],"score":210,"play_id":"1d6ee639-2984-4570-a1d0-b24d108e75eb","local_time":"20190304194612","is_ascension_mode":true,"campfire_choices":[{"data":"Immolate","floor":7,"key":"SMITH"},{"data":"Havoc","floor":12,"key":"SMITH"},{"data":"Armaments","floor":15,"key":"SMITH"}],"neow_cost":"NONE","seed_source_timestamp":45674748567478,"circlet_count":0,"master_deck":["AscendersBane","Strike_R","Strike_R","Strike_R","Strike_R","Defend_R","Defend_R","Defend_R","Defend_R","Bash+1","Perfected Strike","Anger","Limit Break","Pommel Strike","Immolate+1","Armaments+1","Feel No Pain","Clothesline","Metallicize","Havoc+1","Warcry"],"relics":["Burning Blood","Paper Frog","Bag of Preparation","Pen Nib","Happy Flower"],"potions_floor_usage":[10],"damage_taken":[{"damage":14,"enemies":"Jaw Worm","floor":1,"turns":4},{"damage":0,"enemies":"Cultist","floor":2,"turns":3},{"damage":8,"enemies":"2 Louse","floor":4,"turns":2},{"damage":8,"enemies":"2 Fungi Beasts","floor":5,"turns":3},{"damage":32,"enemies":"Gremlin Nob","floor":6,"turns":4},{"damage":1,"enemies":"Exordium Thugs","floor":8,"turns":3},{"damage":15,"enemies":"3 Sentries","floor":10,"turns":3},{"damage":13,"enemies":"Gremlin Nob","floor":13,"turns":3},{"damage":27,"enemies":"The Guardian","floor":16,"turns":7}],"seed_played":"-4906905990159495741","potions_obtained":[{"floor":4,"key":"Ancient Potion"},{"floor":6,"key":"Explosive Potion"},{"floor":14,"key":"SteroidPotion"}],"is_trial":false,"path_per_floor":["M","M","?","M","M","E","R","M","T","E","$","R","E","?","R","B"],"character_chosen":"IRONCLAD","items_purchased":["Clothesline","Metallicize","Havoc"],"campfire_rested":0,"item_purchase_floors":[11,11,11],"current_hp_per_floor":[60,66,66,64,62,36,36,41,41,32,32,32,25,25,25,0],"gold":59,"neow_bonus":"UPGRADE_CARD","is_prod":false,"is_daily":false,"chose_seed":false,"campfire_upgraded":3,"win_rate":0,"timestamp":1551757572,"path_taken":["M","M","?","M","?","E","R","M","T","E","$","R","E","?","R","BOSS"],"build_version":"2019-01-23","purchased_purges":1,"victory":false,"max_hp_per_floor":[75,75,75,75,75,75,75,75,75,75,75,75,75,75,75,75],"card_choices":[{"not_picked":["True Grit","Infernal Blade"],"picked":"Perfected Strike","floor":1},{"not_picked":["Combust","Wild Strike"],"picked":"Anger","floor":2},{"not_picked":["Perfected Strike","Evolve"],"picked":"Pommel Strike","floor":4},{"not_picked":["Warcry","Evolve"],"picked":"Immolate","floor":5},{"not_picked":["Clothesline","Clash"],"picked":"Armaments","floor":6},{"not_picked":["Heavy Blade","Body Slam","Perfected Strike"],"picked":"SKIP","floor":8},{"not_picked":["Pommel Strike","Pummel"],"picked":"Feel No Pain","floor":10},{"not_picked":["Fire Breathing","Intimidate"],"picked":"Warcry","floor":13}],"player_experience":2323202,"relics_obtained":[{"floor":6,"key":"Paper Frog"},{"floor":9,"key":"Bag of Preparation"},{"floor":10,"key":"Pen Nib"},{"floor":13,"key":"Happy Flower"}],"event_choices":[{"damage_healed":0,"gold_gain":0,"player_choice":"1 cards matched","damage_taken":0,"max_hp_gain":0,"max_hp_loss":0,"event_name":"Match and Keep!","floor":3,"gold_loss":0,"cards_obtained":["Limit Break"]},{"damage_healed":0,"gold_gain":0,"player_choice":"Got Potions","damage_taken":0,"max_hp_gain":0,"max_hp_loss":0,"event_name":"Lab","floor":14,"gold_loss":0}],"is_beta":false,"boss_relics":[],"items_purged_floors":[11],"is_endless":false,"potions_floor_spawned":[4,6,8],"killed_by":"The Guardian","ascension_level":15}