{"gold_per_floor":[368,293,162,173,184,184,215,225,225,225,46,64,64,80,80,158,158,173,48,64,64,97,97,127,127,182,182,195,220,237,248,248,320,320,333,351,573,573,573,604,604,634,683,698,717,743,758,385,385,385,385,385,385,111,142,142],"floor_reached":57,"playtime":4317,"items_purged":["Defend_G","Strike_G","Strike_G","Strike_G","Strike_G"],"score":3549,"play_id":"ac56b55c-aa89-45f3-9c7d-b131c5b911eb","local_time":"20181231222001","is_ascension_mode":true,"campfire_choices":[{"data":"Bouncing Flask","floor":6.0,"key":"SMITH"},{"data":"Blade Dance","floor":10.0,"key":"SMITH"},{"floor":13.0,"key":"REST"},{"data":"Accuracy","floor":15.0,"key":"SMITH"},{"data":"Terror","floor":23.0,"key":"SMITH"},{"data":"Well Laid Plans","floor":25.0,"key":"SMITH"},{"data":"Tactician","floor":32.0,"key":"SMITH"},{"floor":41.0,"key":"REST"},{"floor":49.0,"key":"RECALL"},{"data":"Catalyst","floor":53,"key":"SMITH"}],"neow_cost":"CURSE","seed_source_timestamp":11261811708000,"circlet_count":0,"master_deck":["AscendersBane","Defend_G","Defend_G","Defend_G","Defend_G","Strike_G","Survivor","Neutralize","Leg Sweep","Bouncing Flask+1","Flechettes","Concentrate","Blade Dance+1","Accuracy+1","Backstab","Storm of Steel","Terror+1","Well Laid Plans+1","Malaise","PiercingWail+1","Infinite Blades","Tactician+1","Catalyst+1","Panacea","Night Terror","Dark Shackles"],"special_seed":0,"relics":["Ring of the Snake","Dead Branch","Incense Burner","Sozu","MutagenicStrength","Red Mask","Ice Cream","Vajra","PreservedInsect","Busted Crown","Anchor","FossilizedHelix","Tough Bandages","ClockworkSouvenir","Bottled Tornado"],"potions_floor_usage":[56],"damage_taken":[{"damage":4.0,"enemies":"Jaw Worm","floor":1.0,"turns":7.0},{"damage":0.0,"enemies":"Small Slimes","floor":4.0,"turns":5.0},{"damage":3.0,"enemies":"2 Louse","floor":5.0,"turns":3.0},{"damage":11.0,"enemies":"Gremlin Nob","floor":7.0,"turns":3.0},{"damage":18.0,"enemies":"Exordium Thugs","floor":8.0,"turns":6.0},{"damage":4.0,"enemies":"Looter","floor":12.0,"turns":3.0},{"damage":0.0,"enemies":"Large Slime","floor":14.0,"turns":6.0},{"damage":0.0,"enemies":"Slime Boss","floor":16.0,"turns":12.0},{"damage":0.0,"enemies":"2 Thieves","floor":18.0,"turns":1.0},{"damage":0.0,"enemies":"Chosen","floor":20.0,"turns":2.0},{"damage":7.0,"enemies":"Masked Bandits","floor":22.0,"turns":4.0},{"damage":0.0,"enemies":"Gremlin Leader","floor":24.0,"turns":4.0},{"damage":6.0,"enemies":"Centurion and Healer","floor":28.0,"turns":9.0},{"damage":0.0,"enemies":"Slavers","floor":29.0,"turns":4.0},{"damage":8.0,"enemies":"Chosen and Byrds","floor":30.0,"turns":8.0},{"damage":0.0,"enemies":"Snecko","floor":31.0,"turns":5.0},{"damage":0.0,"enemies":"Champ","floor":33.0,"turns":5.0},{"damage":5.0,"enemies":"Orb Walker","floor":35.0,"turns":2.0},{"damage":1.0,"enemies":"3 Shapes","floor":36.0,"turns":5.0},{"damage":12.0,"enemies":"Nemesis","floor":40.0,"turns":3.0},{"damage":26.0,"enemies":"Reptomancer","floor":42.0,"turns":3.0},{"damage":0.0,"enemies":"3 Darklings","floor":44.0,"turns":4.0},{"damage":0.0,"enemies":"4 Shapes","floor":45.0,"turns":5.0},{"damage":0.0,"enemies":"Nemesis","floor":46.0,"turns":5.0},{"damage":0.0,"enemies":"Sphere and 2 Shapes","floor":47.0,"turns":5.0},{"damage":0.0,"enemies":"Awakened One","floor":50.0,"turns":18.0},{"damage":0,"enemies":"Time Eater","floor":51,"turns":17},{"damage":0,"enemies":"Shield and Spear","floor":55,"turns":6},{"damage":3,"enemies":"The Heart","floor":56,"turns":10}],"seed_played":"-2580415397200890394","potions_obtained":[{"floor":1.0,"key":"Fire Potion"},{"floor":8.0,"key":"SkillPotion"},{"floor":16.0,"key":"Dexterity Potion"}],"is_trial":false,"path_per_floor":["M","?","$","M","M","R","E","M","T","R","$","M","R","M","R","B",null,"M","M","?","R","R","T","?","M","E","M","M","R",null,"M","M","?","?","E","R","E","T","M","M","E","M","$","R",null,"R","$","E","B",null],"character_chosen":"THE_SILENT","items_purchased":["SteroidPotion","Accuracy","ClockworkSouvenir","Dark Shackles"],"campfire_rested":2,"item_purchase_floors":[3,11,48,54],"current_hp_per_floor":[55,55,55,55,52,52,41,23,23,23,23,19,37,37,37,37,57,57,57,57,57,50,50,50,50,50,50,44,44,36,36,36,36,56,51,50,50,50,41,29,47,21,21,21,21,21,21,21,21,21,21,53,53,53,53,50],"gold":142,"neow_bonus":"TWO_FIFTY_GOLD","is_prod":false,"is_daily":false,"chose_seed":false,"campfire_upgraded":7,"win_rate":0,"timestamp":1546266001,"path_taken":["M","?","$","M","M","R","E","M","T","R","$","M","R","M","R","BOSS","M","$","M","?","?","R","E","R","T","?","M","E","M","?","R","BOSS","M","M","?","?","?","E","R","E","T","M","M","E","M","$","R","BOSS","BOSS","R","$","E","BOSS"],"build_version":"2018-12-25","purchased_purges":5,"victory":true,"max_hp_per_floor":[66,63,63,63,63,63,63,63,63,63,63,63,63,63,63,63,63,63,63,63,63,63,63,63,63,63,63,63,63,63,63,63,63,63,63,63,63,63,63,63,63,63,63,63,63,63,63,63,63,63,63,63,63,63,63,63],"card_choices":[{"not_picked":["Outmaneuver","Blade Dance"],"picked":"Leg Sweep","floor":1.0},{"not_picked":["Riddle With Holes","Reflex"],"picked":"Bouncing Flask","floor":4.0},{"not_picked":["Flying Knee","PiercingWail"],"picked":"Flechettes","floor":5.0},{"not_picked":["Wraith Form v2","Quick Slash"],"picked":"Concentrate","floor":7.0},{"not_picked":["Flying Knee","Poisoned Stab"],"picked":"Blade Dance","floor":8.0},{"not_picked":["Deadly Poison","Catalyst","Expertise"],"picked":"SKIP","floor":12.0},{"not_picked":["Blur","Bouncing Flask"],"picked":"Backstab","floor":14.0},{"not_picked":["A Thousand Cuts","Burst"],"picked":"Storm of Steel","floor":16.0},{"not_picked":["Dodge and Roll","Dagger Spray"],"picked":"Terror","floor":18.0},{"not_picked":["Quick Slash+1","Dagger Spray","Eviscerate+1"],"picked":"SKIP","floor":20.0},{"not_picked":["Sucker Punch","Prepared"],"picked":"Well Laid Plans","floor":22.0},{"not_picked":["Poisoned Stab","Backflip"],"picked":"Malaise","floor":24.0},{"not_picked":["Dash","Dagger Spray"],"picked":"PiercingWail+1","floor":28.0},{"not_picked":["Bane","All Out Attack"],"picked":"Infinite Blades","floor":29.0},{"not_picked":["Blur","Dodge and Roll"],"picked":"Tactician","floor":30.0},{"not_picked":["Quick Slash","Outmaneuver"],"picked":"Catalyst","floor":31.0},{"not_picked":["Dodge and Roll"],"picked":"SKIP","floor":35.0},{"not_picked":["Eviscerate"],"picked":"SKIP","floor":36.0},{"not_picked":[],"picked":"Panacea","floor":38.0},{"not_picked":["Choke+1"],"picked":"SKIP","floor":40.0},{"not_picked":["Deadly Poison"],"picked":"SKIP","floor":42.0},{"not_picked":["Bane+1"],"picked":"SKIP","floor":44.0},{"not_picked":["Sucker Punch"],"picked":"SKIP","floor":45.0},{"not_picked":[],"picked":"Night Terror","floor":46.0},{"not_picked":["Outmaneuver+1"],"picked":"SKIP","floor":47.0},{"not_picked":["Deadly Poison+1"],"picked":"SKIP","floor":55}],"player_experience":1209722,"relics_obtained":[{"floor":7.0,"key":"Dead Branch"},{"floor":9.0,"key":"Incense Burner"},{"floor":22.0,"key":"Red Mask"},{"floor":24.0,"key":"Ice Cream"},{"floor":26.0,"key":"Vajra"},{"floor":29.0,"key":"PreservedInsect"},{"floor":40.0,"key":"Anchor"},{"floor":42.0,"key":"FossilizedHelix"},{"floor":46.0,"key":"Tough Bandages"},{"floor":55,"key":"Bottled Tornado"}],"event_choices":[{"cards_removed":["Parasite"],"damage_healed":0.0,"max_hp_gain":0.0,"max_hp_loss":0.0,"gold_gain":0.0,"event_name":"The Cleric","player_choice":"Card Removal","floor":2.0,"gold_loss":75.0,"damage_taken":0.0},{"damage_healed":0.0,"max_hp_gain":0.0,"max_hp_loss":0.0,"gold_gain":0.0,"event_name":"Drug Dealer","player_choice":"Inject Mutagens","floor":21.0,"gold_loss":0.0,"damage_taken":0.0,"relics_obtained":["MutagenicStrength"]},{"damage_healed":0.0,"max_hp_gain":0.0,"max_hp_loss":0.0,"gold_gain":0.0,"event_name":"Masked Bandits","player_choice":"Fought Bandits","floor":22.0,"gold_loss":0.0,"damage_taken":0.0},{"damage_healed":0.0,"max_hp_gain":0.0,"max_hp_loss":0.0,"gold_gain":0.0,"event_name":"Duplicator","player_choice":"Ignored","floor":27.0,"gold_loss":0.0,"damage_taken":0.0},{"damage_healed":0.0,"max_hp_gain":0.0,"max_hp_loss":0.0,"gold_gain":222.0,"event_name":"Tomb of Lord Red Mask","player_choice":"Wore Mask","floor":37.0,"gold_loss":0.0,"damage_taken":0.0},{"damage_healed":0.0,"max_hp_gain":0.0,"max_hp_loss":0.0,"gold_gain":0.0,"event_name":"SensoryStone","player_choice":"Memory 1","floor":38.0,"gold_loss":0.0,"damage_taken":0.0},{"damage_healed":0.0,"max_hp_gain":0.0,"max_hp_loss":0.0,"gold_gain":0.0,"event_name":"Wheel of Change","player_choice":"Damaged","floor":39.0,"gold_loss":0.0,"damage_taken":9.0}],"is_beta":true,"boss_relics":[{"not_picked":["Lizard Tail","Snecko Eye"],"picked":"Sozu"},{"not_picked":["Eternal Feather","HoveringKite"],"picked":"Busted Crown"}],"items_purged_floors":[3,11,19,48,54],"is_endless":false,"potions_floor_spawned":[1,5,8,16,20,22,24,35,44,47],"ascension_level":20}