{"gold_per_floor":[113,129,59,59,72,72,83,109,409,423,457,457,471,482,482,555,555,571,591,591,606,623,623,655,668,668,694,694,619,619,619,619,697,697,717,717,734,246,264,264,278,307,352,364,86,100,0,0,0,0],"floor_reached":51,"playtime":3782,"items_purged":["Strike_R","Defend_R"],"score":1187,"play_id":"08992ac9-c567-4d28-b40f-e429325a7557","local_time":"20190118054754","is_ascension_mode":true,"campfire_choices":[{"data":"Bludgeon","floor":6.0,"key":"SMITH"},{"data":"Uppercut","floor":12.0,"key":"SMITH"},{"data":"Metallicize","floor":15.0,"key":"SMITH"},{"data":"Strike_R","floor":23.0,"key":"PURGE"},{"data":"Heavy Blade","floor":28.0,"key":"SMITH"},{"data":"Strike_R","floor":30.0,"key":"PURGE"},{"floor":32.0,"key":"REST"},{"data":"Power Through","floor":40,"key":"SMITH"},{"data":"Disarm","floor":44,"key":"SMITH"},{"floor":49,"key":"REST"}],"neow_cost":"TEN_PERCENT_HP_LOSS","seed_source_timestamp":97315798213506,"circlet_count":0,"master_deck":["AscendersBane","Defend_R","Defend_R","Bash","Bludgeon+1","Uppercut+1","Battle Trance","Metallicize+1","Shrug It Off","Power Through+1","Disarm+1","Offering+1","Demon Form","Heavy Blade+1","Barricade","Entrench","Juggernaut+1","Double Tap+1","Fiend Fire+1","Dropkick+1","Transmutation","Disarm","Carnage+1","Disarm"],"special_seed":0,"relics":["Burning Blood","FaceOfCleric","Charon\u0027s Ashes","Old Coin","Peace Pipe","Snecko Eye","Magic Flower","War Paint","Frozen Egg 2","Molten Egg 2","Enchiridion","Astrolabe","TheAbacus","StoneCalendar","Self Forming Clay","MawBank","Medical Kit","Red Mask"],"potions_floor_usage":[39,46],"damage_taken":[{"damage":8.0,"enemies":"Small Slimes","floor":1.0,"turns":2.0},{"damage":1.0,"enemies":"Cultist","floor":2.0,"turns":3.0},{"damage":12.0,"enemies":"Jaw Worm","floor":5.0,"turns":2.0},{"damage":10.0,"enemies":"Exordium Thugs","floor":7.0,"turns":4.0},{"damage":15.0,"enemies":"3 Sentries","floor":8.0,"turns":5.0},{"damage":10.0,"enemies":"2 Fungi Beasts","floor":10.0,"turns":3.0},{"damage":20.0,"enemies":"Gremlin Nob","floor":11.0,"turns":5.0},{"damage":0.0,"enemies":"Exordium Wildlife","floor":13.0,"turns":5.0},{"damage":0.0,"enemies":"Large Slime","floor":14.0,"turns":4.0},{"damage":53.0,"enemies":"Slime Boss","floor":16.0,"turns":10.0},{"damage":15.0,"enemies":"Shell Parasite","floor":18.0,"turns":3.0},{"damage":0.0,"enemies":"Chosen","floor":19.0,"turns":3.0},{"damage":6.0,"enemies":"Centurion and Healer","floor":21.0,"turns":3.0},{"damage":21.0,"enemies":"Snake Plant","floor":22.0,"turns":2.0},{"damage":23.0,"enemies":"Slavers","floor":24.0,"turns":7.0},{"damage":6.0,"enemies":"3 Cultists","floor":25.0,"turns":4.0},{"damage":18.0,"enemies":"Book of Stabbing","floor":27.0,"turns":5.0},{"damage":21.0,"enemies":"Collector","floor":33.0,"turns":8.0},{"damage":0.0,"enemies":"3 Shapes","floor":35.0,"turns":5.0},{"damage":0,"enemies":"Orb Walker","floor":37,"turns":2},{"damage":42,"enemies":"3 Darklings","floor":39,"turns":6},{"damage":0,"enemies":"Maw","floor":41,"turns":5},{"damage":28,"enemies":"Nemesis","floor":42,"turns":7},{"damage":6,"enemies":"Transient","floor":46,"turns":5},{"damage":25,"enemies":"Awakened One","floor":50,"turns":13}],"seed_played":"-3582652421683493397","potions_obtained":[{"floor":1.0,"key":"Regen Potion"},{"floor":5.0,"key":"EssenceOfSteel"},{"floor":10.0,"key":"LiquidBronze"},{"floor":11.0,"key":"Explosive Potion"},{"floor":16.0,"key":"SpeedPotion"},{"floor":25.0,"key":"FairyPotion"},{"floor":33.0,"key":"SneckoOil"},{"floor":39,"key":"Fire Potion"}],"is_trial":false,"path_per_floor":["M","M","$","?","M","R","M","E","T","M","E","R","M","M","R","B",null,"M","M","?","M","M","R","E","M","T","E","R","$","R","?","R","B",null,"M","?","M","$","M","R","M","E","T","R","$","M","?","?","R","B",null],"character_chosen":"IRONCLAD","items_purchased":["Battle Trance","TheAbacus","StoneCalendar","Medical Kit"],"campfire_rested":2,"item_purchase_floors":[3,38,38,45],"current_hp_per_floor":[70,72,72,72,67,67,64,70,70,67,54,54,61,68,68,22,66,58,65,65,70,60,60,48,53,53,46,46,46,46,30,56,46,78,89,89,90,90,59,59,70,53,53,53,53,58,58,58,86,72],"gold":0,"neow_bonus":"THREE_RARE_CARDS","is_prod":false,"is_daily":false,"chose_seed":false,"campfire_upgraded":6,"win_rate":0,"timestamp":1547786874,"path_taken":["M","M","$","?","M","R","M","E","T","M","E","R","?","M","R","BOSS","M","M","?","M","M","R","E","?","T","E","R","$","R","?","R","BOSS","M","?","M","$","M","R","M","E","T","R","?","?","?","?","R","BOSS"],"build_version":"2019-01-17","purchased_purges":2,"victory":true,"max_hp_per_floor":[72,72,72,72,73,73,74,75,75,76,77,77,78,79,79,80,80,81,82,82,83,84,84,85,86,86,87,87,87,87,87,87,88,88,89,89,90,90,91,91,92,93,93,93,93,94,94,94,94,95],"card_choices":[{"not_picked":["Reaper","Demon Form"],"picked":"Bludgeon","floor":0.0},{"not_picked":["Iron Wave","Perfected Strike"],"picked":"Spot Weakness","floor":1.0},{"not_picked":["Perfected Strike","Clothesline"],"picked":"Uppercut","floor":2.0},{"not_picked":["Ghostly Armor","Battle Trance"],"picked":"Metallicize","floor":5.0},{"not_picked":["True Grit","Inflame"],"picked":"Shrug It Off","floor":7.0},{"not_picked":["Flex","Iron Wave","Battle Trance"],"picked":"SKIP","floor":8.0},{"not_picked":["Twin Strike","Reckless Charge"],"picked":"Power Through","floor":10.0},{"not_picked":["Uppercut","Havoc"],"picked":"Disarm","floor":11.0},{"not_picked":["Warcry","Sword Boomerang"],"picked":"Offering","floor":13.0},{"not_picked":["Twin Strike","Anger","Clothesline"],"picked":"SKIP","floor":14.0},{"not_picked":["Exhume","Juggernaut"],"picked":"Demon Form","floor":16.0},{"not_picked":["Seeing Red+1","Burning Pact"],"picked":"Heavy Blade","floor":18.0},{"not_picked":["Rupture","Cleave","Shrug It Off"],"picked":"SKIP","floor":19.0},{"not_picked":["Disarm","Rampage"],"picked":"Barricade","floor":21.0},{"not_picked":["Inflame+1","Twin Strike+1","Blood for Blood"],"picked":"SKIP","floor":22.0},{"not_picked":["Body Slam","Second Wind","Bloodletting"],"picked":"SKIP","floor":24.0},{"not_picked":["Disarm","Reckless Charge"],"picked":"Entrench","floor":25.0},{"not_picked":["Infernal Blade","Sword Boomerang","Shrug It Off"],"picked":"SKIP","floor":27.0},{"not_picked":["Feed+1","Fiend Fire+1"],"picked":"Juggernaut+1","floor":33.0},{"not_picked":["Sword Boomerang+1","Heavy Blade+1","True Grit"],"picked":"SKIP","floor":35.0},{"not_picked":["Enlightenment","Panache+1"],"picked":"Transmutation","floor":36},{"not_picked":["Iron Wave+1","Rage"],"picked":"Disarm","floor":37},{"not_picked":["Perfected Strike+1","Sword Boomerang+1","Iron Wave+1"],"picked":"SKIP","floor":39},{"not_picked":["Iron Wave+1","Heavy Blade+1","Ghostly Armor+1"],"picked":"SKIP","floor":41},{"not_picked":["Fiend Fire+1","True Grit"],"picked":"Carnage+1","floor":42},{"not_picked":["Metallicize+1","Rupture+1"],"picked":"Disarm","floor":46}],"player_experience":497850,"relics_obtained":[{"floor":8.0,"key":"Charon\u0027s Ashes"},{"floor":9.0,"key":"Old Coin"},{"floor":11.0,"key":"Peace Pipe"},{"floor":24.0,"key":"War Paint"},{"floor":26.0,"key":"Frozen Egg 2"},{"floor":27.0,"key":"Molten Egg 2"},{"floor":31.0,"key":"Enchiridion"},{"floor":42,"key":"Self Forming Clay"},{"floor":43,"key":"MawBank"}],"event_choices":[{"damage_healed":0.0,"max_hp_gain":0.0,"max_hp_loss":0.0,"gold_gain":0.0,"event_name":"FaceTrader","player_choice":"Trade","floor":4.0,"gold_loss":0.0,"damage_taken":0.0,"relics_obtained":["FaceOfCleric"]},{"damage_healed":0.0,"max_hp_gain":0.0,"max_hp_loss":0.0,"gold_gain":0.0,"event_name":"WeMeetAgain","player_choice":"Gave Potion","floor":20.0,"gold_loss":0.0,"damage_taken":0.0,"relics_obtained":["Magic Flower"]},{"damage_healed":0.0,"max_hp_gain":0.0,"max_hp_loss":0.0,"gold_gain":0.0,"event_name":"Cursed Tome","player_choice":"Obtained Book","floor":31.0,"gold_loss":0.0,"damage_taken":16.0},{"damage_healed":0,"gold_gain":0,"player_choice":"Memory 1","damage_taken":0,"max_hp_gain":0,"max_hp_loss":0,"event_name":"SensoryStone","floor":36,"gold_loss":0},{"damage_healed":0,"gold_gain":0,"player_choice":"Paid","damage_taken":0,"relics_obtained":["Red Mask"],"max_hp_gain":0,"max_hp_loss":0,"event_name":"Tomb of Lord Red Mask","floor":47,"gold_loss":100},{"cards_removed":["Spot Weakness"],"damage_healed":0,"gold_gain":0,"player_choice":"Removed Skill","damage_taken":0,"max_hp_gain":0,"max_hp_loss":0,"event_name":"Falling","floor":48,"gold_loss":0}],"is_beta":false,"boss_relics":[{"not_picked":["Tiny House","Philosopher\u0027s Stone"],"picked":"Snecko Eye"},{"not_picked":["Runic Dome","Lizard Tail"],"picked":"Astrolabe"}],"items_purged_floors":[29,45],"is_endless":false,"potions_floor_spawned":[1,5,10,11,16,19,25,33,39],"ascension_level":13}