{"gold_per_floor":[110,124,41,55,73,73,98,98,173,173,201,201,201,214,214,291,291,301,301,312,65,0,0,32,32,32,52,52,67,67],"floor_reached":30,"playtime":1115,"items_purged":["Strike_G"],"score":516,"play_id":"ba4ba391-3cbe-40a6-ab38-b17c60d429bd","local_time":"20190407190611","is_ascension_mode":true,"campfire_choices":[{"data":"Noxious Fumes","floor":6.0,"key":"SMITH"},{"data":"Bane","floor":8.0,"key":"SMITH"},{"floor":10.0,"key":"REST"},{"data":"Cloak And Dagger","floor":12.0,"key":"SMITH"},{"floor":15.0,"key":"REST"},{"floor":23.0,"key":"REST"}],"neow_cost":"NONE","seed_source_timestamp":25941706377900,"circlet_count":0,"master_deck":["AscendersBane","Defend_G","Defend_G","Defend_G","Defend_G","Defend_G","Strike_G","Survivor","Neutralize","Infinite Blades","Noxious Fumes+1","Bane+1","Terror","Cloak And Dagger+1","Infinite Blades","Grand Finale+1","Deflect+1","Adrenaline+1","Setup+1","Calculated Gamble","Backflip"],"special_seed":0,"relics":["White Beast Statue","Unceasing Top","Shuriken","Omamori","Vajra","Bottled Tornado","Kunai","Nloth\u0027s Gift"],"potions_floor_usage":[30,30],"damage_taken":[{"damage":13.0,"enemies":"Small Slimes","floor":1.0,"turns":6.0},{"damage":3.0,"enemies":"2 Louse","floor":2.0,"turns":4.0},{"damage":6.0,"enemies":"Cultist","floor":4.0,"turns":4.0},{"damage":4.0,"enemies":"Exordium Thugs","floor":5.0,"turns":3.0},{"damage":20.0,"enemies":"Lagavulin","floor":7.0,"turns":9.0},{"damage":26.0,"enemies":"3 Sentries","floor":11.0,"turns":8.0},{"damage":1.0,"enemies":"Looter","floor":14.0,"turns":4.0},{"damage":22.0,"enemies":"The Guardian","floor":16.0,"turns":9.0},{"damage":29.0,"enemies":"2 Thieves","floor":18.0,"turns":5.0},{"damage":14.0,"enemies":"Shell Parasite","floor":20.0,"turns":5.0},{"damage":11.0,"enemies":"Book of Stabbing","floor":24.0,"turns":3.0},{"damage":19.0,"enemies":"Sentry and Sphere","floor":27.0,"turns":4.0},{"damage":10.0,"enemies":"Centurion and Healer","floor":29.0,"turns":6.0},{"damage":15,"enemies":"Slavers","floor":30,"turns":3}],"seed_played":"-8671006819819390051","potions_obtained":[{"floor":1.0,"key":"Fruit Juice"},{"floor":2.0,"key":"GhostInAJar"},{"floor":4.0,"key":"Explosive Potion"},{"floor":5.0,"key":"Fire Potion"},{"floor":7.0,"key":"FearPotion"},{"floor":11.0,"key":"SpeedPotion"},{"floor":14.0,"key":"Weak Potion"},{"floor":16.0,"key":"AttackPotion"},{"floor":18.0,"key":"Regen Potion"},{"floor":19.0,"key":"Swift Potion"},{"floor":20.0,"key":"Dexterity Potion"},{"floor":24.0,"key":"Strength Potion"},{"floor":27.0,"key":"Block Potion"},{"floor":29.0,"key":"Swift Potion"}],"is_trial":false,"path_per_floor":["M","M","$","M","M","R","E","R","T","R","E","R","?","M","R","B",null,"M","?","M","$","?","R","E","?","T","M","?","M","E"],"character_chosen":"THE_SILENT","items_purchased":["Noxious Fumes","Vajra"],"campfire_rested":3,"item_purchase_floors":[3,21],"current_hp_per_floor":[51,48,48,42,38,38,18,18,18,39,13,13,6,5,26,4,54,25,25,25,25,25,46,35,35,35,16,16,6,0],"gold":67,"neow_bonus":"BOSS_RELIC","is_prod":false,"is_daily":false,"chose_seed":false,"campfire_upgraded":3,"win_rate":0,"timestamp":1554635171,"path_taken":["M","M","$","M","M","R","E","R","T","R","E","R","?","M","R","BOSS","M","?","?","$","?","R","E","?","T","M","?","?","E"],"build_version":"2019-04-04","purchased_purges":1,"victory":false,"max_hp_per_floor":[71,71,71,71,71,71,71,71,71,71,71,71,71,71,71,71,71,71,71,71,71,71,71,71,71,71,71,71,71,71],"card_choices":[{"not_picked":["Slice","Prepared"],"picked":"Infinite Blades","floor":1.0},{"not_picked":["PiercingWail","Sucker Punch"],"picked":"Dagger Spray","floor":2.0},{"not_picked":["Dagger Spray","Backstab"],"picked":"Bane","floor":4.0},{"not_picked":["Outmaneuver","Blade Dance","Deflect"],"picked":"SKIP","floor":5.0},{"not_picked":["Masterful Stab","Flechettes"],"picked":"Terror","floor":7.0},{"not_picked":["Flying Knee","Dagger Throw"],"picked":"Cloak And Dagger","floor":11.0},{"not_picked":["Sucker Punch","Dash"],"picked":"Infinite Blades","floor":14.0},{"not_picked":["Flying Knee","PiercingWail","Masterful Stab"],"picked":"SKIP","floor":18.0},{"not_picked":["Poisoned Stab+1","Outmaneuver"],"picked":"Setup+1","floor":20.0},{"not_picked":["Blade Dance","Terror"],"picked":"Calculated Gamble","floor":24.0},{"not_picked":["Outmaneuver","Deflect","Flying Knee"],"picked":"SKIP","floor":27.0},{"not_picked":["Corpse Explosion","Calculated Gamble"],"picked":"Backflip","floor":29.0}],"player_experience":1343511,"relics_obtained":[{"floor":7.0,"key":"Unceasing Top"},{"floor":9.0,"key":"Shuriken"},{"floor":11.0,"key":"Omamori"},{"floor":24.0,"key":"Bottled Tornado"},{"floor":26.0,"key":"Kunai"}],"event_choices":[{"cards_removed":["Strike_G"],"damage_healed":0.0,"max_hp_gain":0.0,"max_hp_loss":0.0,"gold_gain":0.0,"event_name":"Golden Wing","player_choice":"Card Removal","floor":13.0,"gold_loss":0.0,"damage_taken":7.0},{"damage_healed":0.0,"max_hp_gain":0.0,"max_hp_loss":0.0,"gold_gain":0.0,"event_name":"Lab","player_choice":"Got Potions","floor":19.0,"gold_loss":0.0,"damage_taken":0.0},{"damage_healed":0.0,"max_hp_gain":0.0,"max_hp_loss":0.0,"gold_gain":0.0,"event_name":"Masked Bandits","player_choice":"Paid Fearfully","floor":22.0,"gold_loss":65.0,"damage_taken":0.0},{"damage_healed":0.0,"max_hp_gain":0.0,"max_hp_loss":0.0,"gold_gain":0.0,"event_name":"Vampires","player_choice":"Ignored","floor":25.0,"gold_loss":0.0,"damage_taken":0.0},{"damage_healed":0.0,"max_hp_gain":0.0,"max_hp_loss":0.0,"gold_gain":0.0,"event_name":"N\u0027loth","player_choice":"Traded Relic","floor":28.0,"relics_lost":["Astrolabe"],"gold_loss":0.0,"damage_taken":0.0,"relics_obtained":["Nloth\u0027s Gift"]}],"is_beta":true,"boss_relics":[{"not_picked":["Snecko Eye","Runic Dome"],"picked":"Astrolabe"}],"items_purged_floors":[21],"is_endless":false,"potions_floor_spawned":[1,2,4,5,7,11,14,16,18,20,24,27,29],"killed_by":"Slavers","ascension_level":20}