{"gold_per_floor":[111,121,121,46,63,95,95,106,106,26,58,58,58,58,58,130,130,150,50,66,82,82,82,82,114,114,114,148,165,192,209,209,287,287,306,306,125,174,174,174,208,208,208,208,242,254,284,296,308,320,332,344,356,94,128,128],"floor_reached":57,"playtime":4206,"items_purged":["Flechettes","Sucker Punch","All Out Attack","Survivor","Dodge and Roll+1"],"score":3494,"play_id":"e8cbe1ba-a1ec-466c-92e5-34631a69cfec","local_time":"20190423232525","is_ascension_mode":true,"campfire_choices":[{"data":"Prepared","floor":7.0,"key":"SMITH"},{"data":"Acrobatics","floor":13.0,"key":"SMITH"},{"data":"Well Laid Plans","floor":15.0,"key":"SMITH"},{"data":"Underhanded Strike","floor":23.0,"key":"SMITH"},{"data":"Expertise","floor":32.0,"key":"SMITH"},{"data":"Reflex","floor":40.0,"key":"SMITH"},{"data":"Tactician","floor":42.0,"key":"SMITH"},{"floor":46.0,"key":"RECALL"},{"data":"Malaise","floor":49.0,"key":"SMITH"},{"data":"Purity","floor":53.0,"key":"SMITH"}],"neow_cost":"NONE","seed_source_timestamp":0,"circlet_count":0,"master_deck":["AscendersBane","Neutralize","Terror","Well Laid Plans+1","Underhanded Strike+1","Prepared+1","Adrenaline","Tactician+1","Acrobatics+1","After Image+1","Blur+1","Expertise+1","Malaise+1","Calculated Gamble+1","Purity+1","Reflex+1"],"special_seed":0,"relics":["Pandora\u0027s Box","Frozen Egg 2","The Courier","Centennial Puzzle","Black Star","Ornamental Fan","FossilizedHelix","Meat on the Bone","Mummified Hand","Turnip","Bag of Marbles","Molten Egg 2","Astrolabe","Shuriken","Pantograph","Juzu Bracelet","MawBank","Anchor","Kunai","Bottled Tornado"],"potions_floor_usage":[56],"damage_taken":[{"damage":0.0,"enemies":"Cultist","floor":1.0,"turns":3.0},{"damage":9.0,"enemies":"Jaw Worm","floor":2.0,"turns":2.0},{"damage":0.0,"enemies":"Small Slimes","floor":5.0,"turns":3.0},{"damage":10.0,"enemies":"Lagavulin","floor":6.0,"turns":7.0},{"damage":1.0,"enemies":"Exordium Wildlife","floor":8.0,"turns":4.0},{"damage":10.0,"enemies":"Gremlin Nob","floor":11.0,"turns":3.0},{"damage":0.0,"enemies":"The Guardian","floor":16.0,"turns":5.0},{"damage":0.0,"enemies":"Shell Parasite","floor":18.0,"turns":5.0},{"damage":2.0,"enemies":"Chosen","floor":20.0,"turns":5.0},{"damage":0.0,"enemies":"Centurion and Healer","floor":21.0,"turns":3.0},{"damage":0.0,"enemies":"Book of Stabbing","floor":25.0,"turns":2.0},{"damage":0.0,"enemies":"Gremlin Leader","floor":28.0,"turns":3.0},{"damage":0.0,"enemies":"Snake Plant","floor":29.0,"turns":2.0},{"damage":25.0,"enemies":"Slavers","floor":30.0,"turns":11.0},{"damage":0.0,"enemies":"3 Cultists","floor":31.0,"turns":4.0},{"damage":0.0,"enemies":"Champ","floor":33.0,"turns":3.0},{"damage":0.0,"enemies":"3 Shapes","floor":35.0,"turns":2.0},{"damage":0.0,"enemies":"2 Orb Walkers","floor":38.0,"turns":1.0},{"damage":0.0,"enemies":"Giant Head","floor":41.0,"turns":1.0},{"damage":0.0,"enemies":"Nemesis","floor":45.0,"turns":1.0},{"damage":0.0,"enemies":"3 Darklings","floor":47.0,"turns":1.0},{"damage":0.0,"enemies":"Time Eater","floor":50.0,"turns":5.0},{"damage":0.0,"enemies":"Donu and Deca","floor":51.0,"turns":1.0},{"damage":0.0,"enemies":"Shield and Spear","floor":55.0,"turns":1.0},{"damage":0,"enemies":"The Heart","floor":56,"turns":5}],"seed_played":"-5190669628577161454","potions_obtained":[{"floor":2.0,"key":"GamblersBrew"},{"floor":6.0,"key":"Block Potion"},{"floor":8.0,"key":"GamblersBrew"},{"floor":11.0,"key":"Energy Potion"},{"floor":18.0,"key":"Block Potion"},{"floor":21.0,"key":"Fire Potion"},{"floor":28.0,"key":"Ancient Potion"},{"floor":31.0,"key":"Poison Potion"},{"floor":45.0,"key":"Swift Potion"}],"is_trial":false,"path_per_floor":["M","M","?","$","M","E","R","M","T","$","E","?","R","?","R","B",null,"M","$","M","M","?","R","$","E","T","?","E","M","E","M","R","B",null,"M","?","$","?","?","R","E","R","T","$","E","R","M","?","R","B","B",null,"R","$","E","B",null],"character_chosen":"THE_SILENT","items_purchased":["Reflex","Anchor"],"campfire_rested":0,"item_purchase_floors":[37,54],"current_hp_per_floor":[59,50,50,50,50,40,40,39,39,39,29,29,29,29,29,29,57,57,57,55,55,51,51,51,51,51,51,51,51,38,38,38,38,59,59,49,49,49,49,49,49,49,49,49,49,49,49,49,49,66,66,66,66,66,66,66],"gold":128,"neow_bonus":"BOSS_RELIC","is_prod":false,"is_daily":false,"chose_seed":true,"campfire_upgraded":9,"win_rate":0,"timestamp":1556033125,"path_taken":["M","M","?","$","?","E","R","M","T","$","E","?","R","?","R","BOSS","M","$","M","M","?","R","?","E","T","?","E","?","E","M","R","BOSS","M","?","$","?","?","R","E","R","T","$","E","R","M","?","R","BOSS","BOSS","R","$","E","BOSS"],"build_version":"2019-01-23","purchased_purges":5,"victory":true,"max_hp_per_floor":[66,66,66,66,66,66,66,66,66,66,66,66,66,66,66,66,66,66,66,66,66,66,66,66,66,66,66,66,66,66,66,66,66,66,66,66,66,66,66,66,66,66,66,66,66,66,66,66,66,66,66,66,66,66,66,66],"card_choices":[{"not_picked":["Noxious Fumes","Prepared","Cloak And Dagger"],"picked":"SKIP","floor":1.0},{"not_picked":["Blade Dance","Prepared","Deflect"],"picked":"SKIP","floor":2.0},{"not_picked":["Outmaneuver","Dodge and Roll"],"picked":"Tactician","floor":5.0},{"not_picked":["Finisher","All Out Attack","Endless Agony"],"picked":"SKIP","floor":6.0},{"not_picked":["Finisher","All Out Attack","Endless Agony"],"picked":"SKIP","floor":6.0},{"not_picked":["Glass Knife","Flying Knee","Slice"],"picked":"SKIP","floor":8.0},{"not_picked":["Tactician","Prepared"],"picked":"Acrobatics","floor":11.0},{"not_picked":["Glass Knife","Bullet Time"],"picked":"After Image+1","floor":16.0},{"not_picked":["Dash","Dagger Spray","Deadly Poison"],"picked":"SKIP","floor":18.0},{"not_picked":["Deadly Poison","Sucker Punch","Dash+1"],"picked":"SKIP","floor":20.0},{"not_picked":["Deadly Poison","Sucker Punch","Dash+1"],"picked":"SKIP","floor":20.0},{"not_picked":["Skewer","Outmaneuver+1","Quick Slash"],"picked":"SKIP","floor":21.0},{"not_picked":["Die Die Die","Corpse Explosion"],"picked":"Blur+1","floor":25.0},{"not_picked":["Wraith Form v2+1","Dagger Throw","Deadly Poison"],"picked":"SKIP","floor":28.0},{"not_picked":["Dagger Spray","Quick Slash+1","Expertise"],"picked":"SKIP","floor":29.0},{"not_picked":["Noxious Fumes+1","Bane","Well Laid Plans+1"],"picked":"SKIP","floor":30.0},{"not_picked":["Setup","Prepared","Endless Agony+1"],"picked":"SKIP","floor":31.0},{"not_picked":["Corpse Explosion","Night Terror"],"picked":"Malaise","floor":33.0},{"not_picked":["Dagger Spray+1","Accuracy+1","Flying Knee+1"],"picked":"SKIP","floor":35.0},{"not_picked":["Blind","Apotheosis"],"picked":"Purity","floor":36.0},{"not_picked":["Quick Slash+1","Deflect","Escape Plan"],"picked":"SKIP","floor":41.0},{"not_picked":["Caltrops+1","Tactician","Glass Knife+1"],"picked":"SKIP","floor":45.0},{"not_picked":["Dagger Spray+1","Distraction","Underhanded Strike+1"],"picked":"SKIP","floor":47.0},{"not_picked":["Bane+1","Underhanded Strike+1","Burst"],"picked":"SKIP","floor":55.0}],"player_experience":3036899,"relics_obtained":[{"floor":6.0,"key":"Frozen Egg 2"},{"floor":9.0,"key":"The Courier"},{"floor":11.0,"key":"Centennial Puzzle"},{"floor":25.0,"key":"Ornamental Fan"},{"floor":25.0,"key":"FossilizedHelix"},{"floor":26.0,"key":"Meat on the Bone"},{"floor":28.0,"key":"Mummified Hand"},{"floor":28.0,"key":"Turnip"},{"floor":30.0,"key":"Bag of Marbles"},{"floor":30.0,"key":"Molten Egg 2"},{"floor":41.0,"key":"Shuriken"},{"floor":41.0,"key":"Pantograph"},{"floor":45.0,"key":"Juzu Bracelet"},{"floor":45.0,"key":"MawBank"},{"floor":55.0,"key":"Kunai"},{"floor":55.0,"key":"Bottled Tornado"}],"event_choices":[{"damage_healed":0.0,"max_hp_gain":0.0,"max_hp_loss":0.0,"gold_gain":0.0,"event_name":"Match and Keep!","player_choice":"1 cards matched","floor":3.0,"gold_loss":0.0,"damage_taken":0.0,"cards_obtained":["Adrenaline"]},{"damage_healed":0.0,"max_hp_gain":0.0,"max_hp_loss":0.0,"gold_gain":0.0,"event_name":"Match and Keep!","player_choice":"1 cards matched","floor":3.0,"gold_loss":0.0,"damage_taken":0.0,"cards_obtained":["Adrenaline"]},{"damage_healed":0.0,"max_hp_gain":0.0,"max_hp_loss":0.0,"gold_gain":0.0,"event_name":"The Cleric","player_choice":"Leave","floor":12.0,"gold_loss":0.0,"damage_taken":0.0},{"damage_healed":0.0,"max_hp_gain":0.0,"max_hp_loss":0.0,"gold_gain":0.0,"event_name":"Dead Adventurer","player_choice":"Searched \u00270\u0027 times","floor":14.0,"gold_loss":0.0,"damage_taken":0.0},{"damage_healed":0.0,"max_hp_gain":0.0,"max_hp_loss":0.0,"gold_gain":0.0,"event_name":"The Woman in Blue","player_choice":"Bought 0 Potions","floor":22.0,"gold_loss":0.0,"damage_taken":0.0},{"damage_healed":0.0,"max_hp_gain":0.0,"max_hp_loss":0.0,"gold_gain":0.0,"event_name":"The Library","player_choice":"Read","floor":27.0,"gold_loss":0.0,"damage_taken":0.0,"cards_obtained":["Expertise"]},{"damage_healed":0.0,"max_hp_gain":0.0,"max_hp_loss":0.0,"gold_gain":0.0,"event_name":"SensoryStone","player_choice":"Memory 3","floor":36.0,"gold_loss":0.0,"damage_taken":10.0},{"damage_healed":0.0,"max_hp_gain":0.0,"max_hp_loss":0.0,"gold_gain":0.0,"event_name":"Mysterious Sphere","player_choice":"Fight","floor":38.0,"gold_loss":0.0,"damage_taken":0.0},{"damage_healed":0.0,"max_hp_gain":0.0,"max_hp_loss":0.0,"gold_gain":0.0,"event_name":"Tomb of Lord Red Mask","player_choice":"Ignored","floor":39.0,"gold_loss":0.0,"damage_taken":0.0},{"cards_removed":["Well Laid Plans"],"damage_healed":0.0,"max_hp_gain":0.0,"max_hp_loss":0.0,"gold_gain":0.0,"event_name":"Purifier","player_choice":"Purged","floor":48.0,"gold_loss":0.0,"damage_taken":0.0}],"is_beta":false,"boss_relics":[{"not_picked":["Lizard Tail","White Beast Statue"],"picked":"Black Star"},{"not_picked":["HoveringKite","Coffee Dripper"],"picked":"Astrolabe"}],"items_purged_floors":[4,10,19,37,54],"is_endless":false,"potions_floor_spawned":[2,6,8,11,18,21,28,31,45],"ascension_level":20}