{"gold_per_floor":[112,128,140,150,165,165,165,165,241,274,293,293,323,335,335,411,411,422,432,449,465,465,465,500,500,500,500,528,528,563,613,613,687,687,707,225,225,241,241,269,286,317,317,317,352,352,352,383,383,383,383,383,383,55,80,80],"floor_reached":57,"playtime":5141,"items_purged":["Anger","Doubt"],"score":2876,"play_id":"5b15f18f-c7e8-4aa6-938c-f12aa822d4c6","local_time":"20190304154340","is_ascension_mode":true,"campfire_choices":[{"data":"Bash","floor":6,"key":"SMITH"},{"data":"True Grit","floor":8,"key":"SMITH"},{"data":"Uppercut","floor":12,"key":"SMITH"},{"data":"Juggernaut","floor":15,"key":"SMITH"},{"floor":23,"key":"REST"},{"data":"Immolate","floor":25,"key":"SMITH"},{"data":"Sentinel","floor":29,"key":"SMITH"},{"floor":32,"key":"REST"},{"floor":44,"key":"RECALL"},{"data":"Feel No Pain","floor":46,"key":"SMITH"},{"data":"Armaments","floor":49,"key":"SMITH"},{"floor":53,"key":"REST"}],"neow_cost":"NONE","seed_source_timestamp":3042787188711000,"circlet_count":0,"master_deck":["AscendersBane","Strike_R+1","Strike_R+1","Strike_R+1","Strike_R+1","Defend_R+1","Defend_R+1","Defend_R+1","Defend_R+1","Bash+1","Cleave","Uppercut+1","True Grit+1","Armaments+1","Metallicize","Evolve","Juggernaut+1","Immolate+1","Corruption","Flame Barrier+1","Metallicize","Sentinel+1","Reaper","Burning Pact","Feel No Pain+1","Shrug It Off","Dual Wield","Shrug It Off","Blind","Disarm","Corruption","Shrug It Off","Shrug It Off"],"relics":["Burning Blood","NeowsBlessing","Mummified Hand","Mango","Ancient Tea Set","Snecko Eye","Singing Bowl","Bottled Tornado","Juzu Bracelet","Regal Pillow","Cursed Key","Lantern","Boot","Bird Faced Urn","Torii","Prayer Wheel","Shuriken"],"potions_floor_usage":[10,16,16,20,51,55,55,55,56],"damage_taken":[{"damage":0,"enemies":"Cultist","floor":1,"turns":1},{"damage":0,"enemies":"Jaw Worm","floor":2,"turns":1},{"damage":0,"enemies":"Small Slimes","floor":3,"turns":1},{"damage":6,"enemies":"2 Fungi Beasts","floor":4,"turns":3},{"damage":2,"enemies":"Looter","floor":5,"turns":5},{"damage":28,"enemies":"3 Sentries","floor":10,"turns":9},{"damage":12,"enemies":"Lots of Slimes","floor":11,"turns":4},{"damage":20,"enemies":"Lagavulin","floor":13,"turns":8},{"damage":13,"enemies":"Large Slime","floor":14,"turns":5},{"damage":4,"enemies":"Hexaghost","floor":16,"turns":8},{"damage":21,"enemies":"2 Thieves","floor":18,"turns":3},{"damage":0,"enemies":"Chosen","floor":19,"turns":3},{"damage":12,"enemies":"Snake Plant","floor":20,"turns":3},{"damage":18,"enemies":"Shelled Parasite and Fungi","floor":21,"turns":4},{"damage":20,"enemies":"Slavers","floor":24,"turns":5},{"damage":0,"enemies":"Gremlin Leader","floor":28,"turns":4},{"damage":15,"enemies":"Slavers","floor":30,"turns":3},{"damage":48,"enemies":"Champ","floor":33,"turns":9},{"damage":3,"enemies":"3 Darklings","floor":35,"turns":6},{"damage":0,"enemies":"3 Shapes","floor":38,"turns":2},{"damage":29,"enemies":"Reptomancer","floor":40,"turns":5},{"damage":0,"enemies":"Maw","floor":41,"turns":6},{"damage":13,"enemies":"Giant Head","floor":42,"turns":6},{"damage":2,"enemies":"Reptomancer","floor":45,"turns":4},{"damage":4,"enemies":"Nemesis","floor":48,"turns":7},{"damage":53,"enemies":"Time Eater","floor":50,"turns":12},{"damage":71,"enemies":"Awakened One","floor":51,"turns":19},{"damage":47,"enemies":"Shield and Spear","floor":55,"turns":5},{"damage":30,"enemies":"The Heart","floor":56,"turns":10}],"seed_played":"-5552968538967708701","potions_obtained":[{"floor":2,"key":"GamblersBrew"},{"floor":5,"key":"Strength Potion"},{"floor":10,"key":"AttackPotion"},{"floor":14,"key":"Dexterity Potion"},{"floor":18,"key":"AttackPotion"},{"floor":19,"key":"Fire Potion"},{"floor":33,"key":"BloodPotion"},{"floor":41,"key":"Dexterity Potion"}],"is_trial":false,"path_per_floor":["M","M","M","M","M","R","?","R","T","E","M","R","E","M","R","B",null,"M","M","M","M","?","R","E","R","T","?","E","R","E","?","R","B",null,"M","$","?","M","?","E","M","E","T","R","E","R","?","E","R","B","B",null,"R","$","E","B",null],"character_chosen":"IRONCLAD","items_purchased":["Feel No Pain","Shrug It Off","EntropicBrew","Lantern","Block Potion","Disarm","Corruption","Shrug It Off"],"campfire_rested":3,"item_purchase_floors":[36,36,36,36,54,54,54,54],"current_hp_per_floor":[74,75,75,75,75,75,64,64,64,56,50,50,36,29,29,31,75,60,66,60,48,48,74,62,62,62,62,70,70,63,63,95,53,85,88,88,88,90,90,69,82,85,85,85,96,96,90,102,102,69,32,85,102,102,73,72],"gold":80,"neow_bonus":"THREE_ENEMY_KILL","is_prod":false,"is_daily":false,"chose_seed":false,"campfire_upgraded":8,"win_rate":0,"timestamp":1551714220,"path_taken":["M","?","M","M","M","R","?","R","T","E","?","R","E","M","R","BOSS","M","?","M","M","?","R","E","R","T","?","E","R","E","?","R","BOSS","M","$","?","M","?","E","M","E","T","R","E","R","?","E","R","BOSS","BOSS","R","$","E","BOSS"],"build_version":"2019-01-23","purchased_purges":2,"victory":true,"max_hp_per_floor":[75,75,75,75,75,75,75,75,75,89,89,89,89,89,89,89,89,89,89,89,89,89,89,91,91,91,91,93,93,95,95,95,95,95,95,95,90,90,90,92,94,96,96,96,96,96,100,102,102,102,102,102,102,102,102,102],"card_choices":[{"not_picked":["Flex","Sword Boomerang"],"picked":"Cleave","floor":1},{"not_picked":["Clash","Twin Strike"],"picked":"Uppercut","floor":2},{"not_picked":["Wild Strike","Demon Form"],"picked":"True Grit","floor":3},{"not_picked":["Warcry","Clash"],"picked":"Armaments","floor":4},{"not_picked":["Sword Boomerang","Second Wind"],"picked":"Anger","floor":5},{"not_picked":["Sword Boomerang","Carnage"],"picked":"Metallicize","floor":10},{"not_picked":["Heavy Blade","Seeing Red","True Grit"],"picked":"SKIP","floor":11},{"not_picked":["Iron Wave","Reckless Charge"],"picked":"Evolve","floor":13},{"not_picked":["Seeing Red","Warcry"],"picked":"Juggernaut","floor":14},{"not_picked":["Reaper","Bludgeon"],"picked":"Immolate","floor":16},{"not_picked":["Ghostly Armor","Rupture","Armaments"],"picked":"SKIP","floor":18},{"not_picked":["Burning Pact","Flex"],"picked":"Corruption","floor":19},{"not_picked":["Headbutt","Perfected Strike"],"picked":"Flame Barrier+1","floor":20},{"not_picked":["Pommel Strike","Burning Pact"],"picked":"Metallicize","floor":21},{"not_picked":["Limit Break","Flex","Bloodletting"],"picked":"Singing Bowl","floor":24},{"not_picked":["Havoc","Fire Breathing","Body Slam"],"picked":"Singing Bowl","floor":28},{"not_picked":["Armaments","Sentinel","Heavy Blade"],"picked":"Singing Bowl","floor":30},{"not_picked":["Juggernaut","Exhume"],"picked":"Reaper","floor":33},{"not_picked":["Thunderclap","Iron Wave"],"picked":"Burning Pact","floor":35},{"not_picked":["Clash","Rupture+1"],"picked":"Dual Wield","floor":38},{"not_picked":["Clash","Anger+1","Carnage"],"picked":"Singing Bowl","floor":40},{"not_picked":["Warcry","Iron Wave","Headbutt+1"],"picked":"Singing Bowl","floor":41},{"not_picked":["Headbutt","Rampage+1","Power Through"],"picked":"Singing Bowl","floor":42},{"not_picked":["Pommel Strike","Flex"],"picked":"Shrug It Off","floor":45},{"not_picked":["Deep Breath","HandOfGreed","Dramatic Entrance"],"picked":"Singing Bowl","floor":47},{"not_picked":["Good Instincts","Impatience"],"picked":"Blind","floor":47},{"not_picked":["Magnetism","Panacea","Secret Technique"],"picked":"Singing Bowl","floor":47},{"not_picked":["Reaper","Heavy Blade+1","Power Through"],"picked":"Singing Bowl","floor":48},{"not_picked":["Iron Wave","Corruption"],"picked":"Shrug It Off","floor":55}],"player_experience":2210295,"relics_obtained":[{"floor":9,"key":"Mummified Hand"},{"floor":10,"key":"Mango"},{"floor":13,"key":"Ancient Tea Set"},{"floor":24,"key":"Singing Bowl"},{"floor":26,"key":"Bottled Tornado"},{"floor":28,"key":"Juzu Bracelet"},{"floor":30,"key":"Regal Pillow"},{"floor":40,"key":"Boot"},{"floor":42,"key":"Bird Faced Urn"},{"floor":45,"key":"Torii"},{"floor":48,"key":"Prayer Wheel"},{"floor":55,"key":"Shuriken"}],"event_choices":[{"damage_healed":0,"gold_gain":0,"player_choice":"Damaged","damage_taken":11,"max_hp_gain":0,"max_hp_loss":0,"event_name":"Wheel of Change","floor":7,"gold_loss":0},{"damage_healed":0,"gold_gain":0,"player_choice":"Read","damage_taken":0,"max_hp_gain":0,"max_hp_loss":0,"event_name":"The Library","floor":22,"gold_loss":0,"cards_obtained":["Sentinel"]},{"damage_healed":0,"gold_gain":0,"player_choice":"Simplicity","damage_taken":0,"max_hp_gain":0,"max_hp_loss":0,"event_name":"Back to Basics","floor":27,"gold_loss":0,"cards_upgraded":["Strike_R","Strike_R","Strike_R","Strike_R","Strike_R","Defend_R","Defend_R","Defend_R","Defend_R"]},{"damage_healed":0,"gold_gain":50,"player_choice":"Stole From Cult","damage_taken":0,"max_hp_gain":0,"max_hp_loss":0,"event_name":"Nest","floor":31,"gold_loss":0},{"damage_healed":0,"gold_gain":0,"player_choice":"Max HP","damage_taken":0,"max_hp_gain":0,"max_hp_loss":5,"event_name":"Winding Halls","floor":37,"gold_loss":0},{"cards_removed":["Strike_R"],"damage_healed":0,"gold_gain":0,"player_choice":"Purged","damage_taken":0,"max_hp_gain":0,"max_hp_loss":0,"event_name":"Purifier","floor":39,"gold_loss":0},{"damage_healed":0,"gold_gain":0,"player_choice":"Memory 3","damage_taken":10,"max_hp_gain":0,"max_hp_loss":0,"event_name":"SensoryStone","floor":47,"gold_loss":0}],"is_beta":false,"boss_relics":[{"not_picked":["Tiny House","Empty Cage"],"picked":"Snecko Eye"},{"not_picked":["Calling Bell","Runic Dome"],"picked":"Cursed Key"}],"items_purged_floors":[36,54],"is_endless":false,"potions_floor_spawned":[2,5,10,14,18,19,33,38,41,42],"ascension_level":20}