{"path_per_floor":["M","?","M","?","M","R","E","$","T","M","R","M","E","?","R","B",null,"M","M","?","?","M","R","M","M","T","M","?","T","M","M","R","B",null,"M","$","?","$","?","R","?","R","T","M","M","?","?","T","R","B"],"character_chosen":"THE_SILENT","items_purchased":["Footwork","Bottled Tornado","Panache"],"gold_per_floor":[109,109,124,74,91,91,124,49,49,19,19,31,65,65,65,164,164,176,190,190,113,131,131,147,162,212,225,225,303,322,340,340,441,441,459,135,235,58,113,113,113,113,137,157,167,0,0,0,0,0],"floor_reached":51,"campfire_rested":2,"playtime":11841,"item_purchase_floors":[36,36,38],"current_hp_per_floor":[68,68,65,65,65,65,36,36,36,34,34,33,28,21,42,33,70,69,69,69,69,69,69,62,29,29,29,29,29,29,26,47,27,70,70,70,70,70,64,70,61,70,70,65,61,61,61,61,70,33],"items_purged":["Defend_G"],"gold":0,"score":630,"play_id":"2d2023db-6f32-4400-901d-50603fd2c392","local_time":"20180525175929","is_prod":false,"is_daily":false,"chose_seed":false,"is_ascension_mode":false,"campfire_upgraded":6,"win_rate":0,"timestamp":1527296369,"campfire_choices":[{"data":"Phantasmal Killer","floor":6.0,"key":"SMITH"},{"data":"Cloak And Dagger","floor":11.0,"key":"SMITH"},{"floor":15.0,"key":"REST"},{"data":"Noxious Fumes","floor":23.0,"key":"SMITH"},{"floor":32,"key":"REST"},{"data":"Footwork","floor":40,"key":"SMITH"},{"data":"Bullet Time","floor":42,"key":"SMITH"},{"data":"Madness","floor":49,"key":"SMITH"}],"path_taken":["M","?","M","?","M","R","E","?","T","M","R","?","E","?","R","BOSS","M","M","?","?","M","R","?","M","T","M","?","?","?","M","R","BOSS","M","$","?","?","?","R","?","R","T","?","M","?","?","?","R","BOSS"],"build_version":"2018-05-24","seed_source_timestamp":0,"purchased_purges":1,"victory":true,"master_deck":["Defend_G","Defend_G","Strike_G","Strike_G","Survivor","Neutralize","Phantasmal Killer+1","PiercingWail","Dagger Spray","Backflip","Cloak And Dagger+1","Choke+1","Leg Sweep","Finisher+1","Bullet Time+1","Tools of the Trade+1","Corpse Explosion+1","Cloak And Dagger+1","Quick Slash+1","Riddle With Holes+1","Noxious Fumes+1","J.A.X.","Prepared+1","Slice+1","Dash+1","Night Terror","Cloak And Dagger+1","Footwork+1","Panache","Madness+1","Madness","Backflip+1","Well Laid Plans+1"],"max_hp_per_floor":[70,70,70,70,70,70,70,70,70,70,70,70,70,70,70,70,70,70,70,70,70,70,70,70,70,70,70,70,70,70,70,70,70,70,70,70,70,70,70,70,70,70,70,70,70,70,70,70,70,70],"relics":["Ring of the Snake","Peace Pipe","Molten Egg 2","Oddly Smooth Stone","Astrolabe","Bag of Preparation","Dodecahedron","Eternal Feather","Bottled Tornado","Unceasing Top","Regal Pillow","Red Mask"],"card_choices":[{"not_picked":["Terror","Endless Agony"],"picked":"PiercingWail","floor":1.0},{"not_picked":["Prepared","Dodge and Roll"],"picked":"Dagger Spray","floor":3.0},{"not_picked":["Reflex","Outmaneuver"],"picked":"Backflip","floor":5.0},{"not_picked":["Infinite Blades","Underhanded Strike"],"picked":"Cloak And Dagger","floor":7.0},{"not_picked":["Flying Knee+1","Blade Dance"],"picked":"Choke+1","floor":10.0},{"not_picked":["Dagger Spray+1","Calculated Gamble"],"picked":"Leg Sweep","floor":12.0},{"not_picked":["Corpse Explosion+1","Dagger Spray+1"],"picked":"Finisher+1","floor":13.0},{"not_picked":["Corpse Explosion+1","Tactician"],"picked":"Bullet Time","floor":16.0},{"not_picked":["Poisoned Stab+1","All Out Attack+1"],"picked":"Quick Slash+1","floor":18.0},{"not_picked":["Dagger Throw+1","Acrobatics"],"picked":"Riddle With Holes+1","floor":19.0},{"not_picked":["PiercingWail","Poisoned Stab+1"],"picked":"Prepared+1","floor":22.0},{"not_picked":["Heel Hook+1","Expertise+1","Dodge and Roll"],"picked":"SKIP","floor":24.0},{"not_picked":["Eviscerate+1","Underhanded Strike+1"],"picked":"Slice+1","floor":25.0},{"not_picked":["Endless Agony+1","Deadly Poison","Flying Knee+1"],"picked":"SKIP","floor":27},{"not_picked":["Dagger Throw+1","Choke+1","Masterful Stab+1"],"picked":"SKIP","floor":30},{"not_picked":["Poisoned Stab+1","Backstab+1"],"picked":"Dash+1","floor":31},{"not_picked":["Burst","Wraith Form v2"],"picked":"Night Terror","floor":33},{"not_picked":["Masterful Stab+1","Flechettes+1"],"picked":"Cloak And Dagger+1","floor":35},{"not_picked":["Bane+1","Slice+1"],"picked":"Backflip+1","floor":44},{"not_picked":["Unload+1","Choke+1"],"picked":"Well Laid Plans+1","floor":45}],"player_experience":332720,"potions_floor_usage":[30,39,50,50],"damage_taken":[{"damage":2.0,"enemies":"Small Slimes","floor":1.0,"turns":5.0},{"damage":3.0,"enemies":"Jaw Worm","floor":3.0,"turns":6.0},{"damage":0.0,"enemies":"2 Louse","floor":5.0,"turns":3.0},{"damage":29.0,"enemies":"Gremlin Nob","floor":7.0,"turns":6.0},{"damage":2.0,"enemies":"Looter","floor":10.0,"turns":4.0},{"damage":1.0,"enemies":"Blue Slaver","floor":12.0,"turns":4.0},{"damage":5.0,"enemies":"Lagavulin","floor":13.0,"turns":8.0},{"damage":9.0,"enemies":"The Guardian","floor":16.0,"turns":14.0},{"damage":1.0,"enemies":"2 Thieves","floor":18.0,"turns":4.0},{"damage":0.0,"enemies":"3 Byrds","floor":19.0,"turns":4.0},{"damage":0.0,"enemies":"Snake Plant","floor":22.0,"turns":4.0},{"damage":7.0,"enemies":"Centurion and Healer","floor":24.0,"turns":5.0},{"damage":33.0,"enemies":"Slaver and Parasite","floor":25.0,"turns":6.0},{"damage":0.0,"enemies":"Snecko","floor":27.0,"turns":4.0},{"damage":0,"enemies":"Centurion and Healer","floor":30,"turns":5},{"damage":3,"enemies":"3 Cultists","floor":31,"turns":4},{"damage":20,"enemies":"Collector","floor":33,"turns":8},{"damage":0,"enemies":"Orb Walker","floor":35,"turns":2},{"damage":6,"enemies":"Mysterious Sphere","floor":39,"turns":6},{"damage":5,"enemies":"3 Darklings","floor":44,"turns":5},{"damage":4,"enemies":"Sphere and 2 Shapes","floor":45,"turns":5},{"damage":37,"enemies":"Donu and Deca","floor":50,"turns":8}],"relics_obtained":[{"floor":7.0,"key":"Peace Pipe"},{"floor":9.0,"key":"Molten Egg 2"},{"floor":13.0,"key":"Oddly Smooth Stone"},{"floor":26.0,"key":"Bag of Preparation"},{"floor":29,"key":"Dodecahedron"},{"floor":39,"key":"Unceasing Top"},{"floor":43,"key":"Regal Pillow"}],"event_choices":[{"event_name":"Liars Game","player_choice":"disagreed","floor":2.0,"damage_taken":0.0},{"event_name":"The Cleric","player_choice":"Card Removal","floor":4.0,"damage_taken":0.0},{"event_name":"Golden Wing","player_choice":"Card Removal","floor":14.0,"damage_taken":0.0},{"event_name":"The Library","player_choice":"Read","floor":20.0,"damage_taken":0.0},{"event_name":"Drug Dealer","player_choice":"Got JAXXED","floor":21.0,"damage_taken":0.0},{"event_name":"Beggar","player_choice":"Ignored","floor":28,"damage_taken":0},{"event_name":"Golden Shrine","player_choice":"Pray","floor":37,"damage_taken":0},{"event_name":"Mysterious Sphere","player_choice":"Fight","floor":39,"damage_taken":0},{"event_name":"Winding Halls","player_choice":"Embrace Madness","floor":41,"damage_taken":0},{"event_name":"Tomb of Lord Red Mask","player_choice":"Paid","floor":46,"damage_taken":0},{"event_name":"The Lab","player_choice":"Got Potions","floor":47,"damage_taken":0}],"boss_relics":[{"not_picked":["Tiny House","Pandora\u0027s Box"],"picked":"Eternal Feather"}],"items_purged_floors":[],"potions_floor_spawned":[1,5,13,24,25,31,35],"seed_played":"-6226804080788101545","ascension_level":0,"potions_obtained":[{"floor":1.0,"key":"Block Potion"},{"floor":5.0,"key":"Ancient Potion"},{"floor":13.0,"key":"Weak Potion"},{"floor":24.0,"key":"PowerPotion"},{"floor":25.0,"key":"Energy Potion"},{"floor":31,"key":"Explosive Potion"},{"floor":35,"key":"Weak Potion"},{"floor":47,"key":"SpeedPotion"},{"floor":47,"key":"AttackPotion"}],"is_trial":false}