{"gold_per_floor":[364,25,45,55,66,86,96,96,96,111,139,151,177,215,227,313,325,356,1,15,28,46,73,73,103,103,25,25,45,45,57,57,131,131,150,150,161,39,50,50,79,92,92,92,109,109,136,186,186,186],"floor_reached":51,"playtime":4981,"items_purged":["Defend_G"],"score":1317,"play_id":"24a2c991-95a0-4016-992b-929f0b18890c","local_time":"20180801213033","is_ascension_mode":true,"campfire_choices":[{"data":"Neutralize","floor":8.0,"key":"SMITH"},{"data":"Cloak And Dagger","floor":12.0,"key":"SMITH"},{"floor":15.0,"key":"REST"},{"floor":24.0,"key":"REST"},{"data":"A Thousand Cuts","floor":28.0,"key":"SMITH"},{"floor":32.0,"key":"REST"},{"data":"Finisher","floor":40,"key":"SMITH"},{"floor":46,"key":"REST"},{"floor":49,"key":"REST"}],"neow_cost":"FIFTY_PERCENT_DAMAGE","seed_source_timestamp":45013906738776,"circlet_count":0,"master_deck":["Defend_G","Defend_G","Defend_G","Defend_G","Strike_G+1","Strike_G","Strike_G","Survivor","Neutralize+1","AscendersBane","Leg Sweep","Footwork","Dagger Spray+1","Finisher+1","Well Laid Plans","Backstab","Terror","Cloak And Dagger+1","Tools of the Trade","Footwork","Cloak And Dagger+1","PiercingWail","Expertise+1","Distraction+1","A Thousand Cuts+1","Cloak And Dagger+1","Bullet Time+1","Cloak And Dagger+1","Writhe","Cloak And Dagger+1","Footwork+1","Backflip+1","Blur+1"],"special_seed":0,"relics":["Ring of the Snake","Ninja Scroll","Lantern","MawBank","Ancient Tea Set","Empty Cage","Incense Burner","Pantograph","Toxic Egg 2","Ornamental Fan","Sozu","Whetstone","The Specimen","Bottled Flame","Gambling Chip"],"potions_floor_usage":[33,33],"damage_taken":[{"damage":1.0,"enemies":"Cultist","floor":1.0,"turns":4.0},{"damage":0.0,"enemies":"Small Slimes","floor":3.0,"turns":4.0},{"damage":2.0,"enemies":"Jaw Worm","floor":4.0,"turns":4.0},{"damage":1.0,"enemies":"3 Louse","floor":5.0,"turns":3.0},{"damage":2.0,"enemies":"Blue Slaver","floor":6.0,"turns":5.0},{"damage":0.0,"enemies":"2 Fungi Beasts","floor":7.0,"turns":4.0},{"damage":1.0,"enemies":"Lots of Slimes","floor":10.0,"turns":3.0},{"damage":4.0,"enemies":"3 Sentries","floor":11.0,"turns":7.0},{"damage":2.0,"enemies":"Red Slaver","floor":13.0,"turns":2.0},{"damage":0.0,"enemies":"Gremlin Nob","floor":14.0,"turns":2.0},{"damage":22.0,"enemies":"Hexaghost","floor":16.0,"turns":10.0},{"damage":0.0,"enemies":"3 Byrds","floor":18.0,"turns":4.0},{"damage":4.0,"enemies":"2 Thieves","floor":20.0,"turns":4.0},{"damage":3.0,"enemies":"Centurion and Healer","floor":21.0,"turns":7.0},{"damage":0.0,"enemies":"Snecko","floor":22.0,"turns":8.0},{"damage":14.0,"enemies":"Gremlin Leader","floor":23.0,"turns":8.0},{"damage":8.0,"enemies":"Slavers","floor":25.0,"turns":7.0},{"damage":14.0,"enemies":"Snake Plant","floor":29.0,"turns":6.0},{"damage":11.0,"enemies":"Sentry and Sphere","floor":31.0,"turns":5.0},{"damage":55,"enemies":"Champ","floor":33,"turns":15},{"damage":0,"enemies":"Orb Walker","floor":35,"turns":2},{"damage":8,"enemies":"Flame Bruiser 1 Orb","floor":37,"turns":7},{"damage":0,"enemies":"4 Shapes","floor":39,"turns":4},{"damage":48,"enemies":"Giant Head","floor":41,"turns":9},{"damage":0,"enemies":"Spire Growth","floor":42,"turns":4},{"damage":0,"enemies":"3 Darklings","floor":45,"turns":3},{"damage":8,"enemies":"Nemesis","floor":47,"turns":9},{"damage":0,"floor":48,"turns":3},{"damage":5,"enemies":"Awakened One","floor":50,"turns":22}],"seed_played":"-5259170275723937103","potions_obtained":[{"floor":3.0,"key":"Fire Potion"},{"floor":4.0,"key":"Energy Potion"},{"floor":14.0,"key":"SpeedPotion"},{"floor":18.0,"key":"Poison Potion"}],"is_trial":false,"path_per_floor":["M","$","M","M","M","M","M","R","T","M","E","R","M","E","R","B",null,"M","$","M","M","M","E","R","E","T","$","R","M","$","M","R","B",null,"M","?","M","$","M","R","E","M","T","$","M","R","E","?","R","B"],"character_chosen":"THE_SILENT","items_purchased":["Footwork","Ninja Scroll","Footwork","Incense Burner","A Thousand Cuts","Cloak And Dagger+1"],"campfire_rested":5,"item_purchase_floors":[2,2,19,19,27,38],"current_hp_per_floor":[29,29,29,27,26,24,24,24,24,23,19,19,17,17,36,14,53,53,53,49,46,46,32,51,43,43,43,43,29,29,18,37,7,51,51,64,56,56,56,56,8,8,8,8,8,27,19,19,38,58],"gold":186,"neow_bonus":"TWO_FIFTY_GOLD","is_prod":false,"is_daily":false,"chose_seed":false,"campfire_upgraded":4,"win_rate":0,"timestamp":1533184233,"path_taken":["M","$","?","M","M","M","M","R","T","M","E","R","M","E","R","BOSS","M","$","M","M","M","E","R","E","T","$","R","M","$","?","R","BOSS","M","?","M","$","M","R","E","M","T","$","M","R","E","?","R","BOSS"],"build_version":"2018-07-26","purchased_purges":1,"victory":true,"max_hp_per_floor":[66,66,66,66,66,66,66,66,66,66,66,66,66,66,66,66,66,66,66,66,66,66,66,66,66,66,66,66,66,66,66,66,66,66,66,66,66,66,66,66,66,66,66,66,66,66,66,66,66,66],"card_choices":[{"not_picked":["Quick Slash","Footwork"],"picked":"Leg Sweep","floor":1.0},{"not_picked":["Sucker Punch","Bouncing Flask"],"picked":"Dagger Spray","floor":3.0},{"not_picked":["Choke","Quick Slash"],"picked":"Finisher","floor":4.0},{"not_picked":["Masterful Stab","Backflip"],"picked":"Well Laid Plans","floor":5.0},{"not_picked":["Heel Hook","Dodge and Roll","Deflect"],"picked":"SKIP","floor":6.0},{"not_picked":["PiercingWail","Tactician"],"picked":"Backstab","floor":7.0},{"not_picked":["Slice","Catalyst"],"picked":"Terror","floor":10.0},{"not_picked":["Dagger Throw","Phantasmal Killer"],"picked":"Cloak And Dagger","floor":11.0},{"not_picked":["Sucker Punch","Dodge and Roll","Slice"],"picked":"SKIP","floor":13.0},{"not_picked":["Terror","Outmaneuver"],"picked":"Tools of the Trade","floor":14.0},{"not_picked":["Noxious Fumes","Outmaneuver","Dodge and Roll"],"picked":"SKIP","floor":18.0},{"not_picked":["Deflect","Slice","Well Laid Plans"],"picked":"SKIP","floor":20.0},{"not_picked":["Expertise","Dodge and Roll"],"picked":"Cloak And Dagger+1","floor":21.0},{"not_picked":["Riddle With Holes+1","Calculated Gamble"],"picked":"PiercingWail","floor":22.0},{"not_picked":["Corpse Explosion","Poisoned Stab"],"picked":"Expertise+1","floor":23.0},{"not_picked":["Dodge and Roll","Catalyst"],"picked":"Distraction","floor":25.0},{"not_picked":["Sucker Punch","Infinite Blades","Dagger Spray"],"picked":"SKIP","floor":29.0},{"not_picked":["Poisoned Stab","Flying Knee"],"picked":"Cloak And Dagger+1","floor":31.0},{"not_picked":["Phantasmal Killer+1","Corpse Explosion+1"],"picked":"Bullet Time+1","floor":33},{"not_picked":["Setup+1","Outmaneuver+1"],"picked":"Cloak And Dagger+1","floor":35},{"not_picked":["Concentrate+1","Infinite Blades","Caltrops"],"picked":"SKIP","floor":37},{"not_picked":["Endless Agony","Well Laid Plans","Riddle With Holes"],"picked":"SKIP","floor":39},{"not_picked":["Glass Knife","Deflect+1"],"picked":"Footwork+1","floor":41},{"not_picked":["Catalyst+1","Skewer"],"picked":"Backflip+1","floor":42},{"not_picked":["Deadly Poison+1","Dagger Spray","Riddle With Holes"],"picked":"SKIP","floor":45},{"not_picked":["Accuracy","Backstab","Heel Hook"],"picked":"SKIP","floor":47},{"not_picked":["Prepared+1","Slice"],"picked":"Blur+1","floor":48}],"player_experience":971302,"relics_obtained":[{"floor":9.0,"key":"Lantern"},{"floor":11.0,"key":"MawBank"},{"floor":14.0,"key":"Ancient Tea Set"},{"floor":23.0,"key":"Pantograph"},{"floor":25.0,"key":"Toxic Egg 2"},{"floor":26.0,"key":"Ornamental Fan"},{"floor":41,"key":"Whetstone"},{"floor":43,"key":"The Specimen"},{"floor":47,"key":"Bottled Flame"},{"floor":48,"key":"Gambling Chip"}],"event_choices":[{"event_name":"Winding Halls","player_choice":"Writhe","floor":36,"damage_taken":0},{"event_name":"Mysterious Sphere","player_choice":"Fight","floor":48,"damage_taken":0}],"is_beta":false,"boss_relics":[{"not_picked":["HoveringKite","Lizard Tail"],"picked":"Empty Cage"},{"not_picked":["Fusion Hammer","Astrolabe"],"picked":"Sozu"}],"items_purged_floors":[38],"is_endless":false,"potions_floor_spawned":[3,4,7,10,11,14,18,20,22,42,48],"ascension_level":15}