{"gold_per_floor":[364,384,559,559,14,59,59,90,115,115,168,178,178,219,219,339,339,385,385,238,238,261,261,140,140,140,190,214,233,233,283,283,373,373,394,247,288,309,309,309,345,345,345,18,18,53,53,66,66,66],"floor_reached":51,"playtime":1484,"items_purged":["Strike_R","Strike_R"],"score":1172,"play_id":"71e2ae2d-15f7-47f3-9e75-c92892be7fc4","local_time":"25611114173607","is_ascension_mode":true,"campfire_choices":[{"floor":7.0,"key":"REST"},{"data":"HandOfGreed","floor":10.0,"key":"SMITH"},{"floor":15.0,"key":"REST"},{"data":"Berserk","floor":23.0,"key":"SMITH"},{"data":"Armaments","floor":25.0,"key":"SMITH"},{"floor":30.0,"key":"REST"},{"floor":32.0,"key":"REST"},{"data":"Power Through","floor":40.0,"key":"SMITH"},{"floor":42,"key":"REST"},{"data":"Pummel","floor":45,"key":"SMITH"},{"floor":47,"key":"REST"},{"floor":49,"key":"REST"}],"neow_cost":"PERCENT_DAMAGE","seed_source_timestamp":14905585152510,"circlet_count":0,"master_deck":["AscendersBane","Strike_R","Strike_R","Strike_R","Defend_R","Defend_R","Defend_R","Defend_R","Bash+1","Flame Barrier","Sentinel","HandOfGreed+1","Shrug It Off","Reaper","Pummel+1","Berserk+1","Fiend Fire+1","Power Through+1","True Grit","Evolve+1","Metallicize+1","Armaments+1","Burning Pact","Whirlwind+1","Clothesline","Feel No Pain+1","Barricade+1","Burning Pact","Sentinel","Doubt","Uppercut"],"special_seed":0,"relics":["Burning Blood","Brimstone","Potion Belt","Boot","Omamori","Golden Idol","Cursed Key","Frozen Egg 2","Letter Opener","Sundial","Busted Crown","Whetstone","The Courier","Juzu Bracelet","Mango","Turnip"],"potions_floor_usage":[41,46,50,50,50],"damage_taken":[{"damage":4.0,"enemies":"Jaw Worm","floor":1.0,"turns":5.0},{"damage":5.0,"enemies":"Small Slimes","floor":2.0,"turns":4.0},{"damage":40.0,"enemies":"3 Sentries","floor":6.0,"turns":6.0},{"damage":0.0,"enemies":"2 Louse","floor":8.0,"turns":3.0},{"damage":29.0,"enemies":"Gremlin Nob","floor":11.0,"turns":4.0},{"damage":5.0,"enemies":"Large Slime","floor":12.0,"turns":5.0},{"damage":10.0,"enemies":"Blue Slaver","floor":14.0,"turns":3.0},{"damage":57.0,"enemies":"The Guardian","floor":16.0,"turns":7.0},{"damage":2.0,"enemies":"Chosen","floor":18.0,"turns":3.0},{"damage":10.0,"enemies":"Shell Parasite","floor":22.0,"turns":3.0},{"damage":13.0,"enemies":"Snecko","floor":27.0,"turns":4.0},{"damage":45.0,"enemies":"Shelled Parasite and Fungi","floor":28.0,"turns":4.0},{"damage":36.0,"enemies":"3 Cultists","floor":29.0,"turns":5.0},{"damage":3.0,"enemies":"Snecko","floor":31.0,"turns":3.0},{"damage":80.0,"enemies":"Automaton","floor":33.0,"turns":10.0},{"damage":2.0,"enemies":"Orb Walker","floor":35.0,"turns":4.0},{"damage":17.0,"enemies":"3 Shapes","floor":37.0,"turns":5.0},{"damage":14.0,"enemies":"3 Darklings","floor":38.0,"turns":3.0},{"damage":49,"enemies":"Nemesis","floor":41,"turns":7},{"damage":23,"enemies":"Reptomancer","floor":46,"turns":6},{"damage":27,"enemies":"Transient","floor":48,"turns":5},{"damage":91,"enemies":"Time Eater","floor":50,"turns":7}],"seed_played":"1558705372062457387","potions_obtained":[{"floor":2.0,"key":"Swift Potion"},{"floor":6.0,"key":"Ancient Potion"},{"floor":11.0,"key":"Explosive Potion"},{"floor":12.0,"key":"Ancient Potion"},{"floor":18.0,"key":"Explosive Potion"},{"floor":22.0,"key":"Fire Potion"},{"floor":33.0,"key":"Regen Potion"},{"floor":37.0,"key":"SteroidPotion"},{"floor":46,"key":"SteroidPotion"},{"floor":48,"key":"FearPotion"}],"is_trial":false,"path_per_floor":["M","M","?","?","$","E","R","M","T","R","E","M","?","M","R","B",null,"M","?","$","?","M","R","$","R","T","M","M","M","R","M","R","B",null,"M","$","M","M","?","R","E","R","T","$","R","E","R","M","R","B",null],"character_chosen":"IRONCLAD","items_purchased":["PowerPotion","HandOfGreed","Brimstone","Shrug It Off","True Grit","Metallicize+1","Armaments","Whetstone","Mango","Dexterity Potion","SkillPotion"],"campfire_rested":7,"item_purchase_floors":[5,5,5,5,20,24,24,36,44,44,44],"current_hp_per_floor":[53,54,54,54,54,20,44,60,60,60,37,58,58,54,78,41,70,74,74,74,74,70,70,70,70,70,63,34,34,58,61,80,25,66,70,70,69,61,61,61,45,69,69,83,83,76,94,73,94,33],"gold":66,"neow_bonus":"TWO_FIFTY_GOLD","is_prod":false,"is_daily":false,"chose_seed":false,"campfire_upgraded":5,"win_rate":0,"timestamp":1542191767,"path_taken":["M","M","?","?","$","E","R","M","T","R","E","M","?","M","R","BOSS","M","?","$","?","M","R","$","R","T","M","M","M","R","?","R","BOSS","M","$","M","M","?","R","E","R","T","$","R","E","R","M","R","BOSS"],"build_version":"2018-11-08","purchased_purges":2,"victory":true,"max_hp_per_floor":[80,80,80,80,80,80,80,80,80,80,80,80,80,80,80,80,80,80,80,80,80,80,80,80,80,80,80,80,80,80,80,80,80,80,80,80,80,80,80,80,80,80,80,94,94,94,94,94,94,94],"card_choices":[{"not_picked":["Anger","Body Slam"],"picked":"Flame Barrier","floor":1.0},{"not_picked":["Iron Wave","Havoc"],"picked":"Sentinel","floor":2.0},{"not_picked":["Flex","Clothesline"],"picked":"Reaper","floor":6.0},{"not_picked":["Warcry","Flex","Sentinel"],"picked":"SKIP","floor":8.0},{"not_picked":["Perfected Strike","Pommel Strike"],"picked":"Pummel","floor":11.0},{"not_picked":["Rampage","Combust","Perfected Strike"],"picked":"SKIP","floor":12.0},{"not_picked":["Cleave","Havoc"],"picked":"Berserk","floor":14.0},{"not_picked":["Bludgeon","Double Tap"],"picked":"Fiend Fire","floor":16.0},{"not_picked":["Clash","Headbutt"],"picked":"Power Through","floor":18.0},{"not_picked":["Dropkick","Clash"],"picked":"Evolve+1","floor":22.0},{"not_picked":["Body Slam","Warcry"],"picked":"Burning Pact","floor":27.0},{"not_picked":["Havoc","Uppercut"],"picked":"Whirlwind+1","floor":28.0},{"not_picked":["Seeing Red+1","Rampage"],"picked":"Clothesline","floor":29.0},{"not_picked":["Reckless Charge","Dual Wield"],"picked":"Feel No Pain+1","floor":31.0},{"not_picked":["Bludgeon","Brutality+1"],"picked":"Barricade+1","floor":33.0},{"not_picked":["Hemokinesis+1"],"picked":"SKIP","floor":35.0},{"not_picked":[],"picked":"Burning Pact","floor":37.0},{"not_picked":["Inflame+1"],"picked":"SKIP","floor":38.0},{"not_picked":[],"picked":"Sentinel","floor":41},{"not_picked":["Blood for Blood+1"],"picked":"SKIP","floor":46},{"not_picked":[],"picked":"Uppercut","floor":48}],"player_experience":131544,"relics_obtained":[{"floor":6.0,"key":"Potion Belt"},{"floor":9.0,"key":"Boot"},{"floor":11.0,"key":"Omamori"},{"floor":26.0,"key":"Sundial"},{"floor":41,"key":"The Courier"},{"floor":43,"key":"Juzu Bracelet"},{"floor":46,"key":"Turnip"}],"event_choices":[{"damage_healed":0.0,"max_hp_gain":0.0,"max_hp_loss":0.0,"gold_gain":175.0,"event_name":"Liars Game","player_choice":"AGREE","floor":3.0,"gold_loss":0.0,"damage_taken":0.0,"cards_obtained":["Doubt"]},{"cards_removed":["Doubt"],"damage_healed":0.0,"max_hp_gain":0.0,"max_hp_loss":0.0,"gold_gain":0.0,"event_name":"Living Wall","player_choice":"Forget","floor":4.0,"gold_loss":0.0,"damage_taken":0.0},{"damage_healed":0.0,"max_hp_gain":0.0,"max_hp_loss":0.0,"gold_gain":0.0,"event_name":"Golden Idol","player_choice":"Take Wound","floor":13.0,"gold_loss":0.0,"damage_taken":0.0,"relics_obtained":["Golden Idol"],"cards_obtained":["Injury"]},{"damage_healed":0.0,"max_hp_gain":0.0,"max_hp_loss":0.0,"gold_gain":0.0,"event_name":"Addict","player_choice":"Stole Relic","floor":19.0,"gold_loss":0.0,"damage_taken":0.0,"relics_obtained":["Frozen Egg 2"],"cards_obtained":["Shame"]},{"damage_healed":0.0,"max_hp_gain":0.0,"max_hp_loss":0.0,"gold_gain":0.0,"event_name":"WeMeetAgain","player_choice":"Gave Potion","floor":21.0,"gold_loss":0.0,"damage_taken":0.0,"relics_obtained":["Letter Opener"]},{"cards_removed":["Regret"],"damage_healed":0.0,"max_hp_gain":0.0,"max_hp_loss":0.0,"gold_gain":0.0,"event_name":"Fountain of Cleansing","player_choice":"Removed Curses","floor":39.0,"gold_loss":0.0,"damage_taken":0.0}],"is_beta":false,"boss_relics":[{"not_picked":["White Beast Statue","Mark of Pain"],"picked":"Cursed Key"},{"not_picked":["Tiny House","Runic Cube"],"picked":"Busted Crown"}],"items_purged_floors":[5,20],"is_endless":false,"potions_floor_spawned":[2,6,11,12,18,22,33,37,46,48],"ascension_level":13}