{"gold_per_floor":[112,132,151,165,183,202,219,286,286,316,334,334,351,351,351,351],"floor_reached":16,"playtime":1695,"items_purged":[],"score":108,"play_id":"7bf26f24-59d4-4efa-9d57-39363b5aeab5","local_time":"20190506195103","is_ascension_mode":false,"campfire_choices":[{"data":"Heavy Blade","floor":12,"key":"SMITH"},{"floor":15,"key":"REST"}],"neow_cost":"PERCENT_DAMAGE","seed_source_timestamp":15287062583337,"circlet_count":0,"master_deck":["Strike_R","Strike_R","Strike_R","Strike_R","Strike_R","Defend_R","Defend_R","Bash","Flex","Shrug It Off","Headbutt","Clothesline","Heavy Blade+1","Anger","Battle Trance","Inflame","Flex","Headbutt"],"relics":["Burning Blood","Self Forming Clay","Boot"],"potions_floor_usage":[4,10,16],"damage_taken":[{"damage":1,"enemies":"Cultist","floor":1,"turns":3},{"damage":5,"enemies":"2 Louse","floor":2,"turns":3},{"damage":3,"enemies":"Small Slimes","floor":3,"turns":3},{"damage":20,"enemies":"Gremlin Gang","floor":4,"turns":4},{"damage":9,"enemies":"Looter","floor":5,"turns":4},{"damage":14,"enemies":"Exordium Thugs","floor":6,"turns":5},{"damage":6,"enemies":"3 Louse","floor":7,"turns":3},{"damage":25,"enemies":"Lagavulin","floor":10,"turns":4},{"damage":6,"enemies":"Gremlin Gang","floor":11,"turns":4},{"damage":15,"enemies":"Lots of Slimes","floor":13,"turns":3},{"damage":37,"enemies":"The Guardian","floor":16,"turns":7}],"seed_played":"8706226884059386372","potions_obtained":[{"floor":3,"key":"Fire Potion"},{"floor":4,"key":"FairyPotion"},{"floor":6,"key":"Energy Potion"},{"floor":13,"key":"FearPotion"}],"is_trial":false,"path_per_floor":["M","M","M","M","M","M","M","?","T","E","M","R","M","?","R","B"],"character_chosen":"IRONCLAD","items_purchased":[],"campfire_rested":1,"item_purchase_floors":[],"current_hp_per_floor":[61,62,65,51,48,40,40,40,40,21,21,21,12,12,36,8],"gold":351,"neow_bonus":"REMOVE_TWO","is_prod":false,"is_daily":false,"chose_seed":false,"campfire_upgraded":1,"win_rate":0.0,"timestamp":1557139863,"path_taken":["M","M","M","M","?","M","M","?","T","E","M","R","M","?","R","BOSS"],"build_version":"2019-01-23","purchased_purges":0,"victory":false,"max_hp_per_floor":[80,80,80,80,80,80,80,80,80,80,80,80,80,80,80,80],"card_choices":[{"not_picked":["Anger","Cleave"],"picked":"Flex","floor":1},{"not_picked":["Thunderclap","Flex"],"picked":"Shrug It Off","floor":2},{"not_picked":["True Grit","Body Slam"],"picked":"Headbutt","floor":3},{"not_picked":["Clash","Warcry"],"picked":"Clothesline","floor":4},{"not_picked":["Whirlwind","Second Wind"],"picked":"Heavy Blade","floor":5},{"not_picked":["Dark Embrace","Body Slam"],"picked":"Anger","floor":6},{"not_picked":["Perfected Strike","Metallicize"],"picked":"Battle Trance","floor":7},{"not_picked":["Headbutt","Iron Wave"],"picked":"Inflame","floor":10},{"not_picked":["Iron Wave","Rupture"],"picked":"Flex","floor":11},{"not_picked":["Thunderclap","Infernal Blade"],"picked":"Headbutt","floor":13}],"player_experience":14655,"relics_obtained":[{"floor":9,"key":"Self Forming Clay"},{"floor":10,"key":"Boot"}],"event_choices":[{"damage_healed":0,"gold_gain":67,"player_choice":"Gained Gold","damage_taken":0,"max_hp_gain":0,"max_hp_loss":0,"event_name":"Golden Wing","floor":8,"gold_loss":0},{"damage_healed":0,"gold_gain":0,"player_choice":"Ignored","damage_taken":0,"max_hp_gain":0,"max_hp_loss":0,"event_name":"Liars Game","floor":14,"gold_loss":0}],"is_beta":false,"boss_relics":[],"items_purged_floors":[],"is_endless":false,"potions_floor_spawned":[3,4,6,13],"killed_by":"The Guardian","ascension_level":0}