{"gold_per_floor":[115,125,200,125,140,140,174,174,474,474,454,474,494,105,105,105],"floor_reached":16,"playtime":568,"items_purged":["Strike_R"],"score":175,"play_id":"7694f601-59b1-41fe-b17c-73e6155f7569","local_time":"20190420135409","is_ascension_mode":true,"campfire_choices":[{"data":"Whirlwind","floor":6,"key":"SMITH"},{"data":"Pommel Strike","floor":8,"key":"SMITH"},{"data":"Bash","floor":10,"key":"SMITH"},{"floor":15,"key":"REST"}],"neow_cost":"TEN_PERCENT_HP_LOSS","seed_source_timestamp":708361043240200,"circlet_count":0,"master_deck":["AscendersBane","Strike_R","Defend_R","Defend_R","Defend_R","Defend_R","Bash+1","Sever Soul","Whirlwind+1","Clothesline","Pommel Strike+1","Rampage","Fiend Fire","Ghostly Armor"],"relics":["Burning Blood","Incense Burner","Old Coin","Shuriken"],"potions_floor_usage":[12,16,16],"damage_taken":[{"damage":2,"enemies":"Small Slimes","floor":1,"turns":3},{"damage":0,"enemies":"2 Louse","floor":2,"turns":1},{"damage":4,"enemies":"Cultist","floor":5,"turns":3},{"damage":32,"enemies":"Gremlin Nob","floor":7,"turns":4},{"damage":8,"enemies":"Blue Slaver","floor":12,"turns":2},{"damage":14,"enemies":"Large Slime","floor":13,"turns":5},{"damage":47,"enemies":"Slime Boss","floor":16,"turns":8}],"seed_played":"-3207823695241668466","potions_obtained":[{"floor":2,"key":"SpeedPotion"},{"floor":11,"key":"Fire Potion"},{"floor":13,"key":"PowerPotion"}],"is_trial":false,"path_per_floor":["M","M","?","?","M","R","E","R","T","R","?","M","M","$","R","B"],"character_chosen":"IRONCLAD","items_purchased":["Shuriken","Ghostly Armor"],"campfire_rested":1,"item_purchase_floors":[14,14],"current_hp_per_floor":[68,68,57,57,59,59,33,33,33,33,33,31,23,23,43,0],"gold":105,"neow_bonus":"TRANSFORM_TWO_CARDS","is_prod":false,"is_daily":false,"chose_seed":false,"campfire_upgraded":3,"win_rate":0,"timestamp":1555757649,"path_taken":["M","M","?","?","M","R","E","R","T","R","?","?","M","$","R","BOSS"],"build_version":"2019-01-23","purchased_purges":1,"victory":false,"max_hp_per_floor":[68,68,68,68,68,68,68,68,68,68,68,68,68,68,68,68],"card_choices":[{"not_picked":["Anger","Bloodletting"],"picked":"Clothesline","floor":1},{"not_picked":["Second Wind","Perfected Strike"],"picked":"Pommel Strike","floor":2},{"not_picked":["Sword Boomerang","Body Slam","Flex"],"picked":"SKIP","floor":5},{"not_picked":["Clash","Thunderclap"],"picked":"Rampage","floor":7},{"not_picked":["Cleave","Searing Blow"],"picked":"Fiend Fire","floor":12},{"not_picked":["Armaments","Warcry","Body Slam"],"picked":"SKIP","floor":13}],"player_experience":315505,"relics_obtained":[{"floor":7,"key":"Incense Burner"},{"floor":9,"key":"Old Coin"}],"event_choices":[{"damage_healed":0,"gold_gain":75,"player_choice":"Gather Gold","damage_taken":11,"max_hp_gain":0,"max_hp_loss":0,"event_name":"World of Goop","floor":3,"gold_loss":0},{"cards_removed":["Strike_R"],"damage_healed":0,"gold_gain":0,"player_choice":"Card Removal","damage_taken":0,"max_hp_gain":0,"max_hp_loss":0,"event_name":"The Cleric","floor":4,"gold_loss":75},{"damage_healed":0,"gold_gain":0,"player_choice":"Bought 1 Potion","damage_taken":0,"max_hp_gain":0,"max_hp_loss":0,"event_name":"The Woman in Blue","floor":11,"gold_loss":0}],"is_beta":false,"boss_relics":[],"items_purged_floors":[14],"is_endless":false,"potions_floor_spawned":[2,13],"killed_by":"Slime Boss","ascension_level":15}