{"gold_per_floor":[118,132,152,7,7,7,27,39,111,141,167,167,167,181,181,283,283,302,54,65,17,17],"floor_reached":22,"playtime":1017,"items_purged":[],"score":279,"play_id":"ad67b71f-5de3-400a-8d7e-1d25bd0d1dd7","local_time":"20181107234652","is_ascension_mode":true,"campfire_choices":[{"data":"Darkness","floor":6.0,"key":"SMITH"},{"data":"Creative AI","floor":12.0,"key":"SMITH"},{"data":"Dualcast","floor":15.0,"key":"SMITH"}],"neow_cost":"NONE","seed_source_timestamp":179070050600494,"circlet_count":0,"master_deck":["AscendersBane","Strike_B","Strike_B","Strike_B","Strike_B","Defend_B","Defend_B","Defend_B","Defend_B","Zap+1","Dualcast+1","Undo","Darkness+1","Chill","Darkness+1","Creative AI+1","Capacitor","Capacitor","Conserve Battery","Electrodynamics","Lockon+1","Glacier+1","Turbo"],"special_seed":0,"relics":["Cracked Core","Centennial Puzzle","Art of War","Dodecahedron","Odd Mushroom","Ginger","Cursed Key","Meat on the Bone"],"potions_floor_usage":[20],"damage_taken":[{"damage":7.0,"enemies":"Jaw Worm","floor":1.0,"turns":2.0},{"damage":0.0,"enemies":"2 Louse","floor":2.0,"turns":3.0},{"damage":1.0,"enemies":"Small Slimes","floor":3.0,"turns":3.0},{"damage":0.0,"enemies":"Exordium Thugs","floor":7.0,"turns":4.0},{"damage":9.0,"enemies":"Exordium Wildlife","floor":8.0,"turns":3.0},{"damage":10.0,"enemies":"The Mushroom Lair","floor":10.0,"turns":5.0},{"damage":11.0,"enemies":"3 Sentries","floor":11.0,"turns":6.0},{"damage":3.0,"enemies":"Blue Slaver","floor":14.0,"turns":5.0},{"damage":24.0,"enemies":"Hexaghost","floor":16.0,"turns":9.0},{"damage":32,"enemies":"Chosen","floor":18,"turns":8},{"damage":22,"enemies":"2 Thieves","floor":20,"turns":2},{"damage":28,"enemies":"3 Cultists","floor":22,"turns":4}],"seed_played":"-952191700291259849","potions_obtained":[{"floor":8.0,"key":"SneckoOil"},{"floor":10.0,"key":"Regen Potion"},{"floor":11.0,"key":"Fire Potion"}],"is_trial":false,"path_per_floor":["M","M","M","$","?","R","M","M","T","?","E","R","?","M","R","B",null,"M","$","M","$","M"],"character_chosen":"DEFECT","items_purchased":["Art of War","Meat on the Bone","Turbo"],"campfire_rested":0,"item_purchase_floors":[4,19,21],"current_hp_per_floor":[61,61,60,60,60,60,60,51,51,41,45,45,45,42,42,18,61,29,29,19,19,0],"gold":17,"neow_bonus":"RANDOM_COMMON_RELIC","is_prod":false,"is_daily":false,"chose_seed":false,"campfire_upgraded":3,"win_rate":0,"timestamp":1541630812,"path_taken":["M","M","M","$","?","R","M","M","T","?","E","R","?","M","R","BOSS","M","$","M","$","M"],"build_version":"2018-11-01","purchased_purges":0,"victory":false,"max_hp_per_floor":[75,75,75,75,75,75,75,75,75,75,75,75,75,75,75,75,75,75,75,75,75,75],"card_choices":[{"not_picked":["Cold Snap","Hologram"],"picked":"Undo","floor":1.0},{"not_picked":["Steam","Coolheaded"],"picked":"Darkness","floor":2.0},{"not_picked":["Barrage","Sweeping Beam"],"picked":"Chill","floor":3.0},{"not_picked":["Undo","Steam"],"picked":"Darkness","floor":7.0},{"not_picked":["Go for the Eyes","Redo"],"picked":"Creative AI","floor":8.0},{"not_picked":["Sweeping Beam","Coolheaded"],"picked":"Capacitor","floor":10.0},{"not_picked":["Cold Snap","Reboot"],"picked":"Capacitor","floor":11.0},{"not_picked":["Cold Snap","Gash"],"picked":"Conserve Battery","floor":14.0},{"not_picked":["Hyperbeam","Fission"],"picked":"Electrodynamics","floor":16.0},{"not_picked":["Compile Driver+1","Hologram"],"picked":"Lockon+1","floor":18},{"not_picked":["Double Energy","Leap"],"picked":"Glacier+1","floor":20}],"player_experience":317243,"relics_obtained":[{"floor":9.0,"key":"Dodecahedron"},{"floor":10.0,"key":"Odd Mushroom"},{"floor":11.0,"key":"Ginger"}],"event_choices":[{"damage_healed":0.0,"max_hp_gain":0.0,"max_hp_loss":0.0,"gold_gain":0.0,"event_name":"Living Wall","player_choice":"Grow","floor":5.0,"gold_loss":0.0,"damage_taken":0.0,"cards_upgraded":["Zap"]},{"damage_healed":0.0,"max_hp_gain":0.0,"max_hp_loss":0.0,"gold_gain":0.0,"event_name":"Mushrooms","player_choice":"Fought Mushrooms","floor":10.0,"gold_loss":0.0,"damage_taken":0.0},{"damage_healed":0.0,"max_hp_gain":0.0,"max_hp_loss":0.0,"gold_gain":0.0,"event_name":"Accursed Blacksmith","player_choice":"Forge","floor":13.0,"gold_loss":0.0,"damage_taken":0.0,"cards_upgraded":["Darkness"]}],"is_beta":false,"boss_relics":[{"not_picked":["Eternal Feather","Tiny House"],"picked":"Cursed Key"}],"items_purged_floors":[],"is_endless":false,"potions_floor_spawned":[8,10,11],"killed_by":"3 Cultists","ascension_level":10}