{"gold_per_floor":[112,123,123,143,68,101,112,112,138,156,190,45,45,72,72,72],"floor_reached":16,"playtime":474,"items_purged":["Strike_R"],"score":181,"play_id":"e3952255-2ca8-4281-9685-34819189d7a0","local_time":"25610723031652","is_ascension_mode":true,"campfire_choices":[{"data":"Armaments","floor":8,"key":"SMITH"},{"floor":13,"key":"REST"},{"floor":15,"key":"REST"}],"neow_cost":"NONE","seed_source_timestamp":62971872091557,"circlet_count":0,"master_deck":["Strike_R","Strike_R","Strike_R","Strike_R","Defend_R","Defend_R+1","Defend_R+1","Defend_R","Bash","Rampage","Shockwave","Flex","Armaments+1","Cleave","Immolate"],"relics":["Burning Blood","Omamori","Strawberry","War Paint","Regal Pillow","Bottled Flame"],"potions_floor_usage":[6,6,11,16],"damage_taken":[{"damage":6,"enemies":"Cultist","floor":1,"turns":3},{"damage":12,"enemies":"Jaw Worm","floor":2,"turns":4},{"damage":7,"enemies":"Small Slimes","floor":4,"turns":3},{"damage":29,"enemies":"Gremlin Nob","floor":6,"turns":4},{"damage":6,"enemies":"Blue Slaver","floor":7,"turns":4},{"damage":23,"enemies":"Lots of Slimes","floor":10,"turns":5},{"damage":30,"enemies":"Lagavulin","floor":11,"turns":6},{"damage":32,"enemies":"3 Sentries","floor":14,"turns":6},{"damage":77,"enemies":"Hexaghost","floor":16,"turns":9}],"seed_played":"1322481853764251673","potions_obtained":[{"floor":1,"key":"Swift Potion"},{"floor":2,"key":"Strength Potion"},{"floor":4,"key":"AttackPotion"},{"floor":14,"key":"EssenceOfSteel"}],"is_trial":false,"path_per_floor":["M","M","?","M","$","E","M","R","T","M","E","$","R","E","R"],"character_chosen":"IRONCLAD","items_purchased":["Regal Pillow"],"campfire_rested":2,"item_purchase_floors":[12],"current_hp_per_floor":[80,74,74,73,73,50,50,50,57,40,16,16,59,33,76,0],"gold":72,"neow_bonus":"TEN_PERCENT_HP_BONUS","is_prod":false,"is_daily":false,"chose_seed":false,"campfire_upgraded":1,"win_rate":0,"timestamp":1532290612,"path_taken":["M","M","?","M","$","E","M","R","T","?","E","$","R","E","R","BOSS"],"build_version":"2018-07-19v2","purchased_purges":1,"victory":false,"max_hp_per_floor":[88,88,88,88,88,88,88,88,95,95,95,95,95,95,95,95],"card_choices":[{"not_picked":["Clothesline","True Grit"],"picked":"Rampage","floor":1},{"not_picked":["Carnage","Thunderclap"],"picked":"Shockwave","floor":2},{"not_picked":["Pommel Strike","Sword Boomerang"],"picked":"Flex","floor":4},{"not_picked":["Feel No Pain","Inflame"],"picked":"Armaments","floor":6},{"not_picked":["Feel No Pain","Pommel Strike","Infernal Blade"],"picked":"SKIP","floor":7},{"not_picked":["Havoc","Rage"],"picked":"Cleave","floor":10},{"not_picked":["Twin Strike","Clash","Second Wind"],"picked":"SKIP","floor":11},{"not_picked":["True Grit","Metallicize"],"picked":"Immolate","floor":14}],"player_experience":126048,"relics_obtained":[{"floor":6,"key":"Omamori"},{"floor":9,"key":"Strawberry"},{"floor":11,"key":"War Paint"},{"floor":14,"key":"Bottled Flame"}],"event_choices":[{"event_name":"The Woman in Blue","player_choice":"Bought 0 Potions","floor":3,"damage_taken":0}],"is_beta":false,"boss_relics":[],"items_purged_floors":[5],"is_endless":false,"potions_floor_spawned":[1,2,4,14],"killed_by":"Hexaghost","ascension_level":6}