{"gold_per_floor":[117,117,137,137,212,212,172,172,221,21,35,35,35,53,53,174,174,192,49,49,73,73,117,42,42,94,94,94,94,129,149,149,149],"floor_reached":33,"playtime":674,"items_purged":["Strike_G"],"score":269,"play_id":"d0b62b51-dc0d-485c-ac51-70089ede41a0","local_time":"25610723022929","is_ascension_mode":false,"campfire_choices":[{"floor":6,"key":"REST"},{"floor":8,"key":"REST"},{"data":"Catalyst","floor":12,"key":"SMITH"},{"data":"All Out Attack","floor":15,"key":"SMITH"},{"floor":25,"key":"REST"},{"floor":27,"key":"REST"},{"data":"Glass Knife","floor":29,"key":"SMITH"},{"floor":32,"key":"REST"}],"neow_cost":"NONE","seed_source_timestamp":59928676835958,"circlet_count":0,"master_deck":["Defend_G","Defend_G","Defend_G","Defend_G","Strike_G","Strike_G","Strike_G","Strike_G","Survivor","Dagger Spray","Catalyst+1","All Out Attack+1","Glass Knife+1","Quick Slash+1","Caltrops+1","Riddle With Holes+1","Riddle With Holes","Flechettes+1"],"relics":["Empty Cage","Golden Idol","Snake Skull","TwistedFunnel","Juzu Bracelet","Lizard Tail","Boot","Mercury Hourglass","Lantern","SsserpentHead","Bottled Tornado"],"potions_floor_usage":[16,16,31,33,33],"damage_taken":[{"damage":8,"enemies":"2 Louse","floor":1,"turns":3},{"damage":9,"enemies":"Cultist","floor":3,"turns":5},{"damage":5,"enemies":"Jaw Worm","floor":11,"turns":4},{"damage":2,"enemies":"Looter","floor":14,"turns":3},{"damage":34,"enemies":"Slime Boss","floor":16,"turns":8},{"damage":23,"enemies":"Spheric Guardian","floor":18,"turns":5},{"damage":22,"enemies":"2 Thieves","floor":21,"turns":3},{"damage":32,"enemies":"Gremlin Leader","floor":23,"turns":7},{"damage":46,"enemies":"Book of Stabbing","floor":30,"turns":4},{"damage":4,"enemies":"3 Cultists","floor":31,"turns":3},{"damage":24,"enemies":"Champ","floor":33,"turns":8}],"seed_played":"-4342676834290011392","potions_obtained":[{"floor":7,"key":"PowerPotion"},{"floor":7,"key":"Explosive Potion"},{"floor":7,"key":"Ancient Potion"},{"floor":30,"key":"SkillPotion"},{"floor":31,"key":"Energy Potion"}],"is_trial":false,"path_per_floor":["M","?","M","$","?","R","?","R","T","$","M","R","?","M","R","B",null,"M","$","?","M","?","E","$","R","T","R","?","R","E","M","R"],"character_chosen":"THE_SILENT","items_purchased":["TwistedFunnel","Boot"],"campfire_rested":5,"item_purchase_floors":[10,19],"current_hp_per_floor":[62,45,36,36,25,46,46,67,67,67,62,62,44,42,42,8,70,47,47,70,48,48,16,16,37,37,58,58,58,12,8,29,5],"gold":149,"neow_bonus":"BOSS_RELIC","is_prod":false,"is_daily":false,"chose_seed":false,"campfire_upgraded":3,"win_rate":0,"timestamp":1532287769,"path_taken":["M","?","M","?","?","R","?","R","T","$","M","R","?","M","R","BOSS","M","$","?","M","?","E","$","R","T","R","?","R","E","M","R","BOSS"],"build_version":"2018-07-19v2","purchased_purges":1,"victory":false,"max_hp_per_floor":[70,70,70,70,70,70,70,70,70,70,70,70,70,70,70,70,70,70,70,70,70,70,70,70,70,70,70,70,70,70,70,70,70],"card_choices":[{"not_picked":["Underhanded Strike","Cloak And Dagger","Dagger Throw"],"picked":"SKIP","floor":1},{"not_picked":["Dagger Throw","Blur"],"picked":"Dagger Spray","floor":3},{"not_picked":["Underhanded Strike","Dodge and Roll"],"picked":"Catalyst","floor":11},{"not_picked":["Dagger Throw","Outmaneuver"],"picked":"All Out Attack","floor":14},{"not_picked":["Phantasmal Killer","Tools of the Trade"],"picked":"Glass Knife","floor":16},{"not_picked":["Blade Dance","Backflip"],"picked":"Quick Slash+1","floor":18},{"not_picked":["Flechettes","Dodge and Roll"],"picked":"Caltrops+1","floor":21},{"not_picked":["Dodge and Roll+1","Bane+1"],"picked":"Riddle With Holes+1","floor":23},{"not_picked":["Deflect","Quick Slash"],"picked":"Riddle With Holes","floor":30},{"not_picked":["Backflip","Accuracy"],"picked":"Flechettes+1","floor":31}],"player_experience":123078,"relics_obtained":[{"floor":9,"key":"Snake Skull"},{"floor":23,"key":"Mercury Hourglass"},{"floor":26,"key":"Lantern"},{"floor":30,"key":"Bottled Tornado"}],"event_choices":[{"event_name":"Golden Idol","player_choice":"Take Damage","floor":2,"damage_taken":0},{"event_name":"World of Goop","player_choice":"Gather Gold","floor":5,"damage_taken":0},{"event_name":"The Woman in Blue","player_choice":"Bought 3 Potions","floor":7,"damage_taken":0},{"event_name":"Scrap Ooze","player_choice":"success","floor":13,"damage_taken":18},{"event_name":"The Library","player_choice":"Heal","floor":20,"damage_taken":0},{"event_name":"Drug Dealer","player_choice":"Ignored","floor":22,"damage_taken":0},{"event_name":"FaceTrader","player_choice":"Trade","floor":28,"damage_taken":0}],"is_beta":false,"boss_relics":[{"not_picked":["Coffee Dripper","Fusion Hammer"],"picked":"Lizard Tail"}],"items_purged_floors":[24],"is_endless":false,"potions_floor_spawned":[14,30,31],"killed_by":"Champ","ascension_level":0}