{"gold_per_floor":[114,125,125,143,143,143,66,66,92,120,120,151,162,189,189,263,263,281,26,45,108,128,128,178,178,204,236,56,56,56,84,84,163,163,180,230,249,299,624,624,202,202,227,227,295,324,354,364,364,364,364,364,364,30,65,65],"floor_reached":56,"playtime":3168,"items_purged":["Regret","Electrodynamics"],"score":2643,"play_id":"95c0010e-911e-49fa-8fd8-94d4804a5855","local_time":"20190114152311","is_ascension_mode":true,"campfire_choices":[{"data":"Zap","floor":6.0,"key":"SMITH"},{"data":"Self Repair","floor":11.0,"key":"SMITH"},{"data":"Defend_B","floor":15.0,"key":"PURGE"},{"data":"Defragment","floor":23.0,"key":"SMITH"},{"data":"Capacitor","floor":25.0,"key":"SMITH"},{"data":"Fission","floor":29.0,"key":"SMITH"},{"floor":30.0,"key":"REST"},{"data":"Thunder Strike","floor":32.0,"key":"SMITH"},{"floor":40.0,"key":"RECALL"},{"data":"Dualcast","floor":42.0,"key":"PURGE"},{"data":"Hello World","floor":44.0,"key":"PURGE"},{"data":"Cold Snap","floor":49.0,"key":"PURGE"},{"floor":53.0,"key":"REST"}],"neow_cost":"NONE","seed_source_timestamp":332089436363785,"circlet_count":0,"master_deck":["AscendersBane","Zap+1","Skim","Glacier","Rip and Tear","Self Repair+1","Glacier","Rainbow","Thunder Strike+1","Fission+1","Hologram+1","Reboot+1","Cold Snap+1","Capacitor+1","Fusion+1","Defragment+1","Electrodynamics","Recycle","Echo Form","Biased Cognition"],"special_seed":0,"relics":["Cracked Core","NeowsBlessing","SsserpentHead","DataDisk","Peace Pipe","Shuriken","WingedGreaves","Pandora\u0027s Box","Art of War","War Paint","Pear","Happy Flower","Fusion Hammer","Dead Branch","Molten Egg 2","Torii","Ice Cream"],"potions_floor_usage":[56,56],"damage_taken":[{"damage":0.0,"enemies":"Small Slimes","floor":1.0,"turns":1.0},{"damage":0.0,"enemies":"Cultist","floor":2.0,"turns":1.0},{"damage":0.0,"enemies":"2 Louse","floor":4.0,"turns":1.0},{"damage":0.0,"enemies":"Lagavulin","floor":10.0,"turns":7.0},{"damage":0.0,"enemies":"Gremlin Nob","floor":12.0,"turns":3.0},{"damage":0.0,"enemies":"Looter","floor":13.0,"turns":3.0},{"damage":3.0,"enemies":"Lagavulin","floor":14.0,"turns":9.0},{"damage":30.0,"enemies":"The Guardian","floor":16.0,"turns":18.0},{"damage":16.0,"enemies":"2 Thieves","floor":18.0,"turns":5.0},{"damage":0.0,"enemies":"Spheric Guardian","floor":20.0,"turns":3.0},{"damage":9.0,"enemies":"Chosen and Byrds","floor":21.0,"turns":6.0},{"damage":24.0,"enemies":"Shelled Parasite and Fungi","floor":22.0,"turns":7.0},{"damage":47.0,"enemies":"Book of Stabbing","floor":27.0,"turns":7.0},{"damage":0.0,"enemies":"Gremlin Leader","floor":31.0,"turns":5.0},{"damage":18.0,"enemies":"Champ","floor":33.0,"turns":14.0},{"damage":14.0,"enemies":"3 Darklings","floor":35.0,"turns":4.0},{"damage":0.0,"enemies":"Orb Walker","floor":37.0,"turns":3.0},{"damage":0.0,"enemies":"Sphere and 2 Shapes","floor":45.0,"turns":3.0},{"damage":0.0,"enemies":"Reptomancer","floor":46.0,"turns":3.0},{"damage":11.0,"enemies":"Giant Head","floor":47.0,"turns":9.0},{"damage":11.0,"enemies":"Jaw Worm Horde","floor":48.0,"turns":3.0},{"damage":50.0,"enemies":"Awakened One","floor":50.0,"turns":18.0},{"damage":2.0,"enemies":"Time Eater","floor":51.0,"turns":15.0},{"damage":29.0,"enemies":"Shield and Spear","floor":55.0,"turns":7.0}],"seed_played":"-3526179012826413356","potions_obtained":[{"floor":1.0,"key":"Dexterity Potion"},{"floor":2.0,"key":"AttackPotion"},{"floor":4.0,"key":"PowerPotion"},{"floor":16.0,"key":"Fire Potion"},{"floor":18.0,"key":"SpeedPotion"},{"floor":27.0,"key":"Strength Potion"},{"floor":33.0,"key":"GamblersBrew"},{"floor":48.0,"key":"FocusPotion"},{"floor":55.0,"key":"Ancient Potion"}],"is_trial":false,"path_per_floor":["M","M","?","M","?","R","$","?","T","E","R","E","M","E","R","B",null,"M","$","M","M","M","R","?","R","T","E","$","R","R","E","R","B",null,"M","?","M","?","?","R","$","R","T","R","M","E","E","M","R","B","B",null,"R","$","E","B"],"character_chosen":"DEFECT","items_purchased":["Self Repair","Capacitor","Art of War","PowerPotion","Electrodynamics","Dead Branch","Echo Form","Swift Potion"],"campfire_rested":2,"item_purchase_floors":[7,19,19,19,28,41,54,54],"current_hp_per_floor":[64,64,64,64,43,43,43,43,43,50,50,60,70,71,71,51,66,60,60,70,71,57,57,71,71,71,44,44,44,68,78,78,70,78,74,74,81,81,81,81,81,81,81,81,81,81,80,79,79,39,47,73,81,81,62,0],"gold":65,"neow_bonus":"THREE_ENEMY_KILL","is_prod":false,"is_daily":false,"chose_seed":false,"campfire_upgraded":6,"win_rate":0,"timestamp":1547497391,"path_taken":["M","M","?","M","?","R","$","?","T","E","R","E","M","E","R","BOSS","M","?","M","?","M","R","?","R","T","E","$","R","R","E","R","BOSS","M","?","M","?","?","R","$","R","T","R","?","E","E","M","R","BOSS","BOSS","R","$","E","BOSS"],"build_version":"2019-01-10","purchased_purges":2,"victory":false,"max_hp_per_floor":[71,71,71,71,71,71,71,71,71,71,71,71,71,71,71,71,71,71,71,71,71,71,71,71,71,71,81,81,81,81,81,81,81,81,81,81,81,81,81,81,81,81,81,81,81,81,81,81,81,81,81,81,81,81,81,81],"card_choices":[{"not_picked":["Hello World","BootSequence"],"picked":"Skim","floor":1.0},{"not_picked":["Steam","Rebound","White Noise"],"picked":"SKIP","floor":2.0},{"not_picked":["Aggregate","Redo"],"picked":"Rip and Tear","floor":4.0},{"not_picked":["Tempest","Beam Cell","Steam Power"],"picked":"SKIP","floor":10.0},{"not_picked":["Recycle","Turbo"],"picked":"Cold Snap","floor":12.0},{"not_picked":["Cold Snap","Sweeping Beam"],"picked":"Glacier","floor":13.0},{"not_picked":["Glacier","Conserve Battery"],"picked":"Rainbow","floor":14.0},{"not_picked":["Gash","Coolheaded"],"picked":"Cold Snap+1","floor":18.0},{"not_picked":["Chaos","Redo+1"],"picked":"Fusion+1","floor":20.0},{"not_picked":["Ball Lightning","Static Discharge"],"picked":"Defragment","floor":21.0},{"not_picked":["Leap","Loop","Static Discharge"],"picked":"SKIP","floor":22.0},{"not_picked":["Double Energy","Loop","Go for the Eyes"],"picked":"SKIP","floor":27.0},{"not_picked":["Chill","Stack"],"picked":"Electrodynamics","floor":31.0},{"not_picked":["Streamline","Barrage+1"],"picked":"Recycle","floor":35.0},{"not_picked":["Streamline","Sweeping Beam","Steam Power"],"picked":"SKIP","floor":37.0},{"not_picked":["Compile Driver","Buffer","Redo"],"picked":"SKIP","floor":45.0},{"not_picked":["Coolheaded","Cold Snap","Hologram"],"picked":"SKIP","floor":46.0},{"not_picked":["Conserve Battery","Cold Snap+1","FTL+1"],"picked":"SKIP","floor":47.0},{"not_picked":["Coolheaded","Beam Cell+1","Self Repair"],"picked":"SKIP","floor":48.0},{"not_picked":["Barrage+1","Gash+1"],"picked":"Biased Cognition","floor":55.0}],"player_experience":1628356,"relics_obtained":[{"floor":9.0,"key":"DataDisk"},{"floor":10.0,"key":"Peace Pipe"},{"floor":12.0,"key":"Shuriken"},{"floor":14.0,"key":"WingedGreaves"},{"floor":26.0,"key":"War Paint"},{"floor":27.0,"key":"Pear"},{"floor":31.0,"key":"Happy Flower"},{"floor":46.0,"key":"Molten Egg 2"},{"floor":47.0,"key":"Torii"},{"floor":55.0,"key":"Ice Cream"}],"event_choices":[{"damage_healed":0.0,"max_hp_gain":0.0,"max_hp_loss":0.0,"gold_gain":0.0,"cards_transformed":["Strike_B"],"event_name":"Living Wall","player_choice":"Change","floor":3.0,"gold_loss":0.0,"damage_taken":0.0,"cards_obtained":["Glacier"]},{"damage_healed":0.0,"max_hp_gain":0.0,"max_hp_loss":0.0,"gold_gain":0.0,"event_name":"Shining Light","player_choice":"Entered Light","floor":5.0,"gold_loss":0.0,"damage_taken":21.0,"cards_upgraded":["Strike_B","Defend_B"]},{"damage_healed":0.0,"max_hp_gain":0.0,"max_hp_loss":0.0,"gold_gain":0.0,"event_name":"FaceTrader","player_choice":"Trade","floor":8.0,"gold_loss":0.0,"damage_taken":0.0,"relics_obtained":["SsserpentHead"]},{"damage_healed":14.0,"max_hp_gain":0.0,"max_hp_loss":0.0,"gold_gain":0.0,"event_name":"The Library","player_choice":"Heal","floor":24.0,"gold_loss":0.0,"damage_taken":0.0},{"cards_removed":["Cold Snap"],"damage_healed":0.0,"max_hp_gain":0.0,"max_hp_loss":0.0,"gold_gain":0.0,"event_name":"Falling","player_choice":"Removed Attack","floor":36.0,"gold_loss":0.0,"damage_taken":0.0},{"damage_healed":0.0,"max_hp_gain":0.0,"max_hp_loss":0.0,"gold_gain":0.0,"event_name":"Tomb of Lord Red Mask","player_choice":"Ignored","floor":38.0,"gold_loss":0.0,"damage_taken":0.0},{"damage_healed":0.0,"max_hp_gain":0.0,"max_hp_loss":0.0,"gold_gain":275.0,"event_name":"Golden Shrine","player_choice":"Desecrate","floor":39.0,"gold_loss":0.0,"damage_taken":0.0,"cards_obtained":["Regret"]}],"is_beta":true,"boss_relics":[{"not_picked":["White Beast Statue","Black Star"],"picked":"Pandora\u0027s Box"},{"not_picked":["Runic Pyramid","Tiny House"],"picked":"Fusion Hammer"}],"items_purged_floors":[41,54],"is_endless":false,"potions_floor_spawned":[1,2,4,16,18,21,27,33,35,45,48,55],"killed_by":"The Heart","ascension_level":20}