{"gold_per_floor":[113,133,208,208,225,550,550,577,577,594,594,623,467,484,484,558,558,546,436,446,464,464],"floor_reached":22,"playtime":884,"items_purged":["Strike_R"],"score":361,"play_id":"35c70740-6c3b-409a-a6f5-718ecbd91ae3","local_time":"20190221110600","is_ascension_mode":true,"campfire_choices":[{"data":"Armaments","floor":7.0,"key":"SMITH"},{"floor":15.0,"key":"REST"}],"neow_cost":"NONE","seed_source_timestamp":9437435624301,"circlet_count":0,"master_deck":["AscendersBane","Strike_R+1","Defend_R+1","Defend_R+1","Defend_R","Bash+1","Spot Weakness","Twin Strike","Armaments+1","Pommel Strike","Metallicize","Feed+1","Burning Pact+1","Brutality+1","Ghostly Armor+1","Pummel","Corruption+1"],"special_seed":0,"relics":["Burning Blood","War Paint","Old Coin","Singing Bowl","Girya","Whetstone","Astrolabe"],"potions_floor_usage":[16,22],"damage_taken":[{"damage":6.0,"enemies":"Jaw Worm","floor":1.0,"turns":4.0},{"damage":0.0,"enemies":"Small Slimes","floor":2.0,"turns":5.0},{"damage":4.0,"enemies":"2 Louse","floor":5.0,"turns":4.0},{"damage":30.0,"enemies":"Gremlin Nob","floor":6.0,"turns":4.0},{"damage":9.0,"enemies":"3 Sentries","floor":8.0,"turns":6.0},{"damage":11.0,"enemies":"Large Slime","floor":10.0,"turns":9.0},{"damage":33.0,"enemies":"Gremlin Nob","floor":12.0,"turns":5.0},{"damage":5.0,"enemies":"Gremlin Gang","floor":14.0,"turns":4.0},{"damage":24,"enemies":"Hexaghost","floor":16,"turns":8},{"damage":18,"enemies":"2 Thieves","floor":18,"turns":4},{"damage":21,"enemies":"Spheric Guardian","floor":20,"turns":6},{"damage":44,"enemies":"Snake Plant","floor":21,"turns":7},{"damage":19,"enemies":"Chosen and Byrds","floor":22,"turns":6}],"seed_played":"2260509303473201655","potions_obtained":[{"floor":1.0,"key":"AttackPotion"},{"floor":5.0,"key":"Ancient Potion"},{"floor":12.0,"key":"Swift Potion"},{"floor":14.0,"key":"Strength Potion"}],"is_trial":false,"path_per_floor":["M","M","?","?","M","E","R","E","T","M","?","E","$","M","R","B",null,"M","?","M","M","M"],"character_chosen":"IRONCLAD","items_purchased":["Metallicize","SkillPotion"],"campfire_rested":1,"item_purchase_floors":[13,13],"current_hp_per_floor":[68,74,63,63,65,41,41,38,38,35,35,10,10,13,37,19,66,57,57,48,10,0],"gold":464,"neow_bonus":"RANDOM_COMMON_RELIC","is_prod":false,"is_daily":false,"chose_seed":false,"campfire_upgraded":1,"win_rate":0,"timestamp":1550775960,"path_taken":["M","M","?","?","M","E","R","E","T","M","?","E","$","M","R","BOSS","M","?","?","M","M"],"build_version":"2019-01-23","purchased_purges":1,"victory":false,"max_hp_per_floor":[75,75,75,75,75,75,75,75,75,77,77,79,79,81,81,81,81,84,84,90,90,90],"card_choices":[{"not_picked":["Metallicize","Armaments"],"picked":"Spot Weakness","floor":1.0},{"not_picked":["Dropkick","Burning Pact","Warcry"],"picked":"SKIP","floor":2.0},{"not_picked":["Shrug It Off","True Grit"],"picked":"Twin Strike","floor":5.0},{"not_picked":["Wild Strike","Havoc"],"picked":"Armaments","floor":6.0},{"not_picked":["Sentinel","Body Slam"],"picked":"Pommel Strike","floor":8.0},{"not_picked":["Combust","Iron Wave","Armaments"],"picked":"Singing Bowl","floor":10.0},{"not_picked":["Rampage","Sentinel","Armaments"],"picked":"Singing Bowl","floor":12.0},{"not_picked":["Evolve","Wild Strike","Spot Weakness"],"picked":"Singing Bowl","floor":14.0},{"not_picked":["Barricade","Bludgeon"],"picked":"Feed","floor":16},{"not_picked":["Wild Strike","Twin Strike+1"],"picked":"Pummel","floor":18},{"not_picked":["Clash","Body Slam","Intimidate"],"picked":"Singing Bowl","floor":20},{"not_picked":["Burning Pact","Thunderclap"],"picked":"Corruption+1","floor":21}],"player_experience":2233761,"relics_obtained":[{"floor":6.0,"key":"Old Coin"},{"floor":8.0,"key":"Singing Bowl"},{"floor":9.0,"key":"Girya"},{"floor":12.0,"key":"Whetstone"}],"event_choices":[{"damage_healed":0.0,"max_hp_gain":0.0,"max_hp_loss":0.0,"gold_gain":75.0,"event_name":"World of Goop","player_choice":"Gather Gold","floor":3.0,"gold_loss":0.0,"damage_taken":11.0},{"damage_healed":0.0,"max_hp_gain":0.0,"max_hp_loss":0.0,"gold_gain":0.0,"event_name":"Living Wall","player_choice":"Grow","floor":4.0,"gold_loss":0.0,"damage_taken":0.0,"cards_upgraded":["Bash"]},{"damage_healed":0.0,"max_hp_gain":0.0,"max_hp_loss":0.0,"gold_gain":0.0,"event_name":"Scrap Ooze","player_choice":"Fled","floor":11.0,"gold_loss":0.0,"damage_taken":0.0},{"cards_removed":["Strike_R"],"damage_healed":0,"gold_gain":0,"player_choice":"Upgrade and Remove","damage_taken":0,"max_hp_gain":0,"max_hp_loss":0,"event_name":"Designer","floor":19,"gold_loss":110,"cards_upgraded":["Feed"]}],"is_beta":false,"boss_relics":[{"not_picked":["Lizard Tail","Empty Cage"],"picked":"Astrolabe"}],"items_purged_floors":[13],"is_endless":false,"potions_floor_spawned":[1,5,12,14],"killed_by":"Chosen and Byrds","ascension_level":15}