{"gold_per_floor":[118,137,58,76,4,4,37,37,37,67,67,67],"floor_reached":12,"playtime":794,"items_purged":[],"score":99,"play_id":"779a0569-d978-44f5-97ea-ae92240a9f26","local_time":"20190509185350","is_ascension_mode":true,"campfire_choices":[{"data":"Footwork","floor":6,"key":"SMITH"},{"data":"Noxious Fumes","floor":11,"key":"SMITH"}],"neow_cost":"NONE","seed_source_timestamp":293588308527900,"circlet_count":0,"master_deck":["Defend_G","Defend_G","Defend_G","Defend_G","Defend_G","Strike_G","Strike_G","Strike_G","Strike_G","Strike_G","Survivor","Neutralize","Footwork+1","Bane","Infinite Blades","Deadly Poison","Concentrate","Dodge and Roll","Parasite","Noxious Fumes+1"],"relics":["Ring of the Snake","The Courier","Bag of Marbles"],"potions_floor_usage":[7,10],"damage_taken":[{"damage":4,"enemies":"Small Slimes","floor":1,"turns":4},{"damage":0,"enemies":"2 Louse","floor":2,"turns":3},{"damage":0,"enemies":"Jaw Worm","floor":4,"turns":5},{"damage":59,"enemies":"Gremlin Nob","floor":7,"turns":6},{"damage":28,"enemies":"3 Sentries","floor":10,"turns":9},{"damage":22,"enemies":"Gremlin Gang","floor":12,"turns":3}],"seed_played":"-5730234837103209636","potions_obtained":[{"floor":2,"key":"SpeedPotion"},{"floor":7,"key":"Regen Potion"}],"is_trial":false,"path_per_floor":["M","M","$","M","$","R","E","?","T","E","R","M"],"character_chosen":"THE_SILENT","items_purchased":["Infinite Blades","Concentrate"],"campfire_rested":0,"item_purchase_floors":[3,5],"current_hp_per_floor":[73,73,73,73,73,73,14,33,33,20,20,0],"gold":67,"neow_bonus":"TEN_PERCENT_HP_BONUS","is_prod":false,"is_daily":false,"chose_seed":false,"campfire_upgraded":2,"win_rate":0,"timestamp":1557417230,"path_taken":["M","M","$","M","$","R","E","?","T","E","R","M"],"build_version":"2019-01-23","purchased_purges":0,"victory":false,"max_hp_per_floor":[77,77,77,77,77,77,77,77,77,77,77,77],"card_choices":[{"not_picked":["Underhanded Strike","Slice"],"picked":"Footwork","floor":1},{"not_picked":["Poisoned Stab","Sucker Punch"],"picked":"Bane","floor":2},{"not_picked":["Reflex","Acrobatics"],"picked":"Deadly Poison","floor":4},{"not_picked":["Concentrate","Riddle With Holes"],"picked":"Dodge and Roll","floor":7},{"not_picked":["Tactician","Poisoned Stab"],"picked":"Noxious Fumes","floor":10}],"player_experience":407237,"relics_obtained":[{"floor":7,"key":"The Courier"},{"floor":10,"key":"Bag of Marbles"}],"event_choices":[{"damage_healed":19,"gold_gain":0,"player_choice":"Healed and dodged fight","damage_taken":0,"max_hp_gain":0,"max_hp_loss":0,"event_name":"Mushrooms","floor":8,"gold_loss":0,"cards_obtained":["Parasite"]}],"is_beta":false,"boss_relics":[],"items_purged_floors":[],"is_endless":false,"potions_floor_spawned":[2,7],"killed_by":"Gremlin Gang","ascension_level":3}