{"gold_per_floor":[114,39,49,124,52,52,79,79,79,113,113,31,31,51,51,51],"floor_reached":16,"playtime":480,"items_purged":[],"score":186,"play_id":"51855bef-3422-4dcf-8b08-3515498725ca","local_time":"20181025223508","is_ascension_mode":true,"campfire_choices":[{"data":"Armaments","floor":6.0,"key":"SMITH"},{"data":"Bash","floor":11,"key":"SMITH"},{"data":"Flame Barrier","floor":13,"key":"SMITH"},{"floor":15,"key":"REST"}],"neow_cost":"NONE","seed_source_timestamp":73772984984420,"circlet_count":0,"master_deck":["Strike_R","Strike_R","Strike_R+1","Strike_R+1","Defend_R","Defend_R","Defend_R","Defend_R","Bash+1","AscendersBane","Armaments+1","Flame Barrier+1","Cleave","Twin Strike","Pommel Strike","Fiend Fire","Iron Wave"],"special_seed":0,"relics":["Burning Blood","Whetstone","Omamori","Regal Pillow","Lantern"],"potions_floor_usage":[10,16],"damage_taken":[{"damage":5.0,"enemies":"Cultist","floor":1.0,"turns":4.0},{"damage":6.0,"enemies":"2 Louse","floor":3.0,"turns":3.0},{"damage":28.0,"enemies":"3 Sentries","floor":7.0,"turns":8.0},{"damage":24,"enemies":"Gremlin Nob","floor":10,"turns":4},{"damage":7,"enemies":"Jaw Worm","floor":14,"turns":2},{"damage":56,"enemies":"Hexaghost","floor":16,"turns":10}],"seed_played":"1418078445952169988","potions_obtained":[{"floor":1.0,"key":"Fire Potion"},{"floor":10,"key":"SneckoOil"}],"is_trial":false,"path_per_floor":["M","?","M","?","$","R","E","$","T","E","R","$","R","M","R"],"character_chosen":"IRONCLAD","items_purchased":["Cleave","PowerPotion","Fiend Fire"],"campfire_rested":1,"item_purchase_floors":[5,5,12],"current_hp_per_floor":[69,69,69,58,58,58,36,36,36,18,18,18,18,17,54,0],"gold":51,"neow_bonus":"RANDOM_COMMON_RELIC","is_prod":false,"is_daily":false,"chose_seed":false,"campfire_upgraded":3,"win_rate":0,"timestamp":1540532108,"path_taken":["M","?","M","?","$","R","E","$","T","E","R","$","R","?","R","BOSS"],"build_version":"2018-10-25","purchased_purges":0,"victory":false,"max_hp_per_floor":[75,75,75,75,75,75,75,75,75,75,75,75,75,75,75,75],"card_choices":[{"not_picked":["Corruption","Shrug It Off"],"picked":"Armaments","floor":1.0},{"not_picked":["Disarm","Combust"],"picked":"Flame Barrier","floor":3.0},{"not_picked":["Carnage","Dual Wield"],"picked":"Twin Strike","floor":7.0},{"not_picked":["Infernal Blade","Burning Pact"],"picked":"Pommel Strike","floor":10},{"not_picked":["Offering","Sword Boomerang"],"picked":"Iron Wave","floor":14}],"player_experience":1473377,"relics_obtained":[{"floor":7.0,"key":"Omamori"},{"floor":9.0,"key":"Regal Pillow"},{"floor":10,"key":"Lantern"}],"event_choices":[{"cards_removed":["Strike_R"],"damage_healed":0.0,"max_hp_gain":0.0,"max_hp_loss":0.0,"gold_gain":0.0,"event_name":"The Cleric","player_choice":"Card Removal","floor":2.0,"gold_loss":75.0,"damage_taken":0.0},{"damage_healed":0.0,"max_hp_gain":0.0,"max_hp_loss":0.0,"gold_gain":75.0,"event_name":"World of Goop","player_choice":"Gather Gold","floor":4.0,"gold_loss":0.0,"damage_taken":11.0}],"is_beta":false,"boss_relics":[],"items_purged_floors":[],"is_endless":false,"potions_floor_spawned":[1,10],"killed_by":"Hexaghost","ascension_level":15}