{"gold_per_floor":[147,162,179,194,29,29,29,51,51,68,84,84,84,109,109,109],"floor_reached":16,"playtime":765,"items_purged":["Strike_R"],"score":94,"play_id":"dcef673e-bd41-4665-bda4-b420f12a3088","local_time":"20190111222335","is_ascension_mode":false,"campfire_choices":[{"data":"Bash","floor":6.0,"key":"SMITH"},{"data":"Strike_R","floor":13.0,"key":"PURGE"},{"data":"Strike_R","floor":15.0,"key":"PURGE"}],"neow_cost":"NONE","seed_source_timestamp":0,"circlet_count":0,"master_deck":["Strike_R","Strike_R","Defend_R","Defend_R","Defend_R","Defend_R","Bash+1","Flash of Steel"],"special_seed":0,"relics":["Burning Blood","Tiny Chest","Sundial","Odd Mushroom","Peace Pipe","Golden Idol"],"potions_floor_usage":[16],"damage_taken":[{"damage":6.0,"enemies":"Cultist","floor":1.0,"turns":3.0},{"damage":6.0,"enemies":"Jaw Worm","floor":2.0,"turns":3.0},{"damage":3.0,"enemies":"Small Slimes","floor":3.0,"turns":3.0},{"damage":13.0,"enemies":"Blue Slaver","floor":4.0,"turns":5.0},{"damage":17.0,"enemies":"The Mushroom Lair","floor":8.0,"turns":4.0},{"damage":0.0,"enemies":"Looter","floor":10.0,"turns":3.0},{"damage":15.0,"enemies":"Exordium Wildlife","floor":11.0,"turns":5.0},{"damage":4.0,"enemies":"Gremlin Gang","floor":14.0,"turns":3.0},{"damage":79,"enemies":"The Guardian","floor":16,"turns":19}],"seed_played":"-8193130544230743426","potions_obtained":[{"floor":2.0,"key":"EntropicBrew"},{"floor":10.0,"key":"SkillPotion"},{"floor":11.0,"key":"Strength Potion"}],"is_trial":false,"path_per_floor":["M","M","M","M","$","R","T","?","T","M","M","?","R","M","R","B"],"character_chosen":"IRONCLAD","items_purchased":["Flash of Steel"],"campfire_rested":0,"item_purchase_floors":[5],"current_hp_per_floor":[80,80,80,73,73,73,73,62,62,68,59,59,59,61,61,0],"gold":109,"neow_bonus":"RANDOM_COMMON_RELIC","is_prod":false,"is_daily":false,"chose_seed":false,"campfire_upgraded":1,"win_rate":0,"timestamp":1547241815,"path_taken":["M","M","?","M","$","R","?","?","T","M","M","?","R","M","R","BOSS"],"build_version":"2019-01-10","purchased_purges":1,"victory":false,"max_hp_per_floor":[80,80,80,80,80,80,80,80,80,80,80,74,74,74,74,74],"card_choices":[{"not_picked":["Wild Strike","Sword Boomerang","True Grit"],"picked":"SKIP","floor":1.0},{"not_picked":["Inflame","Twin Strike","Body Slam"],"picked":"SKIP","floor":2.0},{"not_picked":["Ghostly Armor","Uppercut","Anger"],"picked":"SKIP","floor":3.0},{"not_picked":["Cleave","Havoc","Twin Strike"],"picked":"SKIP","floor":4.0},{"not_picked":["Rupture","Anger","Pommel Strike"],"picked":"SKIP","floor":10.0},{"not_picked":["Infernal Blade","Searing Blow","Bloodletting"],"picked":"SKIP","floor":11.0},{"not_picked":["Body Slam","Heavy Blade","Second Wind"],"picked":"SKIP","floor":14.0}],"player_experience":443068,"relics_obtained":[{"floor":7.0,"key":"Sundial"},{"floor":8.0,"key":"Odd Mushroom"},{"floor":9.0,"key":"Peace Pipe"}],"event_choices":[{"damage_healed":0.0,"max_hp_gain":0.0,"max_hp_loss":0.0,"gold_gain":0.0,"event_name":"Mushrooms","player_choice":"Fought Mushrooms","floor":8.0,"gold_loss":0.0,"damage_taken":0.0},{"damage_healed":0.0,"max_hp_gain":0.0,"max_hp_loss":6.0,"gold_gain":0.0,"event_name":"Golden Idol","player_choice":"Lose Max HP","floor":12.0,"gold_loss":0.0,"damage_taken":0.0,"relics_obtained":["Golden Idol"]}],"is_beta":false,"boss_relics":[],"items_purged_floors":[5],"is_endless":false,"potions_floor_spawned":[2,10,11],"killed_by":"The Guardian","ascension_level":0}