{"gold_per_floor":[115,40,40,40,55,55,88,38,88,88,88,106,106,136,136,214,264,282,197,215,244,91,119,119,152,152,166,166,176,201,213,225,310,322,346,358,216,232,19,19,52,68,91,119,119,445,455,467,467,467,467,467,467,154,183,183],"floor_reached":57,"playtime":2954,"items_purged":["Quick Slash","Dagger Throw+1","Masterful Stab","Outmaneuver+1"],"score":3718,"play_id":"75bc504e-6a52-4042-9e47-c6df072fe50c","local_time":"20181201012947","is_ascension_mode":true,"campfire_choices":[{"data":"Neutralize","floor":6.0,"key":"SMITH"},{"floor":10.0,"key":"REST"},{"data":"Prepared","floor":13.0,"key":"SMITH"},{"data":"Dodge and Roll","floor":15.0,"key":"SMITH"},{"data":"Well Laid Plans","floor":24.0,"key":"SMITH"},{"data":"Grand Finale","floor":28.0,"key":"SMITH"},{"floor":32.0,"key":"REST"},{"floor":40,"key":"RECALL"},{"floor":45,"key":"REST"},{"floor":49,"key":"REST"},{"floor":53,"key":"REST"}],"neow_cost":"NONE","seed_source_timestamp":0,"circlet_count":0,"master_deck":["AscendersBane","Survivor+1","Neutralize+1","Terror+1","Dodge and Roll+1","Prepared+1","Escape Plan+1","Caltrops+1","Heel Hook","Venomology","Leg Sweep+1","Grand Finale+1","Expertise+1","Well Laid Plans+1","Backflip+1","Deflect+1","Reflex+1","Acrobatics+1","Tactician+1","Calculated Gamble+1","Concentrate+1"],"special_seed":0,"relics":["Pandora\u0027s Box","Mercury Hourglass","Ancient Tea Set","Toxic Egg 2","Tiny House","Regal Pillow","Red Mask","Strawberry","War Paint","Calipers","MawBank","Fusion Hammer","Bottled Flame","Pantograph","Old Coin"],"potions_floor_usage":[38,38,42,44,50,51,56,56],"damage_taken":[{"damage":11.0,"enemies":"Jaw Worm","floor":1.0,"turns":4.0},{"damage":0.0,"enemies":"2 Louse","floor":5.0,"turns":2.0},{"damage":13.0,"enemies":"Gremlin Nob","floor":7.0,"turns":4.0},{"damage":0.0,"enemies":"Small Slimes","floor":12.0,"turns":2.0},{"damage":0.0,"enemies":"Lagavulin","floor":14.0,"turns":4.0},{"damage":0.0,"enemies":"The Guardian","floor":16.0,"turns":10.0},{"damage":8.0,"enemies":"Spheric Guardian","floor":18.0,"turns":5.0},{"damage":0.0,"enemies":"Chosen","floor":20.0,"turns":3.0},{"damage":2.0,"enemies":"Masked Bandits","floor":21.0,"turns":2.0},{"damage":0.0,"enemies":"Book of Stabbing","floor":23.0,"turns":3.0},{"damage":29.0,"enemies":"Slavers","floor":25.0,"turns":6.0},{"damage":0.0,"enemies":"Centurion and Healer","floor":27.0,"turns":2.0},{"damage":0.0,"enemies":"Snecko","floor":29.0,"turns":5.0},{"damage":13.0,"enemies":"Book of Stabbing","floor":30.0,"turns":4.0},{"damage":0.0,"enemies":"Champ","floor":33.0,"turns":4.0},{"damage":0.0,"enemies":"Orb Walker","floor":35.0,"turns":3.0},{"damage":0,"enemies":"3 Darklings","floor":38,"turns":3},{"damage":0,"enemies":"Reptomancer","floor":41,"turns":2},{"damage":0,"enemies":"Sphere and 2 Shapes","floor":42,"turns":2},{"damage":0,"enemies":"Giant Head","floor":44,"turns":2},{"damage":0,"enemies":"Reptomancer","floor":46,"turns":1},{"damage":0,"enemies":"Writhing Mass","floor":47,"turns":2},{"damage":0,"enemies":"4 Shapes","floor":48,"turns":3},{"damage":2,"enemies":"Time Eater","floor":50,"turns":5},{"damage":0,"enemies":"Awakened One","floor":51,"turns":4},{"damage":0,"enemies":"Shield and Spear","floor":55,"turns":2},{"damage":0,"enemies":"The Heart","floor":56,"turns":5}],"seed_played":"4193199916457575946","potions_obtained":[{"floor":1.0,"key":"GhostInAJar"},{"floor":7.0,"key":"SkillPotion"},{"floor":17.0,"key":"GhostInAJar"},{"floor":20.0,"key":"PowerPotion"},{"floor":21.0,"key":"EntropicBrew"},{"floor":29.0,"key":"GamblersBrew"},{"floor":38,"key":"Block Potion"}],"is_trial":false,"path_per_floor":["M","?","?","$","M","R","E","?","T","R","?","M","R","E","R","B",null,"M","?","M","?","$","E","R","E","T","M","R","M","E","?","R","B",null,"M","?","$","M","$","R","E","M","T","E","R","E","M","M","R","B","B",null,"R","$","E","B",null],"character_chosen":"THE_SILENT","items_purchased":["Well Laid Plans","Acrobatics+1","Tactician+1","Ancient Potion","Concentrate+1"],"campfire_rested":5,"item_purchase_floors":[22,37,39,54,54],"current_hp_per_floor":[48,48,28,28,28,28,15,15,15,34,34,34,34,34,34,34,63,55,55,55,53,53,60,60,31,31,31,31,31,18,18,56,56,73,73,73,73,73,73,73,73,73,73,73,78,78,78,78,78,76,78,78,78,78,78,78],"gold":183,"neow_bonus":"BOSS_RELIC","is_prod":false,"is_daily":false,"chose_seed":false,"campfire_upgraded":5,"win_rate":0,"timestamp":1543598987,"path_taken":["M","?","?","$","M","R","E","?","T","R","?","M","R","E","R","BOSS","M","?","M","?","$","E","R","E","T","M","R","M","E","?","R","BOSS","M","?","?","M","$","R","E","M","T","E","R","E","?","M","R","BOSS","BOSS","R","$","E","BOSS"],"build_version":"2018-11-15","purchased_purges":4,"victory":true,"max_hp_per_floor":[66,66,66,66,66,66,66,66,66,66,66,66,66,66,66,66,71,71,71,71,71,71,78,78,78,78,78,78,78,78,78,78,78,78,78,78,78,78,78,78,78,78,78,78,78,78,78,78,78,78,78,78,78,78,78,78],"card_choices":[{"not_picked":["Outmaneuver","Sucker Punch","Prepared"],"picked":"SKIP","floor":1.0},{"not_picked":["Dodge and Roll","Flechettes"],"picked":"Heel Hook","floor":5.0},{"not_picked":["Flechettes","Underhanded Strike","Cloak And Dagger"],"picked":"SKIP","floor":7.0},{"not_picked":["Flechettes","Underhanded Strike","Cloak And Dagger"],"picked":"SKIP","floor":7.0},{"not_picked":["Choke","Flechettes","Flying Knee"],"picked":"SKIP","floor":12.0},{"not_picked":["Cloak And Dagger","Eviscerate"],"picked":"Leg Sweep","floor":14.0},{"not_picked":["A Thousand Cuts","Burst+1"],"picked":"Grand Finale","floor":16.0},{"not_picked":["Bouncing Flask+1","Dagger Throw"],"picked":"Expertise+1","floor":17.0},{"not_picked":["Leg Sweep+1","Cloak And Dagger+1"],"picked":"Outmaneuver+1","floor":18.0},{"not_picked":["Cloak And Dagger+1","Caltrops+1","Dagger Spray"],"picked":"SKIP","floor":20.0},{"not_picked":["Bullet Time+1","Dodge and Roll+1","Expertise+1"],"picked":"SKIP","floor":23.0},{"not_picked":["Setup+1","Leg Sweep+1"],"picked":"Backflip+1","floor":25.0},{"not_picked":["Blade Dance+1","Dodge and Roll+1","Outmaneuver+1"],"picked":"SKIP","floor":27.0},{"not_picked":["Cloak And Dagger+1","Outmaneuver+1","Underhanded Strike"],"picked":"SKIP","floor":29.0},{"not_picked":["Distraction+1","PiercingWail+1","Blade Dance+1"],"picked":"SKIP","floor":30.0},{"not_picked":["Backstab","Sucker Punch+1"],"picked":"Reflex+1","floor":35.0},{"not_picked":["Blur+1","Deadly Poison+1","Prepared+1"],"picked":"SKIP","floor":38},{"not_picked":["Catalyst+1","Bullet Time+1"],"picked":"Calculated Gamble+1","floor":41},{"not_picked":["Bane","Crippling Poison+1","Slice"],"picked":"SKIP","floor":42},{"not_picked":["Flying Knee+1","Tactician+1","Footwork"],"picked":"SKIP","floor":44},{"not_picked":["Quick Slash","Deadly Poison+1","Masterful Stab+1"],"picked":"SKIP","floor":46},{"not_picked":["Caltrops+1","Acrobatics+1","Endless Agony+1"],"picked":"SKIP","floor":47},{"not_picked":["Quick Slash","Deadly Poison+1","Underhanded Strike"],"picked":"SKIP","floor":48},{"not_picked":["Noxious Fumes","Sucker Punch+1","Slice"],"picked":"SKIP","floor":55}],"player_experience":2223732,"relics_obtained":[{"floor":7.0,"key":"Mercury Hourglass"},{"floor":9.0,"key":"Ancient Tea Set"},{"floor":14.0,"key":"Toxic Egg 2"},{"floor":21.0,"key":"Red Mask"},{"floor":23.0,"key":"Strawberry"},{"floor":25.0,"key":"War Paint"},{"floor":26.0,"key":"Calipers"},{"floor":30.0,"key":"MawBank"},{"floor":41,"key":"Bottled Flame"},{"floor":44,"key":"Pantograph"},{"floor":46,"key":"Old Coin"}],"event_choices":[{"cards_removed":["Setup"],"damage_healed":0.0,"max_hp_gain":0.0,"max_hp_loss":0.0,"gold_gain":0.0,"event_name":"The Cleric","player_choice":"Card Removal","floor":2.0,"gold_loss":75.0,"damage_taken":0.0},{"damage_healed":0.0,"max_hp_gain":0.0,"max_hp_loss":0.0,"gold_gain":0.0,"event_name":"Shining Light","player_choice":"Entered Light","floor":3.0,"gold_loss":0.0,"damage_taken":20.0,"cards_upgraded":["Survivor","Dagger Throw"]},{"damage_healed":0.0,"max_hp_gain":0.0,"max_hp_loss":0.0,"gold_gain":0.0,"event_name":"World of Goop","player_choice":"Left Gold","floor":8.0,"gold_loss":50.0,"damage_taken":0.0},{"damage_healed":0.0,"max_hp_gain":0.0,"max_hp_loss":0.0,"gold_gain":0.0,"cards_transformed":["Distraction"],"event_name":"Living Wall","player_choice":"Change","floor":11.0,"gold_loss":0.0,"damage_taken":0.0,"cards_obtained":["Venomology"]},{"damage_healed":0.0,"max_hp_gain":0.0,"max_hp_loss":0.0,"gold_gain":0.0,"event_name":"Addict","player_choice":"Obtained Relic","floor":19.0,"gold_loss":85.0,"damage_taken":0.0,"relics_obtained":["Regal Pillow"]},{"damage_healed":0.0,"max_hp_gain":0.0,"max_hp_loss":0.0,"gold_gain":0.0,"event_name":"Masked Bandits","player_choice":"Fought Bandits","floor":21.0,"gold_loss":0.0,"damage_taken":0.0},{"damage_healed":0.0,"max_hp_gain":0.0,"max_hp_loss":0.0,"gold_gain":0.0,"event_name":"The Library","player_choice":"Read","floor":31.0,"gold_loss":0.0,"damage_taken":0.0,"cards_obtained":["Deflect"]},{"damage_healed":0,"gold_gain":0,"cards_transformed":["Slice"],"player_choice":"Transformed","damage_taken":0,"max_hp_gain":0,"max_hp_loss":0,"event_name":"Transmorgrifier","floor":36,"gold_loss":0,"cards_obtained":["Masterful Stab"]}],"is_beta":false,"boss_relics":[{"not_picked":["Velvet Choker","WristBlade"],"picked":"Tiny House"},{"not_picked":["Calling Bell","Runic Dome"],"picked":"Fusion Hammer"}],"items_purged_floors":[22,37,39,54],"is_endless":false,"potions_floor_spawned":[1,7,12,18,20,21,29,35,38,42],"ascension_level":20}