{"gold_per_floor":[116,134,134,134,151,182,182,215,297,262,291,314,4,4,4,79,79,79,29,29,0,0,0,0,0,0,0,0,0,0,0,0,0,0,0,0,0,0,0,0,0,0,0,0,0,0,0,0,0,0],"floor_reached":51,"playtime":2177,"items_purged":["Strike_G"],"score":1557,"play_id":"14d9038b-88c1-4a94-92c0-a1f6d832c1da","local_time":"20190301103037","is_ascension_mode":true,"campfire_choices":[{"floor":7,"key":"REST"},{"data":"Cloak And Dagger","floor":15,"key":"SMITH"},{"floor":24,"key":"REST"},{"data":"Cloak And Dagger","floor":28,"key":"SMITH"},{"data":"After Image","floor":30,"key":"SMITH"},{"data":"Finisher","floor":32,"key":"SMITH"},{"data":"Finisher","floor":45,"key":"SMITH"},{"data":"Dodge and Roll","floor":49,"key":"SMITH"}],"neow_cost":"NONE","seed_source_timestamp":7652153541186,"circlet_count":0,"master_deck":["AscendersBane","Defend_G+1","Defend_G","Defend_G+1","Defend_G","Defend_G","Strike_G","Survivor","Neutralize+1","Slice","Cloak And Dagger+1","Finisher+1","Unload","Dodge and Roll+1","Cloak And Dagger+1","After Image+1","PiercingWail","Cloak And Dagger+1","Cloak And Dagger+1","Backflip","Finisher+1","Finesse","Dodge and Roll+1","Dodge and Roll+1","Cloak And Dagger+1","Deflect+1","Finisher+1"],"relics":["Ring of the Snake","Turnip","Smiling Mask","Shuriken","Regal Pillow","War Paint","Kunai","Ectoplasm","Gambling Chip","Lantern","Boot","Anchor","Bag of Marbles","Empty Cage","Red Mask","Gremlin Horn","Oddly Smooth Stone","Bag of Preparation","Omamori"],"potions_floor_usage":[6,8,23,40,50,50],"damage_taken":[{"damage":6,"enemies":"Jaw Worm","floor":1,"turns":9},{"damage":0,"enemies":"2 Louse","floor":2,"turns":2},{"damage":0,"enemies":"Small Slimes","floor":5,"turns":3},{"damage":33,"enemies":"3 Sentries","floor":6,"turns":13},{"damage":7,"enemies":"Gremlin Nob","floor":8,"turns":4},{"damage":20,"enemies":"Lagavulin","floor":11,"turns":6},{"damage":5,"enemies":"The Guardian","floor":16,"turns":12},{"damage":0,"enemies":"3 Byrds","floor":18,"turns":6},{"damage":5,"enemies":"2 Thieves","floor":21,"turns":4},{"damage":13,"enemies":"Slavers","floor":23,"turns":6},{"damage":0,"enemies":"Gremlin Leader","floor":25,"turns":7},{"damage":3,"enemies":"Book of Stabbing","floor":27,"turns":5},{"damage":0,"enemies":"Slavers","floor":29,"turns":5},{"damage":0,"enemies":"Cultist and Chosen","floor":31,"turns":3},{"damage":23,"enemies":"Automaton","floor":33,"turns":9},{"damage":6,"enemies":"3 Darklings","floor":35,"turns":7},{"damage":0,"enemies":"Orb Walker","floor":39,"turns":1},{"damage":0,"enemies":"Nemesis","floor":40,"turns":5},{"damage":0,"enemies":"Maw","floor":42,"turns":9},{"damage":0,"enemies":"Spire Growth","floor":44,"turns":5},{"damage":0,"enemies":"Giant Head","floor":46,"turns":5},{"damage":0,"enemies":"Jaw Worm Horde","floor":48,"turns":2},{"damage":20,"enemies":"Time Eater","floor":50,"turns":13}],"seed_played":"4369612168573977103","potions_obtained":[{"floor":5,"key":"SkillPotion"},{"floor":6,"key":"EssenceOfSteel"},{"floor":11,"key":"Fire Potion"},{"floor":18,"key":"Energy Potion"},{"floor":27,"key":"Block Potion"},{"floor":39,"key":"SpeedPotion"},{"floor":40,"key":"Poison Potion"},{"floor":46,"key":"SteroidPotion"}],"is_trial":false,"path_per_floor":["M","M","?","?","M","E","R","E","T","?","E","T","$","?","R","B",null,"M","?","$","M","?","E","R","E","T","E","R","E","R","M","R","B",null,"M","?","?","?","M","E","?","M","T","M","R","E","$","M","R","B",null],"character_chosen":"THE_SILENT","items_purchased":["Kunai"],"campfire_rested":2,"item_purchase_floors":[13],"current_hp_per_floor":[59,59,59,59,59,26,47,40,40,58,38,38,38,16,16,11,57,57,57,57,52,52,39,72,72,72,69,69,69,69,69,69,46,66,60,60,60,60,60,60,60,60,60,60,60,60,60,60,60,40],"gold":0,"neow_bonus":"TEN_PERCENT_HP_BONUS","is_prod":false,"is_daily":false,"chose_seed":false,"campfire_upgraded":6,"win_rate":0,"timestamp":1551465037,"path_taken":["M","M","?","?","M","E","R","E","T","?","E","?","$","?","R","BOSS","M","?","?","M","?","E","R","E","T","E","R","E","R","M","R","BOSS","M","?","?","?","?","E","?","M","T","M","R","E","$","M","R","BOSS"],"build_version":"2019-01-23","purchased_purges":1,"victory":true,"max_hp_per_floor":[72,72,72,72,72,72,72,72,72,72,72,72,72,72,72,72,72,72,72,72,72,72,72,72,72,72,72,72,72,72,72,72,72,72,72,72,72,72,72,72,72,72,72,72,72,72,72,72,72,72],"card_choices":[{"not_picked":["Accuracy","Calculated Gamble"],"picked":"Slice","floor":1},{"not_picked":["Dodge and Roll","PiercingWail"],"picked":"Cloak And Dagger","floor":2},{"not_picked":["All Out Attack","PiercingWail"],"picked":"Finisher","floor":5},{"not_picked":["Tactician","Blur"],"picked":"Unload","floor":6},{"not_picked":["Deadly Poison","Bane"],"picked":"Dodge and Roll","floor":8},{"not_picked":["Reflex","Quick Slash"],"picked":"Cloak And Dagger","floor":11},{"not_picked":["Unload","Die Die Die"],"picked":"After Image","floor":16},{"not_picked":["Accuracy+1","Calculated Gamble+1"],"picked":"PiercingWail","floor":18},{"not_picked":["Crippling Poison+1","Distraction"],"picked":"Cloak And Dagger","floor":21},{"not_picked":["Flechettes+1","Envenom"],"picked":"Cloak And Dagger+1","floor":23},{"not_picked":["Endless Agony","Accuracy"],"picked":"Backflip","floor":25},{"not_picked":["Bane","Outmaneuver","Crippling Poison"],"picked":"SKIP","floor":27},{"not_picked":["Noxious Fumes","Flying Knee","Slice"],"picked":"SKIP","floor":31},{"not_picked":["Endless Agony+1","PiercingWail"],"picked":"Finisher","floor":35},{"not_picked":["Madness","Purity"],"picked":"Finesse","floor":37},{"not_picked":["Bane","PiercingWail"],"picked":"Dodge and Roll","floor":39},{"not_picked":["Deadly Poison","Poisoned Stab"],"picked":"Dodge and Roll+1","floor":40},{"not_picked":["Backflip+1","Dagger Spray+1"],"picked":"Cloak And Dagger+1","floor":42},{"not_picked":["Masterful Stab","Blade Dance","Noxious Fumes"],"picked":"SKIP","floor":44},{"not_picked":["Bane","All Out Attack"],"picked":"Deflect+1","floor":46},{"not_picked":["Slice","Distraction"],"picked":"Finisher+1","floor":48}],"player_experience":2298596,"relics_obtained":[{"floor":6,"key":"Turnip"},{"floor":8,"key":"Smiling Mask"},{"floor":9,"key":"Shuriken"},{"floor":11,"key":"Regal Pillow"},{"floor":12,"key":"War Paint"},{"floor":23,"key":"Gambling Chip"},{"floor":25,"key":"Lantern"},{"floor":26,"key":"Boot"},{"floor":27,"key":"Anchor"},{"floor":29,"key":"Bag of Marbles"},{"floor":40,"key":"Oddly Smooth Stone"},{"floor":43,"key":"Bag of Preparation"},{"floor":46,"key":"Omamori"}],"event_choices":[{"damage_healed":0,"gold_gain":0,"player_choice":"Grow","damage_taken":0,"max_hp_gain":0,"max_hp_loss":0,"event_name":"Living Wall","floor":3,"gold_loss":0,"cards_upgraded":["Neutralize"]},{"damage_healed":0,"gold_gain":0,"player_choice":"Ignored","damage_taken":0,"max_hp_gain":0,"max_hp_loss":0,"event_name":"Golden Wing","floor":4,"gold_loss":0},{"damage_healed":18,"gold_gain":0,"player_choice":"Healed","damage_taken":0,"max_hp_gain":0,"max_hp_loss":0,"event_name":"The Cleric","floor":10,"gold_loss":35},{"damage_healed":0,"gold_gain":0,"player_choice":"Entered Light","damage_taken":22,"max_hp_gain":0,"max_hp_loss":0,"event_name":"Shining Light","floor":14,"gold_loss":0,"cards_upgraded":["Dodge and Roll","Strike_G"]},{"damage_healed":0,"gold_gain":0,"player_choice":"Upgrade","damage_taken":0,"max_hp_gain":0,"max_hp_loss":0,"event_name":"Designer","floor":19,"gold_loss":50,"cards_upgraded":["Cloak And Dagger"]},{"damage_healed":0,"gold_gain":0,"player_choice":"Ignored","damage_taken":0,"max_hp_gain":0,"max_hp_loss":0,"event_name":"Beggar","floor":22,"gold_loss":0},{"damage_healed":0,"gold_gain":0,"player_choice":"Paid","damage_taken":0,"relics_obtained":["Red Mask"],"max_hp_gain":0,"max_hp_loss":0,"event_name":"Tomb of Lord Red Mask","floor":36,"gold_loss":0},{"damage_healed":0,"gold_gain":0,"player_choice":"Memory 1","damage_taken":0,"max_hp_gain":0,"max_hp_loss":0,"event_name":"SensoryStone","floor":37,"gold_loss":0},{"damage_healed":0,"gold_gain":0,"player_choice":"Gave Potion","damage_taken":0,"relics_obtained":["Gremlin Horn"],"max_hp_gain":0,"max_hp_loss":0,"event_name":"WeMeetAgain","floor":38,"gold_loss":0},{"cards_removed":["Strike_G"],"damage_healed":0,"gold_gain":0,"player_choice":"Removed Attack","damage_taken":0,"max_hp_gain":0,"max_hp_loss":0,"event_name":"Falling","floor":41,"gold_loss":0}],"is_beta":false,"boss_relics":[{"not_picked":["Calling Bell","Busted Crown"],"picked":"Ectoplasm"},{"not_picked":["White Beast Statue","Eternal Feather"],"picked":"Empty Cage"}],"items_purged_floors":[13],"is_endless":false,"potions_floor_spawned":[5,6,11,18,21,27,31,39,40,44,46],"ascension_level":15}