{"path_per_floor":["M","?","M","$","?","E","R","?","T","M","R","M","R","M","R","B",null,"M","$","M","?","?","M","?","$","T","M","M","R","M","M","R","B",null,"M","?","?","?","M","?","R","M","T","M","R","$","M","M","R","B"],"character_chosen":"THE_SILENT","items_purchased":["Footwork","Tough Bandages","Leg Sweep"],"gold_per_floor":[119,119,135,60,60,87,87,87,87,106,106,126,126,141,141,244,274,293,157,168,168,168,178,178,53,53,65,84,84,95,108,108,211,211,230,230,285,285,302,302,302,321,321,333,333,23,36,48,48,48],"floor_reached":51,"campfire_rested":4,"playtime":5443,"current_hp_per_floor":[67,64,64,64,64,19,40,40,40,40,40,39,60,53,53,10,75,54,54,54,75,75,72,72,72,72,71,63,63,63,63,63,61,75,63,63,38,38,28,47,69,69,69,61,61,61,65,56,75,24],"items_purged":["Strike_G","Strike_G","Defend_G"],"gold":48,"score":626,"play_id":"97aff6c5-ae06-481b-ac01-e3bd038a06d5","local_time":"20180517163151","is_prod":false,"is_daily":false,"chose_seed":false,"is_ascension_mode":false,"campfire_upgraded":5,"timestamp":1526599911,"path_taken":["M","?","?","$","?","E","R","?","T","M","R","M","R","M","R","BOSS","M","?","?","?","?","M","?","$","T","M","M","R","?","M","R","BOSS","M","?","?","?","?","?","R","M","T","M","R","$","M","M","R","BOSS"],"build_version":"2018-05-10","seed_source_timestamp":27115336764038,"purchased_purges":3,"victory":true,"master_deck":["Survivor+1","Neutralize+1","Tactician+1","Dagger Throw+1","Dagger Spray","Flying Knee+1","Well Laid Plans","Die Die Die","Footwork+1","Footwork","Acrobatics+1","Acrobatics+1","Leg Sweep","Backstab","Deadly Poison+1","Unload+1","Glass Knife","Backstab","Dodge and Roll","Finisher","Slice","Bane","Prepared+1","Bandage Up","Outmaneuver+1","Eviscerate+1","Writhe","Terror+1","Leg Sweep","Malaise+1","Backflip+1"],"max_hp_per_floor":[70,70,70,70,70,70,70,70,70,70,70,70,70,70,70,70,75,75,75,75,75,75,75,75,75,75,75,75,75,75,75,75,75,75,75,75,75,75,75,75,75,75,75,75,75,75,75,75,75,75],"relics":["Orrery","Gremlin Horn","Tingsha","Torii","Tiny House","Matryoshka","Pandora\u0027s Box","Dead Branch","Art of War","Sundial","Tough Bandages"],"card_choices":[{"not_picked":["PiercingWail","Underhanded Strike"],"picked":"Tactician","floor":0},{"not_picked":["Dagger Spray","Cloak And Dagger"],"picked":"Dagger Throw","floor":0},{"not_picked":["Poisoned Stab","Sucker Punch"],"picked":"Dagger Spray","floor":0},{"not_picked":["Doppelganger","Poisoned Stab"],"picked":"Flying Knee","floor":6},{"not_picked":["Bane","Deflect"],"picked":"Well Laid Plans","floor":10},{"not_picked":["Envenom","Storm of Steel"],"picked":"Die Die Die","floor":16},{"not_picked":["Skewer","PiercingWail"],"picked":"Footwork","floor":18},{"not_picked":["Prepared","Skewer"],"picked":"Acrobatics","floor":20},{"not_picked":["Blade Dance","Outmaneuver"],"picked":"Acrobatics","floor":23},{"not_picked":["Cloak And Dagger","Leg Sweep"],"picked":"Backstab","floor":27},{"not_picked":["Acrobatics","Deflect"],"picked":"Deadly Poison","floor":30},{"not_picked":["Flying Knee","Slice"],"picked":"Unload","floor":31},{"not_picked":["Bullet Time","Venomology"],"picked":"Glass Knife","floor":33},{"not_picked":["Concentrate","Sucker Punch"],"picked":"Prepared","floor":35},{"not_picked":["Enlightenment","Secret Weapon"],"picked":"Bandage Up","floor":36},{"not_picked":["Dodge and Roll","Riddle With Holes"],"picked":"Outmaneuver","floor":37},{"not_picked":["All Out Attack","Outmaneuver"],"picked":"Eviscerate","floor":39},{"not_picked":["Dodge and Roll","Heel Hook"],"picked":"Terror","floor":42},{"not_picked":["Calculated Gamble","Poisoned Stab"],"picked":"Malaise","floor":47},{"not_picked":["Dagger Throw","Caltrops"],"picked":"Backflip","floor":48}],"player_experience":269293,"potions_floor_usage":[16,18,31,33,33,33,39,39,50,50,50],"damage_taken":[{"damage":3,"enemies":"Jaw Worm","floor":1,"turns":4},{"damage":0,"enemies":"2 Louse","floor":3,"turns":2},{"damage":45,"enemies":"Lagavulin","floor":6,"turns":11},{"damage":0,"enemies":"Cultist","floor":10,"turns":3},{"damage":1,"enemies":"3 Louse","floor":12,"turns":3},{"damage":7,"enemies":"Large Slime","floor":14,"turns":5},{"damage":43,"enemies":"Hexaghost","floor":16,"turns":16},{"damage":21,"enemies":"2 Thieves","floor":18,"turns":4},{"damage":0,"enemies":"3 Byrds","floor":20,"turns":5},{"damage":3,"enemies":"Snake Plant","floor":23,"turns":6},{"damage":1,"enemies":"Snecko","floor":27,"turns":6},{"damage":8,"enemies":"3 Cultists","floor":28,"turns":5},{"damage":0,"enemies":"Centurion and Healer","floor":30,"turns":7},{"damage":15,"enemies":"Cultist and Chosen","floor":31,"turns":7},{"damage":2,"enemies":"Champ","floor":33,"turns":14},{"damage":12,"enemies":"Orb Walker","floor":35,"turns":4},{"damage":29,"enemies":"Mysterious Sphere","floor":37,"turns":4},{"damage":14,"enemies":"3 Darklings","floor":39,"turns":3},{"damage":0,"enemies":"Sphere and 2 Shapes","floor":42,"turns":2},{"damage":12,"enemies":"Maw","floor":44,"turns":5},{"damage":0,"enemies":"4 Shapes","floor":47,"turns":4},{"damage":13,"enemies":"Sphere and 2 Shapes","floor":48,"turns":3},{"damage":55,"enemies":"Awakened One","floor":50,"turns":18}],"event_choices":[{"event_name":"Scrap Ooze","player_choice":"success","floor":2,"damage_taken":3},{"event_name":"Living Wall","player_choice":"Forget","floor":5,"damage_taken":0},{"event_name":"Upgrade Shrine","player_choice":"Upgraded","floor":8,"damage_taken":0},{"event_name":"Wheel of Change","player_choice":"Full Heal","floor":21,"damage_taken":0},{"event_name":"Ghosts","player_choice":"Ignored","floor":22,"damage_taken":0},{"event_name":"Transmorgrifier","player_choice":"Transform","floor":24,"damage_taken":0},{"event_name":"SensoryStone","player_choice":"Memory 1","floor":36,"damage_taken":0},{"event_name":"Mysterious Sphere","player_choice":"Fight","floor":37,"damage_taken":0},{"event_name":"Match and Keep!","player_choice":"0 cards matched","floor":38,"damage_taken":0},{"event_name":"Winding Halls","player_choice":"Writhe","floor":40,"damage_taken":0}],"boss_relics":[{"not_picked":["Ectoplasm","Lizard Tail"],"picked":"Tiny House"},{"not_picked":["Eternal Feather","Cursed Key"],"picked":"Pandora\u0027s Box"}],"potions_floor_spawned":[6,14,20,30,31,33,39,47,48],"seed_played":"5608873432683751192","ascension_level":0,"is_trial":false}