{"gold_per_floor":[111,111,211,223,235,264,279,299,351,351,6,24,24,24],"floor_reached":14,"playtime":346,"items_purged":["Strike_G"],"score":184,"play_id":"f1fd6b62-01c3-4704-b647-ee1ac789e6eb","local_time":"20181202144745","is_ascension_mode":true,"campfire_choices":[{"data":"Calculated Gamble","floor":10.0,"key":"SMITH"},{"data":"Neutralize","floor":13.0,"key":"SMITH"}],"neow_cost":"NONE","seed_source_timestamp":10770625552610,"circlet_count":0,"master_deck":["AscendersBane","Defend_G","Defend_G","Defend_G","Defend_G","Defend_G","Strike_G","Strike_G","Strike_G","Survivor","Neutralize+1","Quick Slash","Dash","Reflex","Calculated Gamble+1","Footwork+1","Glass Knife","Tactician"],"special_seed":0,"relics":["Ring of the Snake","NeowsBlessing","Frozen Egg 2","Juzu Bracelet"],"potions_floor_usage":[14,14],"damage_taken":[{"damage":0.0,"enemies":"Jaw Worm","floor":1.0,"turns":1.0},{"damage":0.0,"enemies":"Small Slimes","floor":4.0,"turns":1.0},{"damage":0.0,"enemies":"Cultist","floor":5.0,"turns":1.0},{"damage":35.0,"enemies":"Gremlin Nob","floor":6.0,"turns":6.0},{"damage":4.0,"enemies":"3 Louse","floor":7.0,"turns":5.0},{"damage":2.0,"enemies":"2 Fungi Beasts","floor":8.0,"turns":4.0},{"damage":0.0,"enemies":"Exordium Wildlife","floor":12.0,"turns":3.0},{"damage":27,"enemies":"Lagavulin","floor":14,"turns":10}],"seed_played":"-8525482716694435980","potions_obtained":[{"floor":4.0,"key":"Energy Potion"},{"floor":5.0,"key":"LiquidBronze"},{"floor":6.0,"key":"EssenceOfSteel"}],"is_trial":false,"path_per_floor":["M","?","?","M","M","E","M","M","T","R","$","M","R","E"],"character_chosen":"THE_SILENT","items_purchased":["Footwork+1","Glass Knife"],"campfire_rested":0,"item_purchase_floors":[11,11],"current_hp_per_floor":[59,52,52,52,52,17,13,11,11,11,11,11,11,0],"gold":24,"neow_bonus":"THREE_ENEMY_KILL","is_prod":false,"is_daily":false,"chose_seed":false,"campfire_upgraded":2,"win_rate":0,"timestamp":1543733265,"path_taken":["M","?","?","?","M","E","M","M","T","R","$","M","R","E"],"build_version":"2018-11-15","purchased_purges":1,"victory":false,"max_hp_per_floor":[66,66,66,66,66,66,66,66,66,66,66,66,66,66],"card_choices":[{"not_picked":["Dagger Throw","Dodge and Roll","Sucker Punch"],"picked":"SKIP","floor":1.0},{"not_picked":["Expertise","Sucker Punch"],"picked":"Quick Slash","floor":4.0},{"not_picked":["Flying Knee","Dagger Throw"],"picked":"Dash","floor":5.0},{"not_picked":["Bane","Slice"],"picked":"Reflex","floor":6.0},{"not_picked":["Bane","Eviscerate","Blade Dance"],"picked":"SKIP","floor":7.0},{"not_picked":["Setup","Infinite Blades+1"],"picked":"Calculated Gamble","floor":8.0},{"not_picked":["Infinite Blades+1","Backflip"],"picked":"Tactician","floor":12.0}],"player_experience":2266079,"relics_obtained":[{"floor":6.0,"key":"Frozen Egg 2"},{"floor":9.0,"key":"Juzu Bracelet"}],"event_choices":[{"cards_removed":["Strike_G"],"damage_healed":0.0,"max_hp_gain":0.0,"max_hp_loss":0.0,"gold_gain":0.0,"event_name":"Golden Wing","player_choice":"Card Removal","floor":2.0,"gold_loss":0.0,"damage_taken":7.0},{"damage_healed":0.0,"max_hp_gain":0.0,"max_hp_loss":0.0,"gold_gain":100.0,"event_name":"Wheel of Change","player_choice":"Gold","floor":3.0,"gold_loss":0.0,"damage_taken":0.0}],"is_beta":false,"boss_relics":[],"items_purged_floors":[11],"is_endless":false,"potions_floor_spawned":[4,5,6],"killed_by":"Lagavulin","ascension_level":20}