{"gold_per_floor":[115,60,71,71,86,86,112,112,136,165,165,178,240,252,252,327,327,340,36,36,36,36,65,65,94,121,152,152,67,98,127,127,200,200,213,213,228,228,243,277,277,310,334,362,396,425,444,461,461,461,461],"floor_reached":51,"playtime":3394,"items_purged":[],"score":2344,"play_id":"2f582d01-4c7a-454c-a24c-c6ec4777a4e6","local_time":"20190401173651","is_ascension_mode":true,"campfire_choices":[{"data":"Accuracy","floor":6.0,"key":"SMITH"},{"data":"Envenom","floor":8.0,"key":"SMITH"},{"data":"Neutralize","floor":11.0,"key":"SMITH"},{"data":"Tactician","floor":15.0,"key":"SMITH"},{"data":"Cloak And Dagger","floor":24.0,"key":"SMITH"},{"floor":28.0,"key":"REST"},{"data":"Calculated Gamble","floor":32.0,"key":"SMITH"},{"data":"Calculated Gamble","floor":41.0,"key":"SMITH"},{"floor":49.0,"key":"RECALL"}],"neow_cost":"TEN_PERCENT_HP_LOSS","seed_source_timestamp":293283148200,"circlet_count":0,"master_deck":["AscendersBane","Defend_G","Defend_G","Defend_G","Defend_G","Defend_G","Survivor","Neutralize+1","Blade Dance+1","Backstab+1","Accuracy+1","Envenom+1","Tactician+1","After Image","Blur+1","Acrobatics+1","Choke+1","Cloak And Dagger+1","Calculated Gamble+1","PiercingWail","Grand Finale","Acrobatics","Calculated Gamble+1","Writhe"],"special_seed":0,"relics":["Ring of the Snake","Smiling Mask","Orichalcum","Bronze Scales","Art of War","Astrolabe","Kunai","WingedGreaves","Bottled Tornado","Oddly Smooth Stone","Snake Skull","Blood Vial","Whetstone","Boot","Cursed Key","Ancient Tea Set","Bag of Preparation","Centennial Puzzle","Gremlin Horn","Pear"],"potions_floor_usage":[51],"damage_taken":[{"damage":0.0,"enemies":"Cultist","floor":1.0,"turns":4.0},{"damage":0.0,"enemies":"2 Louse","floor":3.0,"turns":4.0},{"damage":1.0,"enemies":"Small Slimes","floor":5.0,"turns":3.0},{"damage":8.0,"enemies":"Gremlin Nob","floor":7.0,"turns":3.0},{"damage":12.0,"enemies":"3 Sentries","floor":10.0,"turns":7.0},{"damage":0.0,"enemies":"Exordium Thugs","floor":12.0,"turns":3.0},{"damage":17.0,"enemies":"Gremlin Nob","floor":13.0,"turns":4.0},{"damage":3.0,"enemies":"Looter","floor":14.0,"turns":3.0},{"damage":7.0,"enemies":"Hexaghost","floor":16.0,"turns":9.0},{"damage":6.0,"enemies":"Chosen","floor":18.0,"turns":6.0},{"damage":4.0,"enemies":"Book of Stabbing","floor":23.0,"turns":6.0},{"damage":12.0,"enemies":"Slavers","floor":25.0,"turns":7.0},{"damage":4.0,"enemies":"Book of Stabbing","floor":27.0,"turns":6.0},{"damage":0.0,"enemies":"Gremlin Leader","floor":30.0,"turns":5.0},{"damage":0.0,"enemies":"Book of Stabbing","floor":31.0,"turns":5.0},{"damage":0.0,"enemies":"Champ","floor":33.0,"turns":10.0},{"damage":1.0,"enemies":"3 Shapes","floor":35.0,"turns":5.0},{"damage":3.0,"enemies":"3 Darklings","floor":37.0,"turns":6.0},{"damage":0.0,"enemies":"Spire Growth","floor":39.0,"turns":4.0},{"damage":0.0,"enemies":"Giant Head","floor":40.0,"turns":7.0},{"damage":0.0,"enemies":"Reptomancer","floor":42.0,"turns":7.0},{"damage":0.0,"enemies":"Giant Head","floor":44.0,"turns":8.0},{"damage":0.0,"enemies":"Nemesis","floor":45.0,"turns":5.0},{"damage":0.0,"enemies":"Giant Head","floor":46.0,"turns":6.0},{"damage":10.0,"enemies":"Jaw Worm Horde","floor":47.0,"turns":3.0},{"damage":0.0,"enemies":"Maw","floor":48.0,"turns":7.0},{"damage":0.0,"enemies":"Awakened One","floor":50.0,"turns":15.0},{"damage":66,"enemies":"Time Eater","floor":51,"turns":11}],"seed_played":"-384879256536066560","potions_obtained":[{"floor":1.0,"key":"Explosive Potion"},{"floor":3.0,"key":"Dexterity Potion"},{"floor":12.0,"key":"GamblersBrew"},{"floor":16.0,"key":"Weak Potion"},{"floor":18.0,"key":"AttackPotion"},{"floor":33.0,"key":"GhostInAJar"},{"floor":39.0,"key":"SteroidPotion"},{"floor":45.0,"key":"SneckoOil"},{"floor":46.0,"key":"Dexterity Potion"}],"is_trial":false,"path_per_floor":["M","$","M","?","M","R","E","R","T","E","R","M","?","M","R","B",null,"M","$","?","$","?","E","R","E","T","E","R","?","E","E","R","B",null,"M","?","M","?","M","E","R","E","T","E","E","E","M","M","R","B","B"],"character_chosen":"THE_SILENT","items_purchased":["SteroidPotion","Kunai","Calculated Gamble"],"campfire_rested":1,"item_purchase_floors":[2,19,19],"current_hp_per_floor":[59,59,59,59,58,58,50,50,50,38,38,38,21,18,18,11,48,42,42,42,42,42,38,38,26,26,22,40,40,42,44,44,46,57,58,57,54,54,56,57,57,57,57,57,57,67,57,59,59,61,0],"gold":461,"neow_bonus":"TRANSFORM_TWO_CARDS","is_prod":false,"is_daily":false,"chose_seed":false,"campfire_upgraded":7,"win_rate":0,"timestamp":1554111411,"path_taken":["M","?","?","?","M","R","E","R","T","E","R","?","?","M","R","BOSS","M","$","?","?","?","E","R","E","T","E","R","?","E","E","R","BOSS","M","?","M","?","M","E","R","E","T","E","E","E","M","M","R","BOSS","BOSS"],"build_version":"2019-03-15","purchased_purges":0,"victory":false,"max_hp_per_floor":[60,60,60,60,60,60,60,60,60,60,60,60,60,60,60,60,60,60,60,60,60,60,60,60,60,60,60,60,60,60,60,60,60,60,60,57,57,57,57,57,57,57,57,57,57,67,67,67,67,67,67],"card_choices":[{"not_picked":["Backflip","Bouncing Flask"],"picked":"Backstab","floor":1.0},{"not_picked":["Underhanded Strike","Dagger Throw"],"picked":"Accuracy","floor":3.0},{"not_picked":["Deflect","Leg Sweep","Dodge and Roll"],"picked":"SKIP","floor":5.0},{"not_picked":["Dodge and Roll","Underhanded Strike"],"picked":"Envenom","floor":7.0},{"not_picked":["Deflect","Glass Knife","PiercingWail"],"picked":"SKIP","floor":10.0},{"not_picked":["Flying Knee","Dagger Throw","Poisoned Stab"],"picked":"SKIP","floor":12.0},{"not_picked":["Riddle With Holes","Dodge and Roll"],"picked":"Tactician","floor":14.0},{"not_picked":["Burst","Wraith Form v2"],"picked":"After Image","floor":16.0},{"not_picked":["Dagger Throw","Caltrops"],"picked":"Cloak And Dagger","floor":18.0},{"not_picked":["Underhanded Strike","Slice","Outmaneuver"],"picked":"SKIP","floor":23.0},{"not_picked":["Dash","Slice","Sucker Punch"],"picked":"SKIP","floor":25.0},{"not_picked":["All Out Attack","Masterful Stab","Poisoned Stab"],"picked":"SKIP","floor":27.0},{"not_picked":["Cloak And Dagger","Blur","Poisoned Stab"],"picked":"SKIP","floor":30.0},{"not_picked":["PiercingWail","Slice","Cloak And Dagger"],"picked":"SKIP","floor":31.0},{"not_picked":["Tools of the Trade","A Thousand Cuts"],"picked":"Grand Finale","floor":33.0},{"not_picked":["Blade Dance","Slice","Eviscerate"],"picked":"SKIP","floor":35.0},{"not_picked":["Deadly Poison+1","Cloak And Dagger"],"picked":"Acrobatics","floor":37.0},{"not_picked":["PiercingWail","Deflect","Glass Knife"],"picked":"SKIP","floor":39.0},{"not_picked":["Cloak And Dagger","Dagger Spray"],"picked":"Calculated Gamble","floor":40.0},{"not_picked":["Dodge and Roll+1","Caltrops","Masterful Stab"],"picked":"SKIP","floor":42.0},{"not_picked":["Poisoned Stab","Noxious Fumes","Deadly Poison"],"picked":"SKIP","floor":44.0},{"not_picked":["Dagger Spray","PiercingWail","Phantasmal Killer"],"picked":"SKIP","floor":45.0},{"not_picked":["Dodge and Roll","Sucker Punch","Bouncing Flask"],"picked":"SKIP","floor":46.0},{"not_picked":["Prepared","Terror","Poisoned Stab"],"picked":"SKIP","floor":47.0},{"not_picked":["Dodge and Roll","Bouncing Flask","PiercingWail"],"picked":"SKIP","floor":48.0}],"player_experience":1318535,"relics_obtained":[{"floor":7.0,"key":"Smiling Mask"},{"floor":9.0,"key":"Orichalcum"},{"floor":10.0,"key":"Bronze Scales"},{"floor":23.0,"key":"WingedGreaves"},{"floor":25.0,"key":"Bottled Tornado"},{"floor":26.0,"key":"Oddly Smooth Stone"},{"floor":27.0,"key":"Snake Skull"},{"floor":30.0,"key":"Whetstone"},{"floor":31.0,"key":"Boot"},{"floor":40.0,"key":"Ancient Tea Set"},{"floor":42.0,"key":"Bag of Preparation"},{"floor":44.0,"key":"Centennial Puzzle"},{"floor":45.0,"key":"Gremlin Horn"},{"floor":46.0,"key":"Pear"}],"event_choices":[{"damage_healed":0.0,"max_hp_gain":0.0,"max_hp_loss":0.0,"gold_gain":0.0,"event_name":"Upgrade Shrine","player_choice":"Upgraded","floor":4.0,"gold_loss":0.0,"damage_taken":0.0,"cards_upgraded":["Blade Dance"]},{"damage_healed":0.0,"max_hp_gain":0.0,"max_hp_loss":0.0,"gold_gain":0.0,"event_name":"Dead Adventurer","player_choice":"Searched \u00272\u0027 times","floor":13.0,"gold_loss":0.0,"damage_taken":0.0,"relics_obtained":["Art of War"]},{"damage_healed":0.0,"max_hp_gain":0.0,"max_hp_loss":0.0,"gold_gain":0.0,"event_name":"Match and Keep!","player_choice":"1 cards matched","floor":20.0,"gold_loss":0.0,"damage_taken":0.0,"cards_obtained":["PiercingWail"]},{"cards_removed":["Sucker Punch"],"damage_healed":0.0,"max_hp_gain":0.0,"max_hp_loss":0.0,"gold_gain":0.0,"event_name":"Back to Basics","player_choice":"Elegance","floor":22.0,"gold_loss":0.0,"damage_taken":0.0},{"damage_healed":0.0,"max_hp_gain":0.0,"max_hp_loss":0.0,"gold_gain":0.0,"event_name":"Addict","player_choice":"Obtained Relic","floor":29.0,"gold_loss":85.0,"damage_taken":0.0,"relics_obtained":["Blood Vial"]},{"damage_healed":0.0,"max_hp_gain":0.0,"max_hp_loss":3.0,"gold_gain":0.0,"event_name":"Winding Halls","player_choice":"Max HP","floor":36.0,"gold_loss":0.0,"damage_taken":0.0},{"damage_healed":0.0,"max_hp_gain":0.0,"max_hp_loss":0.0,"gold_gain":0.0,"event_name":"Tomb of Lord Red Mask","player_choice":"Ignored","floor":38.0,"gold_loss":0.0,"damage_taken":0.0}],"is_beta":true,"boss_relics":[{"not_picked":["Calling Bell","Ectoplasm"],"picked":"Astrolabe"},{"not_picked":["WristBlade","Pandora\u0027s Box"],"picked":"Cursed Key"}],"items_purged_floors":[],"is_endless":false,"potions_floor_spawned":[1,3,5,12,14,16,18,33,39,45,46,47],"killed_by":"Time Eater","ascension_level":20}