{"gold_per_floor":[111,111,111,124,124,151,166,166,166,183,202,230,10,44,44,118,118,135,135,7,21,41,41,61,61,132,165,165,165,40,220,220,293,293,306,324,336,16,30,56,67,99,151,180,180,198,198,226,226,226,226,226,226,18,48,48],"floor_reached":57,"playtime":3415,"items_purged":["Streamline","Reinforced Body","Lockon+1","Hyperbeam+1"],"score":3570,"play_id":"df520661-c850-449f-9f0d-e3826c2f86ad","local_time":"20190127231006","is_ascension_mode":true,"campfire_choices":[{"data":"Loop","floor":8.0,"key":"SMITH"},{"floor":15.0,"key":"REST"},{"data":"Consume","floor":23.0,"key":"SMITH"},{"data":"Dualcast","floor":25.0,"key":"SMITH"},{"data":"Fission","floor":29.0,"key":"SMITH"},{"data":"Coolheaded","floor":32.0,"key":"SMITH"},{"data":"Seek","floor":45.0,"key":"SMITH"},{"floor":49,"key":"RECALL"},{"data":"Impatience","floor":53,"key":"SMITH"}],"neow_cost":"NONE","seed_source_timestamp":16602882897333,"circlet_count":0,"master_deck":["AscendersBane","Dualcast+1","Consume+1","Loop+1","Loop","Go for the Eyes+1","Coolheaded+1","Chill","Recycle","Rainbow","Blizzard+1","Cold Snap+1","Self Repair","Fission+1","Defragment","Impatience+1","Chill","Hologram+1","Seek+1"],"special_seed":0,"relics":["Cracked Core","NeowsBlessing","Turnip","Bag of Preparation","The Courier","Molten Egg 2","Singing Bowl","Runic Capacitor","Omamori","Pandora\u0027s Box","Bag of Marbles","Sundial","Oddly Smooth Stone","Coffee Dripper","Potion Belt","Emotion Chip","Du-Vu Doll","Dodecahedron","Bottled Lightning","Lantern"],"potions_floor_usage":[55,56,56,56,56,56,56,56],"damage_taken":[{"damage":0.0,"enemies":"Jaw Worm","floor":1.0,"turns":1.0},{"damage":0.0,"enemies":"Small Slimes","floor":4.0,"turns":1.0},{"damage":0.0,"enemies":"Gremlin Nob","floor":6.0,"turns":1.0},{"damage":2.0,"enemies":"Cultist","floor":7.0,"turns":4.0},{"damage":15.0,"enemies":"Gremlin Gang","floor":10.0,"turns":5.0},{"damage":6.0,"enemies":"2 Fungi Beasts","floor":11.0,"turns":4.0},{"damage":20.0,"enemies":"Lagavulin","floor":12.0,"turns":5.0},{"damage":16.0,"enemies":"Gremlin Nob","floor":14.0,"turns":4.0},{"damage":25.0,"enemies":"The Guardian","floor":16.0,"turns":12.0},{"damage":9.0,"enemies":"3 Byrds","floor":18.0,"turns":6.0},{"damage":0.0,"enemies":"Chosen","floor":21.0,"turns":6.0},{"damage":2.0,"enemies":"Centurion and Healer","floor":22.0,"turns":8.0},{"damage":1.0,"enemies":"Snecko","floor":24.0,"turns":6.0},{"damage":0.0,"enemies":"Slavers","floor":27.0,"turns":1.0},{"damage":0.0,"enemies":"Automaton","floor":33.0,"turns":8.0},{"damage":7.0,"enemies":"3 Shapes","floor":35.0,"turns":1.0},{"damage":0.0,"enemies":"Orb Walker","floor":36.0,"turns":3.0},{"damage":0.0,"enemies":"Sphere and 2 Shapes","floor":37.0,"turns":3.0},{"damage":0.0,"enemies":"Writhing Mass","floor":39.0,"turns":6.0},{"damage":2.0,"enemies":"Nemesis","floor":40.0,"turns":7.0},{"damage":0.0,"enemies":"3 Darklings","floor":41.0,"turns":1.0},{"damage":0.0,"enemies":"Reptomancer","floor":42.0,"turns":5.0},{"damage":0.0,"enemies":"Nemesis","floor":44.0,"turns":7.0},{"damage":0.0,"enemies":"4 Shapes","floor":46.0,"turns":1.0},{"damage":0,"enemies":"Giant Head","floor":48,"turns":3},{"damage":0,"enemies":"Time Eater","floor":50,"turns":10},{"damage":0,"enemies":"Donu and Deca","floor":51,"turns":5},{"damage":0,"enemies":"Shield and Spear","floor":55,"turns":3},{"damage":0,"enemies":"The Heart","floor":56,"turns":7}],"seed_played":"-5662018287378795855","potions_obtained":[{"floor":1.0,"key":"SpeedPotion"},{"floor":6.0,"key":"FairyPotion"},{"floor":7.0,"key":"Fruit Juice"},{"floor":16.0,"key":"Energy Potion"},{"floor":33.0,"key":"LiquidBronze"},{"floor":36.0,"key":"Block Potion"},{"floor":37.0,"key":"SkillPotion"},{"floor":40.0,"key":"AttackPotion"},{"floor":44.0,"key":"Ancient Potion"}],"is_trial":false,"path_per_floor":["M","?","?","M","T","E","M","R","T","M","M","E","$","E","R","B",null,"M","?","$","M","M","R","M","R","T","E","?","R","$","?","R","B",null,"M","M","M","$","M","E","M","E","T","E","R","M","?","E","R","B","B",null,"R","$","E","B",null],"character_chosen":"DEFECT","items_purchased":["Runic Capacitor","SkillPotion","FocusPotion","Swift Potion","Potion Belt","Block Potion","Fire Potion","EntropicBrew"],"campfire_rested":1,"item_purchase_floors":[13,13,20,30,38,38,38,54],"current_hp_per_floor":[64,64,57,57,57,57,60,60,60,45,39,21,21,7,31,6,62,53,53,53,55,55,55,54,54,54,54,54,54,54,22,22,31,72,65,74,76,76,85,92,94,96,96,96,96,98,100,102,102,102,102,102,102,102,104,104],"gold":48,"neow_bonus":"THREE_ENEMY_KILL","is_prod":false,"is_daily":false,"chose_seed":false,"campfire_upgraded":7,"win_rate":0,"timestamp":1548601806,"path_taken":["M","?","?","M","?","E","M","R","T","M","M","E","$","E","R","BOSS","M","?","$","?","?","R","M","R","T","E","?","R","$","?","R","BOSS","M","M","?","$","?","E","M","E","T","E","R","M","?","E","R","BOSS","BOSS","R","$","E","BOSS"],"build_version":"2019-01-23","purchased_purges":4,"victory":true,"max_hp_per_floor":[71,71,71,71,71,71,76,76,76,76,76,78,78,80,80,80,80,80,80,80,82,84,84,84,84,84,84,84,84,84,84,84,86,86,86,88,90,90,92,94,96,96,96,96,96,98,100,102,102,102,102,102,102,102,104,104],"card_choices":[{"not_picked":["Go for the Eyes","Darkness"],"picked":"Consume","floor":1.0},{"not_picked":["Redo","Stack"],"picked":"Streamline","floor":4.0},{"not_picked":["Hologram","Stack"],"picked":"Loop","floor":6.0},{"not_picked":["Rebound","Hologram","Streamline"],"picked":"SKIP","floor":7.0},{"not_picked":["Gash+1","Steam"],"picked":"Loop","floor":10.0},{"not_picked":["Reinforced Body","Sweeping Beam+1"],"picked":"Go for the Eyes+1","floor":11.0},{"not_picked":["Storm","Rip and Tear+1","Streamline+1"],"picked":"Singing Bowl","floor":12.0},{"not_picked":["Seek","Streamline+1","Loop"],"picked":"Singing Bowl","floor":14.0},{"not_picked":["Biased Cognition","Reboot"],"picked":"Hyperbeam+1","floor":16.0},{"not_picked":["Sweeping Beam+1","Ball Lightning+1"],"picked":"Cold Snap+1","floor":18.0},{"not_picked":["Go for the Eyes+1","Steam","Doom and Gloom+1"],"picked":"Singing Bowl","floor":21.0},{"not_picked":["Compile Driver+1","Go for the Eyes+1","Sweeping Beam+1"],"picked":"Singing Bowl","floor":22.0},{"not_picked":["Loop","Beam Cell+1"],"picked":"Self Repair","floor":24.0},{"not_picked":["Barrage+1","Turbo"],"picked":"Fission","floor":27.0},{"not_picked":["Thunder Strike+1","Hyperbeam+1","Fission"],"picked":"Singing Bowl","floor":33.0},{"not_picked":["Static Discharge","Stack"],"picked":"Chill","floor":35.0},{"not_picked":["Chaos","Gash+1","Static Discharge"],"picked":"Singing Bowl","floor":36.0},{"not_picked":["Turbo","Redo+1","Gash+1"],"picked":"Singing Bowl","floor":37.0},{"not_picked":["Turbo","Go for the Eyes+1","Force Field"],"picked":"Singing Bowl","floor":39.0},{"not_picked":["Gash+1","Steam Power","Streamline+1"],"picked":"Singing Bowl","floor":40.0},{"not_picked":["Gash+1","Hologram","Go for the Eyes+1"],"picked":"Singing Bowl","floor":41.0},{"not_picked":["Machine Learning","Barrage+1"],"picked":"Hologram+1","floor":42.0},{"not_picked":["Steam Power","Compile Driver+1"],"picked":"Seek","floor":44.0},{"not_picked":["Steam","Rebound+1","Compile Driver+1"],"picked":"Singing Bowl","floor":46.0},{"not_picked":["Dark Shackles","Forethought","Mayhem"],"picked":"Singing Bowl","floor":47},{"not_picked":["Ball Lightning+1","Steam+1","Melter+1"],"picked":"Singing Bowl","floor":48},{"not_picked":["Hello World","Darkness","Static Discharge+1"],"picked":"Singing Bowl","floor":55}],"player_experience":2605633,"relics_obtained":[{"floor":5.0,"key":"Bag of Preparation"},{"floor":6.0,"key":"The Courier"},{"floor":9.0,"key":"Molten Egg 2"},{"floor":12.0,"key":"Singing Bowl"},{"floor":14.0,"key":"Omamori"},{"floor":26.0,"key":"Sundial"},{"floor":27.0,"key":"Oddly Smooth Stone"},{"floor":40.0,"key":"Emotion Chip"},{"floor":42.0,"key":"Du-Vu Doll"},{"floor":44.0,"key":"Dodecahedron"},{"floor":48,"key":"Bottled Lightning"},{"floor":55,"key":"Lantern"}],"event_choices":[{"damage_healed":0.0,"max_hp_gain":0.0,"max_hp_loss":0.0,"gold_gain":0.0,"event_name":"Big Fish","player_choice":"Box","floor":2.0,"gold_loss":0.0,"damage_taken":0.0,"relics_obtained":["Turnip"],"cards_obtained":["Regret"]},{"cards_removed":["Regret"],"damage_healed":0.0,"max_hp_gain":0.0,"max_hp_loss":0.0,"gold_gain":0.0,"event_name":"Golden Wing","player_choice":"Card Removal","floor":3.0,"gold_loss":0.0,"damage_taken":7.0},{"cards_removed":["Hologram"],"damage_healed":0.0,"max_hp_gain":0.0,"max_hp_loss":0.0,"gold_gain":0.0,"event_name":"WeMeetAgain","player_choice":"Gave Card","floor":19.0,"gold_loss":0.0,"damage_taken":0.0,"relics_obtained":["Bag of Marbles"]},{"damage_healed":0.0,"max_hp_gain":0.0,"max_hp_loss":0.0,"gold_gain":0.0,"cards_transformed":["Zap","Redo"],"event_name":"Drug Dealer","player_choice":"Became Test Subject","floor":28.0,"gold_loss":0.0,"damage_taken":0.0,"cards_obtained":["Defragment","Lockon"]},{"damage_healed":0.0,"max_hp_gain":0.0,"max_hp_loss":0.0,"gold_gain":180.0,"event_name":"Knowing Skull","player_choice":"CARD GOLD GOLD ","floor":31.0,"potions_obtained":[],"gold_loss":0.0,"damage_taken":32.0,"cards_obtained":["Impatience"]},{"damage_healed":0,"gold_gain":0,"player_choice":"Memory 1","damage_taken":0,"max_hp_gain":0,"max_hp_loss":0,"event_name":"SensoryStone","floor":47,"gold_loss":0}],"is_beta":false,"boss_relics":[{"not_picked":["Tiny House","Runic Pyramid"],"picked":"Pandora\u0027s Box"},{"not_picked":["Runic Dome","Orrery"],"picked":"Coffee Dripper"}],"items_purged_floors":[20,30,38,54],"is_endless":false,"potions_floor_spawned":[1,6,7,16,21,22,33,36,37,40,44,48],"ascension_level":20}