{"gold_per_floor":[219,2,20,20,20,20,45,45,45,45,81,81,109,153,153,243,243,266,251,251,94,94,133,133,133],"floor_reached":25,"playtime":976,"items_purged":["Strike_B","Defend_B"],"score":450,"play_id":"d2bbfec1-b98c-46f0-b7ab-89370caf1127","local_time":"20181226234036","is_ascension_mode":true,"campfire_choices":[{"data":"Zap","floor":6.0,"key":"SMITH"},{"data":"Darkness","floor":8.0,"key":"SMITH"},{"data":"Beam Cell","floor":12.0,"key":"SMITH"},{"data":"Barrage","floor":15.0,"key":"SMITH"},{"floor":24.0,"key":"REST"}],"neow_cost":"NONE","seed_source_timestamp":245076432753,"circlet_count":0,"master_deck":["AscendersBane","Strike_B","Strike_B","Defend_B","Defend_B","Defend_B","Zap+1","Dualcast","Conserve Battery","Barrage+1","Hologram","Sweeping Beam","Darkness+1","Beam Cell+1","Cold Snap","Glacier+1","Ball Lightning+1"],"special_seed":0,"relics":["Cracked Core","Golden Idol","Darkstone Periapt","Regal Pillow","Odd Mushroom","Cables","Nuclear Battery","Question Card"],"potions_floor_usage":[],"damage_taken":[{"damage":0.0,"enemies":"2 Louse","floor":1.0,"turns":3.0},{"damage":0.0,"enemies":"Jaw Worm","floor":3.0,"turns":4.0},{"damage":5.0,"enemies":"Small Slimes","floor":7.0,"turns":3.0},{"damage":20.0,"enemies":"3 Sentries","floor":11.0,"turns":7.0},{"damage":13.0,"enemies":"The Mushroom Lair","floor":13.0,"turns":3.0},{"damage":11.0,"enemies":"Gremlin Nob","floor":14.0,"turns":3.0},{"damage":11.0,"enemies":"Slime Boss","floor":16.0,"turns":8.0},{"damage":0.0,"enemies":"Chosen","floor":18.0,"turns":4.0},{"damage":18.0,"enemies":"2 Thieves","floor":19.0,"turns":4.0},{"damage":52.0,"enemies":"Gremlin Leader","floor":23.0,"turns":8.0},{"damage":62,"enemies":"Book of Stabbing","floor":25,"turns":4}],"seed_played":"5987030768170655175","potions_obtained":[{"floor":13.0,"key":"SkillPotion"},{"floor":14.0,"key":"Ancient Potion"},{"floor":16.0,"key":"Regen Potion"},{"floor":19.0,"key":"LiquidBronze"}],"is_trial":false,"path_per_floor":["M","$","M","?","?","R","M","R","T","$","E","R","?","E","R","B",null,"M","M","?","$","?","E","R","E"],"character_chosen":"DEFECT","items_purchased":["Barrage","SteroidPotion","Hologram","Block Potion"],"campfire_rested":1,"item_purchase_floors":[2,2,2,21],"current_hp_per_floor":[64,64,64,64,64,64,59,59,59,59,39,39,26,15,15,4,49,61,43,43,43,74,22,59,0],"gold":133,"neow_bonus":"HUNDRED_GOLD","is_prod":false,"is_daily":false,"chose_seed":false,"campfire_upgraded":4,"win_rate":0,"timestamp":1545838836,"path_taken":["M","$","M","?","?","R","M","R","T","?","E","R","?","E","R","BOSS","M","M","?","$","?","E","R","E"],"build_version":"2018-12-20","purchased_purges":2,"victory":false,"max_hp_per_floor":[71,71,71,71,64,64,64,64,64,64,64,64,64,64,64,64,64,64,64,64,64,74,74,74,74],"card_choices":[{"not_picked":["Go for the Eyes","Leap"],"picked":"Conserve Battery","floor":1.0},{"not_picked":["Consume","Turbo"],"picked":"Sweeping Beam","floor":3.0},{"not_picked":["Fission","Recycle"],"picked":"Darkness","floor":7.0},{"not_picked":["Hello World","Compile Driver"],"picked":"Beam Cell","floor":11.0},{"not_picked":["Reprogram","Skim"],"picked":"Cold Snap","floor":14.0},{"not_picked":["Amplify","Seek"],"picked":"Buffer","floor":16.0},{"not_picked":["Sunder+1","Rebound"],"picked":"Glacier+1","floor":18.0},{"not_picked":["Stack","Turbo","Recycle"],"picked":"SKIP","floor":19.0},{"not_picked":["White Noise","Coolheaded"],"picked":"Ball Lightning+1","floor":23.0}],"player_experience":2456531,"relics_obtained":[{"floor":9.0,"key":"Darkstone Periapt"},{"floor":11.0,"key":"Regal Pillow"},{"floor":13.0,"key":"Odd Mushroom"},{"floor":14.0,"key":"Cables"},{"floor":23.0,"key":"Question Card"}],"event_choices":[{"damage_healed":0.0,"max_hp_gain":0.0,"max_hp_loss":0.0,"gold_gain":0.0,"event_name":"Liars Game","player_choice":"Ignored","floor":4.0,"gold_loss":0.0,"damage_taken":0.0},{"damage_healed":0.0,"max_hp_gain":0.0,"max_hp_loss":7.0,"gold_gain":0.0,"event_name":"Golden Idol","player_choice":"Lose Max HP","floor":5.0,"gold_loss":0.0,"damage_taken":0.0,"relics_obtained":["Golden Idol"]},{"damage_healed":0.0,"max_hp_gain":0.0,"max_hp_loss":0.0,"gold_gain":0.0,"event_name":"Mushrooms","player_choice":"Fought Mushrooms","floor":13.0,"gold_loss":0.0,"damage_taken":0.0},{"cards_removed":["Strike_B"],"damage_healed":0.0,"max_hp_gain":0.0,"max_hp_loss":0.0,"gold_gain":0.0,"event_name":"Back to Basics","player_choice":"Elegance","floor":20.0,"gold_loss":0.0,"damage_taken":0.0},{"cards_removed":["Buffer"],"damage_healed":21.0,"max_hp_gain":10.0,"max_hp_loss":0.0,"gold_gain":0.0,"event_name":"Bonfire Elementals","player_choice":"Offered Rare","floor":22.0,"gold_loss":0.0,"damage_taken":0.0}],"is_beta":false,"boss_relics":[{"not_picked":["Calling Bell","White Beast Statue"],"picked":"Nuclear Battery"}],"items_purged_floors":[2,21],"is_endless":false,"potions_floor_spawned":[13,14,16,19],"killed_by":"Book of Stabbing","ascension_level":20}