{"gold_per_floor":[115,131,34,134,134,134,209,224,224,258,270,270,284,318,318,389,389,389,389,389],"floor_reached":20,"playtime":774,"items_purged":[],"score":322,"play_id":"ba004f9d-8ea2-46e4-8f15-31c4a2fba6ab","local_time":"20180927012558","is_ascension_mode":true,"campfire_choices":[{"data":"Perfected Strike","floor":6,"key":"SMITH"},{"data":"Perfected Strike","floor":12,"key":"SMITH"},{"floor":15,"key":"REST"}],"neow_cost":"","seed_source_timestamp":13686616975234,"circlet_count":0,"master_deck":["Strike_R","Strike_R","Strike_R","Strike_R","Strike_R","Defend_R","Defend_R","Defend_R","Defend_R","Bash","AscendersBane","Perfected Strike+1","Fire Breathing","Flash of Steel","Perfected Strike+1","Wild Strike","Power Through","Impervious","Demon Form","Burning Pact+1"],"relics":["Burning Blood","Ornamental Fan","Bottled Lightning","Bottled Flame","Art of War","Ectoplasm"],"potions_floor_usage":[16,20],"damage_taken":[{"damage":14,"enemies":"Jaw Worm","floor":1,"turns":8},{"damage":1,"enemies":"Cultist","floor":2,"turns":3},{"damage":2,"enemies":"2 Louse","floor":8,"turns":3},{"damage":12,"enemies":"Gremlin Nob","floor":10,"turns":3},{"damage":0,"enemies":"Large Slime","floor":11,"turns":3},{"damage":7,"enemies":"Looter","floor":13,"turns":2},{"damage":16,"enemies":"3 Sentries","floor":14,"turns":6},{"damage":33,"enemies":"The Guardian","floor":16,"turns":12},{"damage":14,"enemies":"Shell Parasite","floor":18,"turns":5},{"damage":23,"enemies":"Spheric Guardian","floor":19,"turns":4},{"damage":14,"enemies":"Colosseum Slavers","floor":20,"turns":2},{"damage":45,"enemies":"Colosseum Nobs","floor":20,"turns":7}],"seed_played":"3658508008280607451","potions_obtained":[{"floor":2,"key":"GamblersBrew"},{"floor":11,"key":"FearPotion"},{"floor":13,"key":"FairyPotion"},{"floor":18,"key":"Explosive Potion"},{"floor":19,"key":"EssenceOfSteel"}],"is_trial":false,"path_per_floor":["M","M","$","?","?","R","?","M","T","E","M","R","M","E","R","B",null,"M","M"],"character_chosen":"IRONCLAD","items_purchased":["Flash of Steel"],"campfire_rested":1,"item_purchase_floors":[3],"current_hp_per_floor":[60,65,65,65,30,30,19,23,23,17,23,23,22,12,34,7,58,50,33,0],"gold":389,"neow_bonus":"","is_prod":false,"is_daily":false,"chose_seed":false,"campfire_upgraded":2,"win_rate":0,"timestamp":1538004358,"path_taken":["M","M","$","?","?","R","?","M","T","E","M","R","M","E","R","BOSS","M","M","?"],"build_version":"2018-09-20","purchased_purges":0,"victory":false,"max_hp_per_floor":[75,75,75,75,75,75,75,75,75,75,75,75,75,75,75,75,75,75,75,75],"card_choices":[{"not_picked":["Flex","Heavy Blade"],"picked":"Perfected Strike","floor":1},{"not_picked":["Dropkick","Flex"],"picked":"Fire Breathing","floor":2},{"not_picked":["Hemokinesis","Rage"],"picked":"Perfected Strike","floor":8},{"not_picked":["Carnage","Clothesline"],"picked":"Wild Strike","floor":10},{"not_picked":["Rage","Warcry"],"picked":"Power Through","floor":11},{"not_picked":["Brutality","Thunderclap","Bloodletting"],"picked":"SKIP","floor":13},{"not_picked":["Sword Boomerang","Carnage"],"picked":"Impervious","floor":14},{"not_picked":["Dark Embrace","Barricade"],"picked":"Demon Form","floor":16},{"not_picked":["Sword Boomerang","Anger","Shrug It Off"],"picked":"SKIP","floor":18},{"not_picked":["True Grit","Cleave"],"picked":"Burning Pact+1","floor":19}],"player_experience":271099,"relics_obtained":[{"floor":9,"key":"Bottled Lightning"},{"floor":10,"key":"Bottled Flame"},{"floor":14,"key":"Art of War"}],"event_choices":[{"event_name":"Wheel of Change","player_choice":"Gold","floor":4,"damage_taken":0},{"event_name":"Scrap Ooze","player_choice":"success","floor":5,"damage_taken":35},{"event_name":"World of Goop","player_choice":"Gather Gold","floor":7,"damage_taken":0},{"event_name":"Colosseum","player_choice":"Fight","floor":20,"damage_taken":0},{"event_name":"Colosseum","player_choice":"Fought Nobs","floor":20,"damage_taken":0}],"is_beta":false,"boss_relics":[{"not_picked":["White Beast Statue","Pandora\u0027s Box"],"picked":"Ectoplasm"}],"items_purged_floors":[],"is_endless":false,"potions_floor_spawned":[2,11,13,18,19],"killed_by":"Colosseum Nobs","ascension_level":15}