{"gold_per_floor":[118,129,140,100,114,114,143,162,186,213,225,267,279,301,313,399,411,439,469,494,33,33,33,68,68,93,93,124,138,188,238,238,314,314,329,341,441,453,500,500,534,126,150,150,150,165,192,207,207,207,207,207,207,82,109,109],"floor_reached":57,"playtime":4519,"items_purged":["Strike_R","Strike_R"],"score":2899,"play_id":"a7f993de-5d52-48e8-a5b9-b9af6db4700d","local_time":"20190402082039","is_ascension_mode":true,"campfire_choices":[{"data":"Bash","floor":6.0,"key":"SMITH"},{"data":"Demon Form","floor":13.0,"key":"SMITH"},{"data":"Flame Barrier","floor":15.0,"key":"SMITH"},{"floor":23,"key":"REST"},{"data":"Whirlwind","floor":25,"key":"SMITH"},{"data":"Uppercut","floor":27,"key":"SMITH"},{"floor":32,"key":"REST"},{"floor":40,"key":"RECALL"},{"floor":44,"key":"REST"},{"floor":49,"key":"REST"},{"floor":53,"key":"REST"}],"neow_cost":"NONE","seed_source_timestamp":1125863769806600,"circlet_count":0,"master_deck":["AscendersBane","Strike_R","Strike_R+1","Defend_R","Defend_R","Defend_R+1","Defend_R+1","Bash+1","Headbutt+1","Flame Barrier+1","Thunderclap","Demon Form+1","Anger","Whirlwind+1","Juggernaut","Exhume","Sword Boomerang","Mayhem","Uppercut+1","Impervious","Feel No Pain+1","Havoc","Corruption","Sentinel","Shrug It Off","Fiend Fire","Shrug It Off","Heavy Blade+1"],"special_seed":0,"relics":["Burning Blood","Orichalcum","War Paint","MawBank","Oddly Smooth Stone","Art of War","Snecko Eye","Mercury Hourglass","Happy Flower","Bronze Scales","Self Forming Clay","Fusion Hammer","Dead Branch","Calipers","Whetstone","Gambling Chip","Sundial","Anchor"],"potions_floor_usage":[16,19,29,33,37,56],"damage_taken":[{"damage":5.0,"enemies":"Cultist","floor":1.0,"turns":4.0},{"damage":6.0,"enemies":"2 Louse","floor":2.0,"turns":2.0},{"damage":12.0,"enemies":"Small Slimes","floor":3.0,"turns":3.0},{"damage":0.0,"enemies":"Looter","floor":4.0,"turns":4.0},{"damage":22.0,"enemies":"Exordium Thugs","floor":5.0,"turns":7.0},{"damage":2.0,"enemies":"Gremlin Nob","floor":7.0,"turns":3.0},{"damage":12.0,"enemies":"Exordium Wildlife","floor":8.0,"turns":5.0},{"damage":0.0,"enemies":"3 Louse","floor":10.0,"turns":2.0},{"damage":30.0,"enemies":"Lagavulin","floor":12.0,"turns":8.0},{"damage":7.0,"enemies":"Blue Slaver","floor":14.0,"turns":3.0},{"damage":19,"enemies":"The Guardian","floor":16,"turns":9},{"damage":8,"enemies":"Shell Parasite","floor":18,"turns":4},{"damage":18,"enemies":"3 Byrds","floor":19,"turns":4},{"damage":16,"enemies":"Sentry and Sphere","floor":20,"turns":4},{"damage":11,"enemies":"Gremlin Leader","floor":24,"turns":5},{"damage":18,"enemies":"Book of Stabbing","floor":28,"turns":4},{"damage":12,"enemies":"Cultist and Chosen","floor":29,"turns":4},{"damage":15,"enemies":"Collector","floor":33,"turns":6},{"damage":2,"enemies":"3 Darklings","floor":35,"turns":3},{"damage":0,"enemies":"Orb Walker","floor":36,"turns":2},{"damage":0,"enemies":"Mind Bloom Boss Battle","floor":37,"turns":4},{"damage":0,"enemies":"3 Darklings","floor":38,"turns":4},{"damage":22,"enemies":"2 Orb Walkers","floor":39,"turns":4},{"damage":10,"enemies":"Nemesis","floor":41,"turns":5},{"damage":1,"enemies":"Transient","floor":46,"turns":5},{"damage":0,"enemies":"Giant Head","floor":47,"turns":4},{"damage":18,"enemies":"Jaw Worm Horde","floor":48,"turns":3},{"damage":6,"enemies":"Donu and Deca","floor":50,"turns":5},{"damage":18,"enemies":"Time Eater","floor":51,"turns":5},{"damage":8,"enemies":"Shield and Spear","floor":55,"turns":4},{"damage":6,"enemies":"The Heart","floor":56,"turns":8}],"seed_played":"3189939920355524458","potions_obtained":[{"floor":2.0,"key":"SpeedPotion"},{"floor":5.0,"key":"AttackPotion"},{"floor":8.0,"key":"Explosive Potion"},{"floor":10.0,"key":"Regen Potion"},{"floor":14.0,"key":"LiquidBronze"},{"floor":16,"key":"Block Potion"},{"floor":19,"key":"Ancient Potion"},{"floor":28,"key":"BloodPotion"},{"floor":29,"key":"Swift Potion"},{"floor":33,"key":"Fire Potion"},{"floor":39,"key":"Ancient Potion"}],"is_trial":false,"path_per_floor":["M","M","M","M","M","R","E","M","T","M","?","E","R","M","R","B",null,"M","M","M","$","?","R","E","R","T","R","E","M","?","?","R","B",null,"M","M","?","M","?","R","E","$","T","R","?","M","E","M","R","B","B",null,"R","$","E","B",null],"character_chosen":"IRONCLAD","items_purchased":["Mayhem","Mercury Hourglass","Gambling Chip","Shrug It Off"],"campfire_rested":5,"item_purchase_floors":[21,21,42,54],"current_hp_per_floor":[69,69,63,69,53,53,57,51,51,57,46,37,37,36,36,23,62,60,48,38,38,38,60,55,55,55,55,43,44,44,44,66,57,71,75,75,75,75,59,59,55,55,55,75,75,75,75,63,75,75,63,72,75,75,73,73],"gold":109,"neow_bonus":"RANDOM_COMMON_RELIC","is_prod":false,"is_daily":false,"chose_seed":false,"campfire_upgraded":5,"win_rate":0,"timestamp":1554189639,"path_taken":["M","M","M","?","?","R","E","M","T","?","?","E","R","M","R","BOSS","M","M","M","$","?","R","E","R","T","R","E","M","?","?","R","BOSS","M","M","?","M","?","R","E","$","T","R","?","M","E","M","R","BOSS","BOSS","R","$","E","BOSS"],"build_version":"2019-01-23","purchased_purges":2,"victory":true,"max_hp_per_floor":[75,75,75,75,75,75,75,75,75,75,75,75,75,75,75,75,75,75,75,75,75,75,75,75,75,75,75,75,75,75,75,75,75,75,75,75,75,75,75,75,75,75,75,75,75,75,75,75,75,75,75,75,75,75,75,75],"card_choices":[{"not_picked":["True Grit","Body Slam"],"picked":"Headbutt","floor":1.0},{"not_picked":["Wild Strike","Havoc","Rupture"],"picked":"SKIP","floor":2.0},{"not_picked":["Wild Strike","Corruption"],"picked":"Flame Barrier","floor":3.0},{"not_picked":["Brutality","Rampage"],"picked":"Thunderclap","floor":4.0},{"not_picked":["Headbutt","Ghostly Armor","Havoc"],"picked":"SKIP","floor":5.0},{"not_picked":["Heavy Blade","Wild Strike"],"picked":"Demon Form","floor":7.0},{"not_picked":["Iron Wave","Sever Soul"],"picked":"Anger","floor":8.0},{"not_picked":["Entrench","Dropkick"],"picked":"Whirlwind","floor":10.0},{"not_picked":["Metallicize","Flame Barrier"],"picked":"Juggernaut","floor":12.0},{"not_picked":["Ghostly Armor","Reckless Charge","Clash"],"picked":"SKIP","floor":14.0},{"not_picked":["Double Tap","Juggernaut"],"picked":"Exhume","floor":16},{"not_picked":["Body Slam","Anger"],"picked":"Sword Boomerang","floor":18},{"not_picked":["Pommel Strike","Body Slam","True Grit"],"picked":"SKIP","floor":19},{"not_picked":["True Grit","Thunderclap+1","Armaments"],"picked":"SKIP","floor":20},{"not_picked":["Hemokinesis","Power Through"],"picked":"Uppercut","floor":24},{"not_picked":["Perfected Strike","Sword Boomerang","Armaments"],"picked":"SKIP","floor":28},{"not_picked":["Wild Strike+1","Body Slam+1","Brutality"],"picked":"SKIP","floor":29},{"not_picked":["Brutality","Juggernaut"],"picked":"Impervious","floor":33},{"not_picked":["Thunderclap+1","Armaments","Body Slam"],"picked":"SKIP","floor":35},{"not_picked":["Carnage","Thunderclap"],"picked":"Feel No Pain+1","floor":36},{"not_picked":["Rage+1","Dual Wield"],"picked":"Havoc","floor":37},{"not_picked":["Cleave","Body Slam+1","Havoc"],"picked":"SKIP","floor":38},{"not_picked":["Wild Strike+1","Blood for Blood"],"picked":"Corruption","floor":39},{"not_picked":["Twin Strike","Bloodletting"],"picked":"Sentinel","floor":41},{"not_picked":["Sword Boomerang","Armaments"],"picked":"Shrug It Off","floor":46},{"not_picked":["Blood for Blood","Dual Wield"],"picked":"Fiend Fire","floor":47},{"not_picked":["Iron Wave","Twin Strike+1","Clothesline"],"picked":"SKIP","floor":48},{"not_picked":["Perfected Strike+1","Twin Strike"],"picked":"Heavy Blade+1","floor":55}],"player_experience":2450255,"relics_obtained":[{"floor":7.0,"key":"War Paint"},{"floor":9.0,"key":"MawBank"},{"floor":12.0,"key":"Art of War"},{"floor":24,"key":"Happy Flower"},{"floor":26,"key":"Bronze Scales"},{"floor":28,"key":"Self Forming Clay"},{"floor":37,"key":"Dead Branch"},{"floor":39,"key":"Calipers"},{"floor":41,"key":"Whetstone"},{"floor":47,"key":"Sundial"},{"floor":55,"key":"Anchor"}],"event_choices":[{"damage_healed":0.0,"max_hp_gain":0.0,"max_hp_loss":0.0,"gold_gain":0.0,"event_name":"Scrap Ooze","player_choice":"Success","floor":11.0,"gold_loss":0.0,"damage_taken":11.0,"relics_obtained":["Oddly Smooth Stone"]},{"damage_healed":0,"gold_gain":0,"player_choice":"Ignored","damage_taken":0,"max_hp_gain":0,"max_hp_loss":0,"event_name":"Beggar","floor":22,"gold_loss":0},{"damage_healed":0,"gold_gain":50,"player_choice":"Stole From Cult","damage_taken":0,"max_hp_gain":0,"max_hp_loss":0,"event_name":"Nest","floor":30,"gold_loss":0},{"damage_healed":0,"gold_gain":50,"player_choice":"Pray","damage_taken":0,"max_hp_gain":0,"max_hp_loss":0,"event_name":"Golden Shrine","floor":31,"gold_loss":0},{"damage_healed":0,"gold_gain":0,"player_choice":"Fight","damage_taken":0,"max_hp_gain":0,"max_hp_loss":0,"event_name":"MindBloom","floor":37,"gold_loss":0},{"damage_healed":0,"gold_gain":0,"player_choice":"Fight","damage_taken":0,"max_hp_gain":0,"max_hp_loss":0,"event_name":"Mysterious Sphere","floor":39,"gold_loss":0},{"cards_removed":["Strike_R"],"damage_healed":0,"gold_gain":0,"player_choice":"Removed Attack","damage_taken":0,"max_hp_gain":0,"max_hp_loss":0,"event_name":"Falling","floor":45,"gold_loss":0}],"is_beta":false,"boss_relics":[{"not_picked":["Velvet Choker","Eternal Feather"],"picked":"Snecko Eye"},{"not_picked":["Cursed Key","Philosopher\u0027s Stone"],"picked":"Fusion Hammer"}],"items_purged_floors":[42,54],"is_endless":false,"potions_floor_spawned":[2,5,8,10,14,16,19,28,29,33,35,36,39,47],"ascension_level":20}