{"gold_per_floor":[117,67,67,84,100,100,117,117,141,159,188,23,23,34,34,136,136,151,151,151,169,169],"floor_reached":22,"playtime":684,"items_purged":["Strike_B"],"score":258,"play_id":"30064cf0-be49-4a2e-98ff-20be4611ba61","local_time":"20180821003357","is_ascension_mode":true,"campfire_choices":[{"data":"Defragment","floor":6,"key":"SMITH"},{"data":"Zap","floor":8,"key":"SMITH"},{"floor":13,"key":"REST"},{"data":"Loop","floor":15,"key":"SMITH"}],"neow_cost":"NONE","seed_source_timestamp":109880819197655,"circlet_count":0,"master_deck":["Defend_B","Defend_B","Defend_B","Defend_B","Zap+1","Dualcast","Defragment+1","Stack","Redo","Fission","FTL","Cold Snap","Loop+1","Coolheaded","Loop","Electrodynamics","Sunder+1","Bite","Bite","Bite","Bite","Bite","Darkness+1"],"relics":["Cracked Core","Pen Nib","Art of War","Snecko Eye","Bronze Scales"],"potions_floor_usage":[14,21],"damage_taken":[{"damage":7,"enemies":"Small Slimes","floor":1,"turns":3},{"damage":0,"enemies":"2 Louse","floor":4,"turns":2},{"damage":1,"enemies":"Cultist","floor":5,"turns":3},{"damage":8,"enemies":"3 Louse","floor":7,"turns":3},{"damage":38,"enemies":"Gremlin Gang","floor":10,"turns":4},{"damage":18,"enemies":"Gremlin Nob","floor":11,"turns":3},{"damage":2,"enemies":"Looter","floor":14,"turns":2},{"damage":8,"enemies":"Hexaghost","floor":16,"turns":8},{"damage":27,"enemies":"2 Thieves","floor":18,"turns":3},{"damage":10,"enemies":"Chosen","floor":21,"turns":4},{"damage":31,"enemies":"Snake Plant","floor":22,"turns":2}],"seed_played":"2478197001424635790","potions_obtained":[{"floor":4,"key":"EssenceOfSteel"},{"floor":16,"key":"Ancient Potion"}],"is_trial":false,"path_per_floor":["M","?","?","M","M","R","M","R","T","M","E","$","R","M","R","B",null,"M","?","?","M"],"character_chosen":"DEFECT","items_purchased":["Loop","Coolheaded"],"campfire_rested":1,"item_purchase_floors":[12,12],"current_hp_per_floor":[68,68,68,68,67,67,59,59,59,21,3,3,25,23,23,15,60,33,33,33,27,0],"gold":169,"neow_bonus":"THREE_CARDS","is_prod":false,"is_daily":false,"chose_seed":false,"campfire_upgraded":3,"win_rate":0,"timestamp":1534804437,"path_taken":["M","?","?","?","M","R","?","R","T","?","E","$","R","M","R","BOSS","M","?","?","M","M"],"build_version":"2018-08-16","purchased_purges":1,"victory":false,"max_hp_per_floor":[75,75,75,75,75,75,75,75,75,75,75,75,75,75,75,75,75,75,52,52,52,52],"card_choices":[{"not_picked":["Gash","Barrage"],"picked":"Defragment","floor":0},{"not_picked":["Gash","Melter"],"picked":"Stack","floor":1},{"not_picked":["Gash","Sweeping Beam"],"picked":"Redo","floor":4},{"not_picked":["Stack","Gash"],"picked":"Fission","floor":5},{"not_picked":["Rebound","Recycle"],"picked":"FTL","floor":7},{"not_picked":["Sweeping Beam","Force Field"],"picked":"Streamline","floor":10},{"not_picked":["All For One","Double Energy"],"picked":"Cold Snap","floor":11},{"not_picked":["Turbo","Steam"],"picked":"Loop","floor":14},{"not_picked":["Multi-Cast","Hyperbeam"],"picked":"Electrodynamics","floor":16},{"not_picked":["Leap","Recycle"],"picked":"Sunder+1","floor":18},{"not_picked":["Reprogram","Recycle"],"picked":"Darkness+1","floor":21}],"player_experience":248395,"relics_obtained":[{"floor":9,"key":"Pen Nib"},{"floor":11,"key":"Art of War"}],"event_choices":[{"event_name":"The Cleric","player_choice":"Card Removal","floor":2,"damage_taken":0},{"event_name":"The Woman in Blue","player_choice":"Bought 0 Potions","floor":3,"damage_taken":0},{"event_name":"Vampires","player_choice":"Became a vampire","floor":19,"damage_taken":0},{"event_name":"WeMeetAgain","player_choice":"Card","floor":20,"damage_taken":0}],"is_beta":false,"boss_relics":[{"not_picked":["White Beast Statue","Pandora\u0027s Box"],"picked":"Snecko Eye"}],"items_purged_floors":[12],"is_endless":false,"potions_floor_spawned":[4,16],"killed_by":"Snake Plant","ascension_level":5}