{"gold_per_floor":[212,212,226,32,52,77,77,111,166,178,190,202,214,256,268,359,371,394,406,436,464,24,24,24,37,63,93,113,142,67,79,79,153,153,169,180,200,200,50,50,0,0,25,59,59,71,102,114,114,114],"floor_reached":51,"playtime":3013,"items_purged":["Defend_R+1"],"score":1342,"play_id":"0510ad33-8f5b-4eed-a717-e2264e0d82e3","local_time":"20180804090318","is_ascension_mode":true,"campfire_choices":[{"data":"Whirlwind","floor":7.0,"key":"SMITH"},{"floor":10.0,"key":"REST"},{"floor":12.0,"key":"REST"},{"data":"Feel No Pain","floor":15.0,"key":"SMITH"},{"floor":23.0,"key":"REST"},{"floor":32,"key":"REST"},{"floor":40,"key":"REST"},{"floor":42,"key":"REST"},{"floor":45,"key":"REST"},{"floor":49,"key":"REST"}],"neow_cost":"NONE","seed_source_timestamp":600382982778,"circlet_count":0,"master_deck":["Strike_R+1","Strike_R+1","Strike_R+1","Strike_R+1","Defend_R+1","Defend_R+1","Defend_R+1","Bash+1","AscendersBane","Metallicize","Whirlwind+1","Headbutt+1","Feel No Pain+1","Shrug It Off","Battle Trance","Impervious","Shockwave","Thunderclap","Limit Break","Demon Form","Sword Boomerang","Shrug It Off","Injury","Power Through"],"special_seed":0,"relics":["Burning Blood","Medical Kit","Singing Bowl","Regal Pillow","MawBank","Gremlin Horn","Fusion Hammer","Red Skull","Toolbox","Bag of Preparation","Sundial","Potion Belt","Cursed Key","FaceOfCleric","Red Mask","Orichalcum","Nunchaku","Centennial Puzzle"],"potions_floor_usage":[27,31,33,50,50],"damage_taken":[{"damage":9.0,"enemies":"2 Louse","floor":1.0,"turns":3.0},{"damage":6.0,"enemies":"Cultist","floor":3.0,"turns":4.0},{"damage":9.0,"enemies":"Jaw Worm","floor":5.0,"turns":3.0},{"damage":32.0,"enemies":"Gremlin Nob","floor":6.0,"turns":5.0},{"damage":33.0,"enemies":"Lagavulin","floor":8.0,"turns":8.0},{"damage":16.0,"enemies":"Gremlin Nob","floor":14.0,"turns":3.0},{"damage":46.0,"enemies":"Hexaghost","floor":16.0,"turns":15.0},{"damage":7.0,"enemies":"2 Thieves","floor":18.0,"turns":3.0},{"damage":0.0,"enemies":"Chosen","floor":20.0,"turns":5.0},{"damage":9.0,"enemies":"3 Cultists","floor":21.0,"turns":4.0},{"damage":4.0,"enemies":"Cultist and Chosen","floor":25.0,"turns":4.0},{"damage":0,"enemies":"Slavers","floor":27,"turns":2},{"damage":6,"enemies":"Chosen and Byrds","floor":28,"turns":4},{"damage":39,"enemies":"Book of Stabbing","floor":29,"turns":7},{"damage":0,"enemies":"Sentry and Sphere","floor":31,"turns":5},{"damage":47,"enemies":"Automaton","floor":33,"turns":8},{"damage":1,"enemies":"Flame Bruiser 1 Orb","floor":35,"turns":5},{"damage":0,"enemies":"3 Darklings","floor":36,"turns":3},{"damage":7,"enemies":"Spire Growth","floor":37,"turns":5},{"damage":22,"enemies":"2 Orb Walkers","floor":44,"turns":4},{"damage":0,"enemies":"Transient","floor":46,"turns":5},{"damage":18,"enemies":"Nemesis","floor":47,"turns":7},{"damage":13,"enemies":"4 Shapes","floor":48,"turns":2},{"damage":63,"enemies":"Awakened One","floor":50,"turns":10}],"seed_played":"1079035225338208814","potions_obtained":[{"floor":6.0,"key":"Swift Potion"},{"floor":8.0,"key":"FearPotion"},{"floor":14.0,"key":"Ancient Potion"},{"floor":16.0,"key":"Block Potion"},{"floor":20.0,"key":"Energy Potion"},{"floor":21.0,"key":"LiquidBronze"},{"floor":29,"key":"Energy Potion"},{"floor":36,"key":"SneckoOil"},{"floor":47,"key":"LiquidBronze"}],"is_trial":false,"path_per_floor":["M","?","M","$","M","E","R","E","T","R","?","R","$","E","R","B",null,"M","?","M","M","$","R","?","M","T","E","M","E","?","M","R","B",null,"M","M","M","?","$","R","?","R","T","E","R","M","E","M","R","B"],"character_chosen":"IRONCLAD","items_purchased":["Medical Kit","Strength Potion","Thunderclap","Red Skull","Toolbox","Dexterity Potion","Shrug It Off"],"campfire_rested":8,"item_purchase_floors":[4,22,22,22,22,39,39],"current_hp_per_floor":[65,65,65,65,62,36,36,9,9,46,23,60,60,50,50,10,59,60,60,66,65,65,79,79,81,81,83,85,52,52,60,87,46,77,86,89,90,90,90,91,91,91,91,78,94,95,86,82,101,45],"gold":114,"neow_bonus":"HUNDRED_GOLD","is_prod":false,"is_daily":false,"chose_seed":false,"campfire_upgraded":2,"win_rate":0,"timestamp":1533398598,"path_taken":["M","?","M","$","M","E","R","E","T","R","?","R","$","E","R","BOSS","M","?","M","?","$","R","?","M","T","E","M","E","?","M","R","BOSS","M","M","M","?","$","R","?","R","T","E","R","M","E","?","R","BOSS"],"build_version":"2018-08-02","purchased_purges":1,"victory":true,"max_hp_per_floor":[75,75,75,75,75,75,75,75,75,75,75,75,75,75,75,75,75,77,77,77,79,79,79,79,81,81,83,85,85,85,87,87,87,87,87,89,91,91,91,91,91,91,91,94,94,95,98,101,101,102],"card_choices":[{"not_picked":["Sword Boomerang","Evolve"],"picked":"Metallicize","floor":1.0},{"not_picked":["Iron Wave","Evolve"],"picked":"Whirlwind","floor":3.0},{"not_picked":["Bloodletting","Heavy Blade"],"picked":"Headbutt","floor":5.0},{"not_picked":["Headbutt","Flame Barrier"],"picked":"Feel No Pain","floor":6.0},{"not_picked":["Feel No Pain","Exhume"],"picked":"Shrug It Off","floor":8.0},{"not_picked":["Fire Breathing","Hemokinesis"],"picked":"Battle Trance","floor":14.0},{"not_picked":["Reaper","Brutality"],"picked":"Impervious","floor":16.0},{"not_picked":["Sword Boomerang","Dual Wield","Entrench"],"picked":"Singing Bowl","floor":18.0},{"not_picked":["Cleave+1","Sentinel"],"picked":"Shockwave","floor":20.0},{"not_picked":["Corruption","Body Slam","Cleave"],"picked":"Singing Bowl","floor":21.0},{"not_picked":["Dual Wield","Headbutt","Pommel Strike"],"picked":"Singing Bowl","floor":25.0},{"not_picked":["Havoc+1","Evolve","Fiend Fire"],"picked":"Singing Bowl","floor":27},{"not_picked":["Armaments","Fire Breathing","Sword Boomerang"],"picked":"Singing Bowl","floor":28},{"not_picked":["Infernal Blade","Twin Strike+1"],"picked":"Limit Break","floor":29},{"not_picked":["Sword Boomerang","Twin Strike","Heavy Blade"],"picked":"Singing Bowl","floor":31},{"not_picked":["Limit Break","Barricade"],"picked":"Demon Form","floor":33},{"not_picked":["Cleave","Pommel Strike"],"picked":"Sword Boomerang","floor":35},{"not_picked":["Armaments+1","Headbutt+1","Thunderclap+1"],"picked":"Singing Bowl","floor":36},{"not_picked":["Havoc","Rage","Sword Boomerang+1"],"picked":"Singing Bowl","floor":37},{"not_picked":["Body Slam","Rampage","Corruption+1"],"picked":"Singing Bowl","floor":44},{"not_picked":["Disarm","Evolve"],"picked":"Power Through","floor":46},{"not_picked":["Pommel Strike+1","Infernal Blade","Dark Embrace"],"picked":"Singing Bowl","floor":47},{"not_picked":["Ghostly Armor","Pommel Strike+1","Rampage+1"],"picked":"Singing Bowl","floor":48}],"player_experience":999118,"relics_obtained":[{"floor":6.0,"key":"Singing Bowl"},{"floor":8.0,"key":"Regal Pillow"},{"floor":9.0,"key":"MawBank"},{"floor":14.0,"key":"Gremlin Horn"},{"floor":26.0,"key":"Bag of Preparation"},{"floor":27,"key":"Sundial"},{"floor":29,"key":"Potion Belt"},{"floor":43,"key":"Orichalcum"},{"floor":44,"key":"Nunchaku"},{"floor":47,"key":"Centennial Puzzle"}],"event_choices":[{"event_name":"Living Wall","player_choice":"Grow","floor":2.0,"damage_taken":0.0},{"event_name":"Shining Light","player_choice":"Entered Light","floor":11.0,"damage_taken":0.0},{"event_name":"Back to Basics","player_choice":"Simplicity","floor":19.0,"damage_taken":0.0},{"event_name":"Drug Dealer","player_choice":"Ignored","floor":24.0,"damage_taken":0.0},{"event_name":"Beggar","player_choice":"Gave Gold","floor":30,"damage_taken":0},{"event_name":"FaceTrader","player_choice":"Trade","floor":38,"damage_taken":0},{"event_name":"Tomb of Lord Red Mask","player_choice":"Paid","floor":41,"damage_taken":0}],"is_beta":false,"boss_relics":[{"not_picked":["Pandora\u0027s Box","Black Blood"],"picked":"Fusion Hammer"},{"not_picked":["Sozu","Astrolabe"],"picked":"Cursed Key"}],"items_purged_floors":[39],"is_endless":false,"potions_floor_spawned":[6,8,14,16,20,21,25,29,36,47],"ascension_level":15}