{"gold_per_floor":[212,212,224,224,255,299,324,42,42,42,42,62,77,77,77,154,154,164,177,209,2,19,19,19,19,99,99,124,24,24,34,34,34],"floor_reached":33,"playtime":1135,"items_purged":["Strike_R","Strike_R"],"score":464,"play_id":"2054a893-f228-4db5-a531-b1b51fb3ad8e","local_time":"25611116233927","is_ascension_mode":true,"campfire_choices":[{"floor":10.0,"key":"REST"},{"data":"Bludgeon","floor":15.0,"key":"SMITH"},{"floor":23,"key":"REST"},{"floor":25,"key":"REST"},{"data":"Double Tap","floor":27,"key":"SMITH"},{"floor":30,"key":"REST"},{"data":"Armaments","floor":32,"key":"SMITH"}],"neow_cost":"NONE","seed_source_timestamp":30456360325344,"circlet_count":0,"master_deck":["AscendersBane","Strike_R","Strike_R","Defend_R","Defend_R","Defend_R","Defend_R","Bash","Sword Boomerang","Bludgeon+1","True Grit","Power Through","Flame Barrier","Double Tap+1","Bludgeon+1","Bludgeon","Armaments+1"],"special_seed":0,"relics":["Burning Blood","MawBank","Mango","Omamori","Art of War","Busted Crown","Red Mask","PreservedInsect","Tiny Chest","Gremlin Horn"],"potions_floor_usage":[16,16,28,31,33],"damage_taken":[{"damage":8.0,"enemies":"Jaw Worm","floor":1.0,"turns":5.0},{"damage":0.0,"enemies":"Cultist","floor":3.0,"turns":2.0},{"damage":6.0,"enemies":"2 Louse","floor":5.0,"turns":3.0},{"damage":40.0,"enemies":"Lagavulin","floor":6.0,"turns":5.0},{"damage":15.0,"enemies":"Exordium Thugs","floor":7.0,"turns":5.0},{"damage":3.0,"enemies":"3 Louse","floor":12.0,"turns":6.0},{"damage":53.0,"enemies":"Gremlin Gang","floor":13.0,"turns":8.0},{"damage":78,"enemies":"Slime Boss","floor":16,"turns":18},{"damage":0,"enemies":"3 Byrds","floor":18,"turns":6},{"damage":0,"enemies":"Chosen","floor":19,"turns":4},{"damage":58,"enemies":"Masked Bandits","floor":20,"turns":9},{"damage":7,"enemies":"Snecko","floor":22,"turns":4},{"damage":34,"enemies":"Gremlin Leader","floor":28,"turns":3},{"damage":33,"enemies":"3 Cultists","floor":31,"turns":6},{"damage":94,"enemies":"Champ","floor":33,"turns":9}],"seed_played":"5366201334436569080","potions_obtained":[{"floor":5.0,"key":"Strength Potion"},{"floor":13.0,"key":"SteroidPotion"},{"floor":14.0,"key":"Regen Potion"},{"floor":20,"key":"Regen Potion"},{"floor":31,"key":"BloodPotion"}],"is_trial":false,"path_per_floor":["M","?","M","T","M","E","M","$","T","R","?","M","M","?","R","B",null,"M","M","?","$","M","R","?","R","T","R","E","$","R","M","R","B"],"character_chosen":"IRONCLAD","items_purchased":["Omamori","Regen Potion","PreservedInsect","PowerPotion"],"campfire_rested":4,"item_purchase_floors":[8,8,21,21],"current_hp_per_floor":[66,66,72,72,72,52,43,43,43,69,69,72,25,25,25,8,69,75,81,29,29,28,54,54,80,80,80,52,52,78,63,63,0],"gold":34,"neow_bonus":"HUNDRED_GOLD","is_prod":false,"is_daily":false,"chose_seed":false,"campfire_upgraded":3,"win_rate":0,"timestamp":1542386367,"path_taken":["M","?","?","?","M","E","M","$","T","R","?","M","?","?","R","BOSS","M","?","?","$","M","R","?","R","T","R","E","$","R","M","R","BOSS"],"build_version":"2018-11-15","purchased_purges":2,"victory":false,"max_hp_per_floor":[75,75,75,75,75,89,89,89,89,89,89,89,89,89,89,89,89,89,89,89,89,89,89,89,89,89,89,89,89,89,89,89,89],"card_choices":[{"not_picked":["Wild Strike","Blood for Blood"],"picked":"Sword Boomerang","floor":1.0},{"not_picked":["Heavy Blade","Clash"],"picked":"True Grit","floor":3.0},{"not_picked":["Rupture","Pommel Strike","Dual Wield"],"picked":"SKIP","floor":5.0},{"not_picked":["Cleave","Twin Strike"],"picked":"Power Through","floor":6.0},{"not_picked":["Power Through","Pommel Strike","Clothesline"],"picked":"SKIP","floor":7.0},{"not_picked":["Clash","Heavy Blade","Metallicize"],"picked":"SKIP","floor":12.0},{"not_picked":["Rampage","Sentinel"],"picked":"Flame Barrier","floor":13.0},{"not_picked":["Offering","Limit Break"],"picked":"Double Tap","floor":16},{"not_picked":["Metallicize"],"picked":"SKIP","floor":18},{"not_picked":["Thunderclap"],"picked":"SKIP","floor":19},{"not_picked":["Pommel Strike+1"],"picked":"SKIP","floor":22},{"not_picked":[],"picked":"Bludgeon","floor":28},{"not_picked":[],"picked":"Armaments","floor":31}],"player_experience":152277,"relics_obtained":[{"floor":4.0,"key":"MawBank"},{"floor":6.0,"key":"Mango"},{"floor":9.0,"key":"Art of War"},{"floor":20,"key":"Red Mask"},{"floor":26,"key":"Tiny Chest"},{"floor":28,"key":"Gremlin Horn"}],"event_choices":[{"damage_healed":0.0,"max_hp_gain":0.0,"max_hp_loss":0.0,"gold_gain":0.0,"event_name":"Match and Keep!","player_choice":"1 cards matched","floor":2.0,"gold_loss":0.0,"damage_taken":0.0,"cards_obtained":["Bludgeon"]},{"cards_removed":["Strike_R"],"damage_healed":0.0,"max_hp_gain":0.0,"max_hp_loss":0.0,"gold_gain":0.0,"event_name":"Bonfire Elementals","player_choice":"Offered Basic","floor":11.0,"gold_loss":0.0,"damage_taken":0.0},{"damage_healed":0.0,"max_hp_gain":0.0,"max_hp_loss":0.0,"gold_gain":0.0,"event_name":"Lab","player_choice":"Got Potions","floor":14.0,"gold_loss":0.0,"damage_taken":0.0},{"damage_healed":0,"gold_gain":0,"player_choice":"Fought Bandits","damage_taken":0,"max_hp_gain":0,"max_hp_loss":0,"event_name":"Masked Bandits","floor":20,"gold_loss":0},{"damage_healed":0,"gold_gain":0,"player_choice":"Copied","damage_taken":0,"max_hp_gain":0,"max_hp_loss":0,"event_name":"Duplicator","floor":24,"gold_loss":0,"cards_obtained":["Bludgeon"]}],"is_beta":false,"boss_relics":[{"not_picked":["Eternal Feather","Sozu"],"picked":"Busted Crown"}],"items_purged_floors":[8,29],"is_endless":false,"potions_floor_spawned":[5,13,20,22,31],"killed_by":"Champ","ascension_level":15}