{"gold_per_floor":[109,119,119,2,2,2,23,59,83,121,121,140,161,184,184,273,273,289,289,214,214,16,44,44,79,104,122,122,67,84,96,96,175,175,189,189,209,60,60,88,88,120,120,152,163,183,212,212,212,212,212,212,212,10,35,35],"floor_reached":57,"playtime":3979,"items_purged":["Pain","Strike_G","Strike_G","Phantasmal Killer+1"],"score":3261,"play_id":"c0b33773-a809-48d1-a0e1-4ac2a346dc42","local_time":"20190406022328","is_ascension_mode":true,"campfire_choices":[{"data":"Phantasmal Killer","floor":6.0,"key":"SMITH"},{"data":"Predator","floor":11.0,"key":"SMITH"},{"data":"Blade Dance","floor":15.0,"key":"SMITH"},{"data":"Acrobatics","floor":24.0,"key":"SMITH"},{"data":"Bullet Time","floor":28.0,"key":"SMITH"},{"data":"Well Laid Plans","floor":32.0,"key":"SMITH"},{"floor":49,"key":"RECALL"},{"data":"Footwork","floor":53,"key":"SMITH"}],"neow_cost":"CURSE","seed_source_timestamp":14688519767700,"circlet_count":0,"master_deck":["AscendersBane","Defend_G","Defend_G","Defend_G","Defend_G","Survivor","Neutralize","Backstab","After Image","Well Laid Plans+1","Blade Dance+1","Blade Dance+1","Footwork+1","Acrobatics+1","Escape Plan+1","Calculated Gamble+1","Acrobatics+1","Outmaneuver+1","Venomology+1","Finisher+1","Tactician+1","Well Laid Plans+1","Backflip+1","Calculated Gamble+1","Escape Plan+1","Calculated Gamble+1","Adrenaline+1","Acrobatics+1","Acrobatics+1"],"special_seed":0,"relics":["Ring of the Snake","Bloody Idol","Boot","Strawberry","Cursed Key","Toxic Egg 2","Regal Pillow","Astrolabe","Question Card","StoneCalendar","Shuriken","Oddly Smooth Stone","Orichalcum"],"potions_floor_usage":[45,46,47,50,51,55,56,56,56],"damage_taken":[{"damage":4.0,"enemies":"2 Louse","floor":1.0,"turns":4.0},{"damage":10.0,"enemies":"Jaw Worm","floor":2.0,"turns":4.0},{"damage":0.0,"enemies":"Small Slimes","floor":7.0,"turns":2.0},{"damage":0.0,"enemies":"Gremlin Nob","floor":8.0,"turns":3.0},{"damage":25.0,"enemies":"Lagavulin","floor":10.0,"turns":5.0},{"damage":0.0,"enemies":"Looter","floor":12.0,"turns":2.0},{"damage":2.0,"enemies":"Blue Slaver","floor":13.0,"turns":4.0},{"damage":1.0,"enemies":"Exordium Wildlife","floor":14.0,"turns":4.0},{"damage":10.0,"enemies":"Slime Boss","floor":16.0,"turns":6.0},{"damage":13.0,"enemies":"Shell Parasite","floor":18.0,"turns":4.0},{"damage":14.0,"enemies":"Book of Stabbing","floor":23.0,"turns":5.0},{"damage":16.0,"enemies":"Gremlin Leader","floor":25.0,"turns":6.0},{"damage":5.0,"enemies":"2 Thieves","floor":27.0,"turns":4.0},{"damage":14.0,"enemies":"Centurion and Healer","floor":30.0,"turns":6.0},{"damage":11.0,"enemies":"Snecko","floor":31.0,"turns":4.0},{"damage":12.0,"enemies":"Automaton","floor":33.0,"turns":12.0},{"damage":4.0,"enemies":"Orb Walker","floor":35.0,"turns":2.0},{"damage":3.0,"enemies":"3 Darklings","floor":37.0,"turns":3.0},{"damage":0.0,"enemies":"Reptomancer","floor":40.0,"turns":6.0},{"damage":36.0,"enemies":"Nemesis","floor":42.0,"turns":8.0},{"damage":0,"enemies":"Giant Head","floor":44,"turns":4},{"damage":12,"enemies":"Jaw Worm Horde","floor":45,"turns":4},{"damage":0,"enemies":"Maw","floor":46,"turns":4},{"damage":0,"enemies":"Reptomancer","floor":47,"turns":4},{"damage":0,"enemies":"Awakened One","floor":50,"turns":3},{"damage":0,"enemies":"Donu and Deca","floor":51,"turns":2},{"damage":0,"enemies":"Shield and Spear","floor":55,"turns":2},{"damage":35,"enemies":"The Heart","floor":56,"turns":7}],"seed_played":"-6221335864266080925","potions_obtained":[{"floor":7.0,"key":"Block Potion"},{"floor":8.0,"key":"FearPotion"},{"floor":10.0,"key":"FairyPotion"},{"floor":27.0,"key":"Dexterity Potion"}],"is_trial":false,"path_per_floor":["M","M","?","$","?","R","M","E","T","E","R","M","M","M","R","B",null,"M","?","?","?","$","E","R","E","T","M","R","$","M","M","R","B",null,"M","?","M","$","$","E","T","E","T","E","M","M","E","?","R","B","B",null,"R","$","E","B",null],"character_chosen":"THE_SILENT","items_purchased":["Predator","Footwork","Acrobatics","Acrobatics+1","Backflip+1","Acrobatics+1"],"campfire_rested":0,"item_purchase_floors":[4,22,22,29,38,54],"current_hp_per_floor":[55,45,45,45,45,45,45,45,52,27,27,27,25,24,24,14,54,41,41,41,41,41,32,32,21,26,31,31,31,22,16,16,9,53,54,54,56,56,56,61,61,30,30,35,28,33,38,38,38,38,38,60,60,60,65,30],"gold":35,"neow_bonus":"TRANSFORM_TWO_CARDS","is_prod":false,"is_daily":false,"chose_seed":false,"campfire_upgraded":7,"win_rate":0,"timestamp":1554488608,"path_taken":["M","M","?","?","?","R","M","E","T","E","R","M","M","M","R","BOSS","M","?","?","?","$","E","R","E","T","?","R","$","M","M","R","BOSS","M","?","M","$","?","E","?","E","T","E","M","M","E","?","R","BOSS","BOSS","R","$","E","BOSS"],"build_version":"2019-01-23","purchased_purges":4,"victory":true,"max_hp_per_floor":[66,66,66,66,60,60,60,60,67,67,67,67,67,67,67,67,67,67,67,67,67,67,67,67,67,67,67,67,67,67,67,67,67,67,67,67,67,67,67,67,67,67,67,67,67,67,67,67,67,67,67,67,67,67,67,67],"card_choices":[{"not_picked":["Dodge and Roll","Flying Knee","Setup"],"picked":"SKIP","floor":1.0},{"not_picked":["Slice","Eviscerate"],"picked":"Backstab","floor":2.0},{"not_picked":["Backflip","Underhanded Strike","Predator"],"picked":"SKIP","floor":7.0},{"not_picked":["Backflip","Underhanded Strike","Predator"],"picked":"SKIP","floor":7.0},{"not_picked":["Backflip","Underhanded Strike","Predator"],"picked":"SKIP","floor":7.0},{"not_picked":["Deflect","Flying Knee","Prepared"],"picked":"SKIP","floor":8.0},{"not_picked":["Setup","Poisoned Stab"],"picked":"After Image","floor":10.0},{"not_picked":["Noxious Fumes","Masterful Stab","Dash"],"picked":"SKIP","floor":12.0},{"not_picked":["Noxious Fumes","Masterful Stab","Dash"],"picked":"SKIP","floor":12.0},{"not_picked":["Blade Dance","Sucker Punch"],"picked":"Well Laid Plans","floor":13.0},{"not_picked":["Bouncing Flask","Dagger Throw"],"picked":"Blade Dance","floor":14.0},{"not_picked":["Unload","Tools of the Trade"],"picked":"Bullet Time","floor":16.0},{"not_picked":["Outmaneuver","Bane"],"picked":"Blade Dance+1","floor":18.0},{"not_picked":["Setup","Leg Sweep"],"picked":"Escape Plan","floor":23.0},{"not_picked":["Prepared+1","Blade Dance+1"],"picked":"Calculated Gamble+1","floor":25.0},{"not_picked":["Sucker Punch","Flying Knee","Blade Dance+1"],"picked":"SKIP","floor":27.0},{"not_picked":["Poisoned Stab+1","Sucker Punch"],"picked":"Outmaneuver+1","floor":30.0},{"not_picked":["Riddle With Holes","Storm of Steel+1","Calculated Gamble+1"],"picked":"SKIP","floor":31.0},{"not_picked":["Grand Finale","Glass Knife"],"picked":"Venomology+1","floor":33.0},{"not_picked":["Dash","Deflect+1","Flying Knee"],"picked":"SKIP","floor":35.0},{"not_picked":["Deflect+1","Phantasmal Killer+1","Choke+1"],"picked":"SKIP","floor":37.0},{"not_picked":["Deflect+1","Endless Agony","Dagger Throw"],"picked":"SKIP","floor":40.0},{"not_picked":["Dodge and Roll+1","Acrobatics+1","Bane+1"],"picked":"Calculated Gamble+1","floor":42.0},{"not_picked":["Poisoned Stab","Corpse Explosion+1","Dodge and Roll+1","Bane"],"picked":"SKIP","floor":44},{"not_picked":["Backflip+1","Quick Slash","Prepared+1"],"picked":"Escape Plan+1","floor":45},{"not_picked":["Caltrops","Flechettes","Deadly Poison+1"],"picked":"Calculated Gamble+1","floor":46},{"not_picked":["Flying Knee+1","Dagger Spray","Escape Plan+1"],"picked":"Adrenaline+1","floor":47},{"not_picked":["Accuracy","PiercingWail+1","Dagger Spray","Bane+1"],"picked":"SKIP","floor":55}],"player_experience":2943268,"relics_obtained":[{"floor":8.0,"key":"Boot"},{"floor":9.0,"key":"Strawberry"},{"floor":23.0,"key":"Toxic Egg 2"},{"floor":25.0,"key":"Regal Pillow"},{"floor":40.0,"key":"Question Card"},{"floor":42.0,"key":"StoneCalendar"},{"floor":44,"key":"Shuriken"},{"floor":47,"key":"Oddly Smooth Stone"},{"floor":55,"key":"Orichalcum"}],"event_choices":[{"damage_healed":0.0,"max_hp_gain":0.0,"max_hp_loss":0.0,"gold_gain":0.0,"event_name":"Liars Game","player_choice":"Ignored","floor":3.0,"gold_loss":0.0,"damage_taken":0.0},{"damage_healed":0.0,"max_hp_gain":0.0,"max_hp_loss":6.0,"gold_gain":0.0,"event_name":"Golden Idol","player_choice":"Lose Max HP","floor":5.0,"gold_loss":0.0,"damage_taken":0.0,"relics_obtained":["Golden Idol"]},{"damage_healed":0.0,"max_hp_gain":0.0,"max_hp_loss":0.0,"gold_gain":0.0,"event_name":"Vampires","player_choice":"Ignored","floor":19.0,"gold_loss":0.0,"damage_taken":0.0},{"cards_removed":["Strike_G"],"damage_healed":0.0,"max_hp_gain":0.0,"max_hp_loss":0.0,"gold_gain":0.0,"event_name":"Beggar","player_choice":"Gave Gold","floor":20.0,"gold_loss":75.0,"damage_taken":0.0},{"damage_healed":0.0,"max_hp_gain":0.0,"max_hp_loss":0.0,"gold_gain":0.0,"event_name":"Forgotten Altar","player_choice":"Gave Idol","floor":21.0,"relics_lost":["Golden Idol"],"gold_loss":0.0,"damage_taken":0.0,"relics_obtained":["Bloody Idol"]},{"cards_removed":["Writhe"],"damage_healed":0.0,"max_hp_gain":0.0,"max_hp_loss":0.0,"gold_gain":0.0,"event_name":"Purifier","player_choice":"Purged","floor":36.0,"gold_loss":0.0,"damage_taken":0.0},{"damage_healed":0,"gold_gain":0,"cards_transformed":["Predator"],"player_choice":"Transformed","damage_taken":0,"max_hp_gain":0,"max_hp_loss":0,"event_name":"Transmorgrifier","floor":48,"gold_loss":0,"cards_obtained":["Acrobatics"]}],"is_beta":false,"boss_relics":[{"not_picked":["Busted Crown","HoveringKite"],"picked":"Cursed Key"},{"not_picked":["Fusion Hammer","Lizard Tail"],"picked":"Astrolabe"}],"items_purged_floors":[4,22,38,54],"is_endless":false,"potions_floor_spawned":[7,8,10,12,27,30,31,37,40,44,47],"ascension_level":20}