{"gold_per_floor":[109,124,299,299,44,75,75,109,159,182,182,207,246,246,246,246],"floor_reached":16,"playtime":564,"items_purged":["Doubt"],"score":143,"play_id":"0e5e93f7-6ae1-4ac7-8f8c-50b22fed63ce","local_time":"25610718142747","is_ascension_mode":false,"campfire_choices":[{"data":"Neutralize","floor":11,"key":"SMITH"},{"data":"Riddle With Holes","floor":15,"key":"SMITH"}],"neow_cost":"NONE","seed_source_timestamp":20551224427257,"circlet_count":0,"master_deck":["Defend_G","Defend_G","Defend_G","Defend_G","Defend_G","Strike_G","Strike_G","Strike_G","Strike_G","Survivor","Neutralize+1","Infinite Blades","Quick Slash","Riddle With Holes+1","Dagger Throw","Burst","Choke","Backflip"],"relics":["Ring of the Snake","NeowsBlessing","Golden Idol","Bag of Marbles","Anchor","Snake Skull","Strawberry","Smiling Mask"],"potions_floor_usage":[8,13],"damage_taken":[{"damage":0,"enemies":"Jaw Worm","floor":1,"turns":1},{"damage":0,"enemies":"Small Slimes","floor":2,"turns":1},{"damage":0,"enemies":"Gremlin Nob","floor":6,"turns":1},{"damage":18,"enemies":"Lagavulin","floor":8,"turns":7},{"damage":0,"enemies":"2 Louse","floor":10,"turns":1},{"damage":2,"enemies":"Exordium Thugs","floor":12,"turns":4},{"damage":25,"enemies":"3 Sentries","floor":13,"turns":9},{"damage":34,"enemies":"Slime Boss","floor":16,"turns":13}],"seed_played":"7694570974381461441","potions_obtained":[{"floor":2,"key":"Dexterity Potion"},{"floor":12,"key":"Swift Potion"}],"is_trial":false,"path_per_floor":["M","M","?","?","$","E","?","E","T","M","R","M","E","?","R"],"character_chosen":"THE_SILENT","items_purchased":["Bag of Marbles","Riddle With Holes"],"campfire_rested":0,"item_purchase_floors":[5,5],"current_hp_per_floor":[70,70,70,53,53,53,53,35,42,42,42,40,15,40,40,6],"gold":246,"neow_bonus":"THREE_ENEMY_KILL","is_prod":false,"is_daily":false,"chose_seed":false,"campfire_upgraded":2,"win_rate":0,"timestamp":1531898867,"path_taken":["M","M","?","?","$","E","?","E","T","M","R","?","E","?","R","BOSS"],"build_version":"2018-07-12","purchased_purges":1,"victory":false,"max_hp_per_floor":[70,70,70,70,70,70,70,70,77,77,77,77,77,77,77,77],"card_choices":[{"not_picked":["Outmaneuver","Dodge and Roll"],"picked":"Infinite Blades","floor":1},{"not_picked":["Acrobatics","Deadly Poison"],"picked":"Quick Slash","floor":2},{"not_picked":["Quick Slash","Predator"],"picked":"Dagger Throw","floor":6},{"not_picked":["Outmaneuver","Underhanded Strike"],"picked":"Burst","floor":8},{"not_picked":["Cloak And Dagger","Bane","Flying Knee"],"picked":"SKIP","floor":10},{"not_picked":["Outmaneuver","Cloak And Dagger"],"picked":"Choke","floor":12},{"not_picked":["Cloak And Dagger","Acrobatics"],"picked":"Backflip","floor":13}],"player_experience":85818,"relics_obtained":[{"floor":6,"key":"Anchor"},{"floor":8,"key":"Snake Skull"},{"floor":9,"key":"Strawberry"},{"floor":13,"key":"Smiling Mask"}],"event_choices":[{"event_name":"Liars Game","player_choice":"agreed","floor":3,"damage_taken":0},{"event_name":"Golden Idol","player_choice":"Take Damage","floor":4,"damage_taken":0},{"event_name":"Living Wall","player_choice":"Forget","floor":7,"damage_taken":0},{"event_name":"Big Fish","player_choice":"Banana","floor":14,"damage_taken":0}],"boss_relics":[],"items_purged_floors":[5],"is_endless":false,"potions_floor_spawned":[2,12],"killed_by":"Slime Boss","ascension_level":0}