{"gold_per_floor":[115,132,132,146,71,71,103,103,103,136,153,153,167,181,181,258,258,278,278,250,73,86,86,100,100,153,172,14,34,45,45,45,45],"floor_reached":33,"playtime":2013,"items_purged":["Strike_G","Strike_G"],"score":457,"play_id":"d121ad48-ebba-4ad1-9999-7b23b9d080fd","local_time":"20180729152854","is_ascension_mode":true,"campfire_choices":[{"data":"Bouncing Flask","floor":6.0,"key":"SMITH"},{"data":"Cloak And Dagger","floor":15.0,"key":"SMITH"},{"floor":23,"key":"REST"},{"floor":25,"key":"REST"},{"floor":32,"key":"REST"}],"neow_cost":"NONE","seed_source_timestamp":27320744259629,"circlet_count":0,"master_deck":["Defend_G","Defend_G","Defend_G","Defend_G","Defend_G","Strike_G","Strike_G","Strike_G","Survivor","Neutralize+1","AscendersBane","Blur+1","Quick Slash","Bouncing Flask+1","Die Die Die","Cloak And Dagger+1","Dagger Spray","Night Terror","Calculated Gamble","Dash","PiercingWail","Acrobatics+1","Backstab","Infinite Blades","Finisher","After Image"],"special_seed":0,"relics":["Ring of the Snake","Darkstone Periapt","Kunai","Tough Bandages","Runic Dome","Boot"],"potions_floor_usage":[22,22,33],"damage_taken":[{"damage":1.0,"enemies":"Small Slimes","floor":1.0,"turns":4.0},{"damage":1.0,"enemies":"Cultist","floor":2.0,"turns":5.0},{"damage":0.0,"enemies":"2 Louse","floor":4.0,"turns":3.0},{"damage":17.0,"enemies":"Gremlin Nob","floor":7.0,"turns":4.0},{"damage":7.0,"enemies":"Lagavulin","floor":10.0,"turns":7.0},{"damage":0.0,"enemies":"2 Fungi Beasts","floor":11.0,"turns":3.0},{"damage":4.0,"enemies":"Looter","floor":13.0,"turns":4.0},{"damage":5.0,"enemies":"Gremlin Gang","floor":14.0,"turns":2.0},{"damage":17.0,"enemies":"Slime Boss","floor":16.0,"turns":9.0},{"damage":9.0,"enemies":"3 Byrds","floor":18.0,"turns":4.0},{"damage":13.0,"enemies":"2 Thieves","floor":20.0,"turns":5.0},{"damage":22,"enemies":"Slaver and Parasite","floor":22,"turns":7},{"damage":0,"enemies":"Centurion and Healer","floor":24,"turns":8},{"damage":0,"enemies":"3 Cultists","floor":27,"turns":2},{"damage":9,"enemies":"Sentry and Sphere","floor":29,"turns":7},{"damage":34,"enemies":"Slaver and Parasite","floor":30,"turns":5},{"damage":38,"enemies":"Collector","floor":33,"turns":6}],"seed_played":"-3985608073778624070","potions_obtained":[{"floor":18.0,"key":"EssenceOfSteel"},{"floor":29,"key":"SteroidPotion"}],"is_trial":false,"path_per_floor":["M","M","?","M","$","R","E","?","T","E","M","?","M","M","R","B",null,"M","?","M","$","M","R","M","R","T","M","$","M","M","?","R"],"character_chosen":"THE_SILENT","items_purchased":["Calculated Gamble","Backstab","Infinite Blades"],"campfire_rested":3,"item_purchase_floors":[21,28,28],"current_hp_per_floor":[58,57,57,57,57,57,40,62,62,55,55,55,51,46,46,29,57,48,48,35,35,13,32,32,51,51,51,51,42,8,8,27,0],"gold":45,"neow_bonus":"THREE_SMALL_POTIONS","is_prod":false,"is_daily":false,"chose_seed":false,"campfire_upgraded":2,"win_rate":0,"timestamp":1532903334,"path_taken":["M","M","?","M","$","R","E","?","T","E","M","?","M","M","R","BOSS","M","?","M","$","M","R","M","R","T","M","$","M","M","?","R","BOSS"],"build_version":"2018-07-26","purchased_purges":2,"victory":false,"max_hp_per_floor":[66,66,66,66,66,66,66,66,66,66,66,66,66,66,66,66,66,66,66,66,66,66,66,66,66,66,66,66,66,66,66,66,66],"card_choices":[{"not_picked":["Bane","Backflip"],"picked":"Blur","floor":1.0},{"not_picked":["Escape Plan","Well Laid Plans"],"picked":"Quick Slash","floor":2.0},{"not_picked":["Acrobatics","Deadly Poison"],"picked":"Bouncing Flask","floor":4.0},{"not_picked":["Dodge and Roll","Slice","Outmaneuver"],"picked":"SKIP","floor":7.0},{"not_picked":["Deadly Poison","Outmaneuver"],"picked":"Die Die Die","floor":10.0},{"not_picked":["Setup","Choke","Distraction"],"picked":"SKIP","floor":11.0},{"not_picked":["Escape Plan","Prepared"],"picked":"Cloak And Dagger","floor":13.0},{"not_picked":["Dodge and Roll","Underhanded Strike"],"picked":"Dagger Spray","floor":14.0},{"not_picked":["Doppelganger","Die Die Die"],"picked":"Night Terror","floor":16.0},{"not_picked":["Noxious Fumes","Deflect","Deadly Poison"],"picked":"SKIP","floor":18.0},{"not_picked":["Slice","Sucker Punch","Deadly Poison"],"picked":"SKIP","floor":20.0},{"not_picked":["Quick Slash","Phantasmal Killer"],"picked":"Dash","floor":22},{"not_picked":["Caltrops","Flying Knee"],"picked":"PiercingWail","floor":24},{"not_picked":["Slice","Dodge and Roll"],"picked":"Acrobatics+1","floor":27},{"not_picked":["Bane","Deflect"],"picked":"Finisher","floor":29},{"not_picked":["Choke","Quick Slash"],"picked":"After Image","floor":30}],"player_experience":943848,"relics_obtained":[{"floor":7.0,"key":"Darkstone Periapt"},{"floor":9.0,"key":"Kunai"},{"floor":10.0,"key":"Tough Bandages"},{"floor":26,"key":"Boot"}],"event_choices":[{"event_name":"Accursed Blacksmith","player_choice":"Forge","floor":3.0,"damage_taken":0.0},{"event_name":"Big Fish","player_choice":"Banana","floor":8.0,"damage_taken":0.0},{"event_name":"Upgrade Shrine","player_choice":"Upgraded","floor":12.0,"damage_taken":0.0},{"event_name":"Cursed Tome","player_choice":"Ignored","floor":19.0,"damage_taken":0.0},{"event_name":"Vampires","player_choice":"Ignored","floor":31,"damage_taken":0}],"is_beta":false,"boss_relics":[{"not_picked":["Empty Cage","Orrery"],"picked":"Runic Dome"}],"items_purged_floors":[5,21],"is_endless":false,"potions_floor_spawned":[2,7,13,18,20,29],"killed_by":"Collector","ascension_level":15}