{"gold_per_floor":[131,22,22,38,55,90,90,109,184,184,184,215,204,218,218,315,315,300,300,300,316,335,362,362,379,405,18,31,31,51,12,12,115,115,132,179,179,179],"floor_reached":38,"playtime":3239,"items_purged":["Strike_R","Writhe"],"score":431,"play_id":"8642294f-d903-40a6-9118-c6df95473aa1","local_time":"20190321233222","is_ascension_mode":false,"campfire_choices":[{"data":"Warcry","floor":7,"key":"SMITH"},{"data":"Juggernaut","floor":11,"key":"SMITH"},{"floor":15,"key":"REST"},{"floor":24,"key":"REST"},{"floor":29,"key":"REST"},{"floor":32,"key":"REST"}],"neow_cost":"NONE","seed_source_timestamp":570030376919900,"circlet_count":0,"master_deck":["Strike_R","Strike_R","Strike_R","Defend_R","Defend_R","Defend_R","Defend_R","Bash","Warcry+1","Pommel Strike","Juggernaut+1","Hemokinesis","Flash of Steel","Demon Form","Cleave","Warcry+1","Twin Strike+1","Anger","Thunderclap","Headbutt+1","Heavy Blade","Burning Pact","Demon Form","Cleave+1","Warcry+1"],"relics":["Burning Blood","MawBank","Mango","Self Forming Clay","Pen Nib","Lizard Tail","Mercury Hourglass","StoneCalendar","Girya","Ancient Tea Set","Bird Faced Urn","Sozu","Magic Flower"],"potions_floor_usage":[12,16,16,23,33,33,36],"damage_taken":[{"damage":0,"enemies":"2 Louse","floor":1,"turns":4},{"damage":5,"enemies":"Cultist","floor":4,"turns":4},{"damage":12,"enemies":"Small Slimes","floor":5,"turns":4},{"damage":50,"enemies":"Gremlin Nob","floor":6,"turns":5},{"damage":12,"enemies":"Red Slaver","floor":8,"turns":5},{"damage":29,"enemies":"Lagavulin","floor":12,"turns":5},{"damage":18,"enemies":"Exordium Thugs","floor":13,"turns":4},{"damage":10,"enemies":"Looter","floor":14,"turns":3},{"damage":19,"enemies":"Hexaghost","floor":16,"turns":8},{"damage":28,"enemies":"2 Thieves","floor":18,"turns":4},{"damage":11,"enemies":"Chosen","floor":21,"turns":6},{"damage":36,"enemies":"Snake Plant","floor":22,"turns":5},{"damage":31,"enemies":"Slavers","floor":23,"turns":4},{"damage":15,"enemies":"Cultist and Chosen","floor":25,"turns":6},{"damage":22,"enemies":"Snecko","floor":28,"turns":5},{"damage":21,"enemies":"Snake Plant","floor":30,"turns":3},{"damage":97,"enemies":"Automaton","floor":33,"turns":7},{"damage":27,"enemies":"3 Shapes","floor":35,"turns":4},{"damage":85,"enemies":"2 Orb Walkers","floor":36,"turns":5},{"damage":18,"enemies":"Orb Walker","floor":38,"turns":2}],"seed_played":"-4175110171021481741","potions_obtained":[{"floor":6,"key":"SpeedPotion"},{"floor":8,"key":"BloodPotion"},{"floor":13,"key":"FearPotion"},{"floor":22,"key":"SteroidPotion"},{"floor":25,"key":"Weak Potion"},{"floor":30,"key":"SkillPotion"},{"floor":33,"key":"BloodPotion"}],"is_trial":false,"path_per_floor":["M","$","?","M","M","E","R","M","T","?","R","E","M","M","R","B",null,"M","?","?","M","M","E","R","M","T","$","M","R","M","$","R","B",null,"M","?","?","M"],"character_chosen":"IRONCLAD","items_purchased":["Pommel Strike","Bird Faced Urn","Burning Pact"],"campfire_rested":4,"item_purchase_floors":[2,27,31],"current_hp_per_floor":[80,80,80,80,74,44,44,38,38,38,38,24,12,8,36,23,94,72,72,72,67,37,12,40,31,31,31,17,45,32,32,60,53,94,77,13,13,0],"gold":179,"neow_bonus":"RANDOM_COMMON_RELIC","is_prod":false,"is_daily":false,"chose_seed":false,"campfire_upgraded":2,"win_rate":0.0,"timestamp":1553203942,"path_taken":["M","$","?","M","M","E","R","?","T","?","R","E","?","M","R","BOSS","M","?","?","M","M","E","R","M","T","$","?","R","M","$","R","BOSS","M","?","?","M"],"build_version":"2019-01-23","purchased_purges":2,"victory":false,"max_hp_per_floor":[80,80,80,80,80,94,94,94,94,94,94,94,94,94,94,94,94,94,94,94,94,94,94,94,94,94,94,94,94,94,94,94,94,94,94,94,94,94],"card_choices":[{"not_picked":["Dual Wield","Dropkick"],"picked":"Warcry","floor":1},{"not_picked":["Flame Barrier","Shockwave","Clothesline"],"picked":"SKIP","floor":4},{"not_picked":["Armaments","Spot Weakness"],"picked":"Hemokinesis","floor":5},{"not_picked":["True Grit","Clash","Sever Soul"],"picked":"SKIP","floor":6},{"not_picked":["Corruption","Headbutt","Metallicize"],"picked":"SKIP","floor":8},{"not_picked":["Feel No Pain","Anger"],"picked":"Demon Form","floor":12},{"not_picked":["Perfected Strike","Clash"],"picked":"Cleave","floor":13},{"not_picked":["Headbutt","Infernal Blade","Perfected Strike"],"picked":"SKIP","floor":14},{"not_picked":["Intimidate","Power Through+1"],"picked":"Warcry+1","floor":18},{"not_picked":["Inflame","True Grit"],"picked":"Twin Strike+1","floor":21},{"not_picked":["Clash+1","Burning Pact"],"picked":"Anger","floor":22},{"not_picked":["Body Slam","Pummel"],"picked":"Thunderclap","floor":23},{"not_picked":["Body Slam","Perfected Strike"],"picked":"Headbutt+1","floor":25},{"not_picked":["Limit Break","Anger+1"],"picked":"Heavy Blade","floor":28},{"not_picked":["Clash","Shockwave","Corruption"],"picked":"SKIP","floor":30},{"not_picked":["Offering","Limit Break"],"picked":"Demon Form","floor":33},{"not_picked":["Shockwave","Iron Wave+1"],"picked":"Cleave+1","floor":35}],"player_experience":8502,"relics_obtained":[{"floor":6,"key":"Mango"},{"floor":9,"key":"Self Forming Clay"},{"floor":12,"key":"Pen Nib"},{"floor":20,"key":"StoneCalendar"},{"floor":23,"key":"Girya"},{"floor":26,"key":"Ancient Tea Set"},{"floor":36,"key":"Magic Flower"}],"event_choices":[{"damage_healed":0,"gold_gain":0,"cards_transformed":["Strike_R"],"player_choice":"Transformed","damage_taken":0,"max_hp_gain":0,"max_hp_loss":0,"event_name":"Transmorgrifier","floor":3,"gold_loss":0,"cards_obtained":["Juggernaut"]},{"damage_healed":0,"gold_gain":0,"player_choice":"1 cards matched","damage_taken":0,"max_hp_gain":0,"max_hp_loss":0,"event_name":"Match and Keep!","floor":10,"gold_loss":0,"cards_obtained":["Flash of Steel"]},{"damage_healed":0,"gold_gain":0,"player_choice":"Opened","damage_taken":0,"relics_obtained":["Mercury Hourglass"],"max_hp_gain":0,"max_hp_loss":0,"event_name":"The Mausoleum","floor":19,"gold_loss":0,"cards_obtained":["Writhe"]},{"damage_healed":0,"gold_gain":0,"player_choice":"Relic","damage_taken":0,"max_hp_gain":0,"max_hp_loss":0,"event_name":"Wheel of Change","floor":20,"gold_loss":0},{"damage_healed":0,"gold_gain":0,"player_choice":"Fight","damage_taken":0,"max_hp_gain":0,"max_hp_loss":0,"event_name":"Mysterious Sphere","floor":36,"gold_loss":0},{"damage_healed":0,"gold_gain":0,"player_choice":"Copied","damage_taken":0,"max_hp_gain":0,"max_hp_loss":0,"event_name":"Duplicator","floor":37,"gold_loss":0,"cards_obtained":["Warcry"]}],"is_beta":false,"boss_relics":[{"not_picked":["Runic Dome","White Beast Statue"],"picked":"Lizard Tail"},{"not_picked":["Orrery","Tiny House"],"picked":"Sozu"}],"items_purged_floors":[2,27],"is_endless":false,"potions_floor_spawned":[6,8,13,22,25,30,33,35],"killed_by":"Orb Walker","ascension_level":0}