{"gold_per_floor":[12,32,32,52,52,52,70,70,70,70,102,120,152,170,170,170],"floor_reached":16,"playtime":609,"items_purged":[],"score":243,"play_id":"bc6e2fe7-c4e8-44ec-98c8-79dfc628e7ca","local_time":"20190503133337","is_ascension_mode":true,"campfire_choices":[{"data":"Flame Barrier","floor":6,"key":"SMITH"},{"floor":8,"key":"REST"},{"floor":10,"key":"REST"},{"data":"Disarm","floor":15,"key":"SMITH"}],"neow_cost":"NO_GOLD","seed_source_timestamp":601915424686100,"circlet_count":0,"master_deck":["AscendersBane","Strike_R","Strike_R+1","Strike_R","Strike_R","Strike_R","Defend_R","Defend_R","Defend_R","Defend_R","Bash+1","Flame Barrier+1","Clothesline","Iron Wave","Headbutt","Immolate","Disarm+1"],"relics":["Burning Blood","Anchor","Frozen Egg 2","Pear"],"potions_floor_usage":[11,13,16],"damage_taken":[{"damage":9,"enemies":"2 Louse","floor":1,"turns":3},{"damage":19,"enemies":"Jaw Worm","floor":2,"turns":5},{"damage":4,"enemies":"Cultist","floor":4,"turns":3},{"damage":24,"enemies":"Large Slime","floor":7,"turns":9},{"damage":26,"enemies":"Lagavulin","floor":11,"turns":8},{"damage":0,"enemies":"Lots of Slimes","floor":12,"turns":2},{"damage":10,"enemies":"3 Sentries","floor":13,"turns":4},{"damage":7,"enemies":"Exordium Wildlife","floor":14,"turns":2},{"damage":72,"enemies":"Hexaghost","floor":16,"turns":14}],"seed_played":"4921013823901846334","potions_obtained":[{"floor":2,"key":"LiquidBronze"},{"floor":12,"key":"AttackPotion"},{"floor":13,"key":"Swift Potion"}],"is_trial":false,"path_per_floor":["M","M","?","M","?","R","M","R","T","R","E","M","E","M","R","B"],"character_chosen":"IRONCLAD","items_purchased":[],"campfire_rested":2,"item_purchase_floors":[],"current_hp_per_floor":[79,66,66,68,41,41,23,49,49,75,55,61,67,66,66,0],"gold":170,"neow_bonus":"TWENTY_PERCENT_HP_BONUS","is_prod":false,"is_daily":false,"chose_seed":false,"campfire_upgraded":2,"win_rate":0,"timestamp":1556879617,"path_taken":["M","M","?","M","?","R","M","R","T","R","E","M","E","M","R","BOSS"],"build_version":"2019-01-23","purchased_purges":0,"victory":false,"max_hp_per_floor":[89,89,89,89,89,89,89,89,89,89,89,89,99,99,99,99],"card_choices":[{"not_picked":["Thunderclap","Sword Boomerang"],"picked":"Flame Barrier","floor":1},{"not_picked":["Seeing Red","Heavy Blade"],"picked":"Clothesline","floor":2},{"not_picked":["Dropkick","Clothesline"],"picked":"Iron Wave","floor":4},{"not_picked":["Rage","Perfected Strike"],"picked":"Headbutt","floor":7},{"not_picked":["Clash","Double Tap"],"picked":"Immolate","floor":11},{"not_picked":["Anger","Dropkick","Rampage"],"picked":"SKIP","floor":12},{"not_picked":["Heavy Blade","Armaments","Pommel Strike"],"picked":"SKIP","floor":13},{"not_picked":["Heavy Blade","Flex"],"picked":"Disarm","floor":14}],"player_experience":365339,"relics_obtained":[{"floor":9,"key":"Anchor"},{"floor":11,"key":"Frozen Egg 2"},{"floor":13,"key":"Pear"}],"event_choices":[{"damage_healed":0,"gold_gain":0,"player_choice":"Ignored","damage_taken":0,"max_hp_gain":0,"max_hp_loss":0,"event_name":"Liars Game","floor":3,"gold_loss":0},{"damage_healed":0,"gold_gain":0,"player_choice":"Entered Light","damage_taken":27,"max_hp_gain":0,"max_hp_loss":0,"event_name":"Shining Light","floor":5,"gold_loss":0,"cards_upgraded":["Strike_R","Bash"]}],"is_beta":false,"boss_relics":[],"items_purged_floors":[],"is_endless":false,"potions_floor_spawned":[2,12,13],"killed_by":"Hexaghost","ascension_level":19}