{"gold_per_floor":[109,109,34,50,50,50,85,104,151,181,201,201,229,241,241,342,392,409,409,409,409,429,429,448,468,492,492,492,520,520,520,520,623,623,641,641,657,266,282,282,302,322,322,332,332,332,154,167,167,167],"floor_reached":50,"playtime":3215,"items_purged":["Strike_G"],"score":551,"play_id":"f8453c64-7fdf-49da-947a-70d780932cb8","local_time":"20181114000243","is_ascension_mode":true,"campfire_choices":[{"data":"Poisoned Stab","floor":6,"key":"SMITH"},{"floor":12,"key":"REST"},{"floor":15,"key":"REST"},{"floor":23,"key":"REST"},{"floor":28,"key":"REST"},{"data":"Die Die Die","floor":30,"key":"SMITH"},{"data":"Bouncing Flask","floor":32,"key":"SMITH"},{"floor":40,"key":"REST"},{"floor":45,"key":"REST"},{"floor":49,"key":"REST"}],"neow_cost":"NONE","seed_source_timestamp":305519015163964,"circlet_count":0,"master_deck":["Defend_G","Defend_G","Defend_G","Defend_G","Defend_G","Survivor","Neutralize","Poisoned Stab+1","Quick Slash+1","Bane","Outmaneuver","Backstab","Die Die Die","Dash","Dagger Spray","Adrenaline","Prepared","Bane","Bouncing Flask+1","Flying Knee","Backflip","Die Die Die+1","Slice+1","Bite","Bite","Bite","Bite","Bite","Die Die Die","Swift Strike","PanicButton","Panache","Catalyst+1","Bouncing Flask","Slice+1","Apotheosis"],"relics":["Ring of the Snake","NeowsBlessing","Omamori","Meat on the Bone","Oddly Smooth Stone","Odd Mushroom","Tiny House","Enchiridion","Juzu Bracelet","Red Mask","Fusion Hammer","ClockworkSouvenir","Bottled Lightning"],"potions_floor_usage":[13,33,33,37,44],"damage_taken":[{"damage":0,"enemies":"Small Slimes","floor":1,"turns":1},{"damage":0,"enemies":"2 Louse","floor":4,"turns":1},{"damage":0,"enemies":"3 Sentries","floor":7,"turns":1},{"damage":0,"enemies":"Cultist","floor":8,"turns":3},{"damage":20,"enemies":"Lagavulin","floor":10,"turns":7},{"damage":0,"enemies":"Large Slime","floor":11,"turns":4},{"damage":11,"enemies":"The Mushroom Lair","floor":13,"turns":3},{"damage":2,"enemies":"Exordium Thugs","floor":14,"turns":4},{"damage":35,"enemies":"Hexaghost","floor":16,"turns":11},{"damage":7,"enemies":"Chosen","floor":18,"turns":5},{"damage":4,"enemies":"Spheric Guardian","floor":22,"turns":3},{"damage":17,"enemies":"Snecko","floor":24,"turns":5},{"damage":8,"enemies":"Centurion and Healer","floor":25,"turns":5},{"damage":0,"enemies":"Masked Bandits","floor":29,"turns":3},{"damage":89,"enemies":"Automaton","floor":33,"turns":14},{"damage":11,"enemies":"3 Shapes","floor":35,"turns":5},{"damage":16,"enemies":"3 Darklings","floor":37,"turns":4},{"damage":33,"enemies":"Sphere and 2 Shapes","floor":39,"turns":6},{"damage":32,"enemies":"Writhing Mass","floor":41,"turns":6},{"damage":28,"enemies":"3 Darklings","floor":42,"turns":4},{"damage":9,"enemies":"Jaw Worm Horde","floor":44,"turns":4},{"damage":9,"enemies":"4 Shapes","floor":48,"turns":4},{"damage":101,"enemies":"Awakened One","floor":50,"turns":8}],"seed_played":"-2345296557430857675","potions_obtained":[{"floor":7,"key":"Fire Potion"},{"floor":10,"key":"Dexterity Potion"},{"floor":16,"key":"SkillPotion"},{"floor":17,"key":"Swift Potion"},{"floor":22,"key":"Energy Potion"},{"floor":25,"key":"Strength Potion"},{"floor":33,"key":"FearPotion"},{"floor":35,"key":"EssenceOfSteel"},{"floor":37,"key":"Block Potion"}],"is_trial":false,"path_per_floor":["M","?","$","M","?","R","E","M","T","E","M","R","?","M","R","B",null,"M","?","?","?","M","R","M","M","T","?","R","?","R","?","R","B",null,"M","?","M","$","M","R","M","M","T","M","R","?","$","M","R","B"],"character_chosen":"THE_SILENT","items_purchased":["ClockworkSouvenir","Panache","Apotheosis"],"campfire_rested":7,"item_purchase_floors":[38,38,47],"current_hp_per_floor":[70,67,67,67,67,67,67,67,67,47,49,70,59,59,70,47,75,68,68,52,52,50,72,57,51,51,51,73,75,75,75,75,22,75,64,54,44,44,29,51,39,27,27,40,62,62,62,57,75,0],"gold":167,"neow_bonus":"THREE_ENEMY_KILL","is_prod":false,"is_daily":false,"chose_seed":false,"campfire_upgraded":3,"win_rate":0,"timestamp":1542153763,"path_taken":["M","?","$","M","?","R","E","M","T","E","M","R","?","M","R","BOSS","M","?","?","?","M","R","M","?","T","?","R","?","R","?","R","BOSS","M","?","M","$","M","R","M","M","T","M","R","?","$","M","R","BOSS"],"build_version":"2018-11-08","purchased_purges":1,"victory":false,"max_hp_per_floor":[70,70,70,70,70,70,70,70,70,70,70,70,70,70,70,70,75,75,75,75,75,75,75,75,75,75,75,75,75,75,75,75,75,75,75,75,75,75,75,75,75,75,75,75,75,75,75,75,75,75],"card_choices":[{"not_picked":["Quick Slash","Dagger Spray"],"picked":"Poisoned Stab","floor":1},{"not_picked":["Backflip","Outmaneuver"],"picked":"Quick Slash","floor":4},{"not_picked":["Prepared","Slice"],"picked":"Bane","floor":7},{"not_picked":["Dagger Throw","Acrobatics"],"picked":"Outmaneuver","floor":8},{"not_picked":["PiercingWail","Blur"],"picked":"Backstab","floor":10},{"not_picked":["Endless Agony","Heel Hook"],"picked":"Die Die Die","floor":11},{"not_picked":["Acrobatics","Prepared"],"picked":"Dash","floor":13},{"not_picked":["Quick Slash","Bane"],"picked":"Dagger Spray","floor":14},{"not_picked":["Night Terror","Doppelganger"],"picked":"Adrenaline","floor":16},{"not_picked":["Backstab","PiercingWail"],"picked":"Prepared","floor":17},{"not_picked":["Escape Plan+1","Underhanded Strike"],"picked":"Bane","floor":18},{"not_picked":["Acrobatics","Leg Sweep"],"picked":"Flying Knee","floor":22},{"not_picked":["Well Laid Plans+1","Quick Slash","Blade Dance"],"picked":"SKIP","floor":24},{"not_picked":["Blade Dance","Prepared+1"],"picked":"Backflip","floor":25},{"not_picked":["Bane","Riddle With Holes"],"picked":"Slice+1","floor":29},{"not_picked":["Wraith Form v2","Glass Knife"],"picked":"Die Die Die","floor":33},{"not_picked":["Dodge and Roll","PiercingWail+1","Eviscerate+1"],"picked":"SKIP","floor":35},{"not_picked":["Forethought","Dramatic Entrance"],"picked":"Swift Strike","floor":36},{"not_picked":["Enlightenment","Sadistic Nature"],"picked":"PanicButton","floor":36},{"not_picked":["Prepared+1","Riddle With Holes","Outmaneuver"],"picked":"SKIP","floor":37},{"not_picked":["Quick Slash+1","Dagger Spray+1"],"picked":"Catalyst+1","floor":39},{"not_picked":["Sucker Punch","A Thousand Cuts"],"picked":"Bouncing Flask","floor":41},{"not_picked":["Dagger Spray","Bane"],"picked":"Slice+1","floor":42},{"not_picked":["Poisoned Stab","PiercingWail","Escape Plan"],"picked":"SKIP","floor":44},{"not_picked":["Slice","Dagger Throw+1","Quick Slash"],"picked":"SKIP","floor":48}],"player_experience":294624,"relics_obtained":[{"floor":7,"key":"Meat on the Bone"},{"floor":9,"key":"Oddly Smooth Stone"},{"floor":10,"key":"Blood Vial"},{"floor":13,"key":"Odd Mushroom"},{"floor":20,"key":"Enchiridion"},{"floor":26,"key":"Juzu Bracelet"},{"floor":29,"key":"Red Mask"},{"floor":43,"key":"Bottled Lightning"}],"event_choices":[{"damage_healed":0,"gold_gain":0,"player_choice":"Success","damage_taken":3,"relics_obtained":["Omamori"],"max_hp_gain":0,"max_hp_loss":0,"event_name":"Scrap Ooze","floor":2,"gold_loss":0},{"cards_removed":["Strike_G"],"damage_healed":0,"gold_gain":0,"player_choice":"Forget","damage_taken":0,"max_hp_gain":0,"max_hp_loss":0,"event_name":"Living Wall","floor":5,"gold_loss":0},{"damage_healed":0,"gold_gain":0,"player_choice":"Fought Mushrooms","damage_taken":0,"max_hp_gain":0,"max_hp_loss":0,"event_name":"Mushrooms","floor":13,"gold_loss":0},{"damage_healed":0,"gold_gain":0,"player_choice":"Read","damage_taken":0,"max_hp_gain":0,"max_hp_loss":0,"event_name":"The Library","floor":19,"gold_loss":0,"cards_obtained":["Bouncing Flask"]},{"damage_healed":0,"gold_gain":0,"player_choice":"Obtained Book","damage_taken":16,"max_hp_gain":0,"max_hp_loss":0,"event_name":"Cursed Tome","floor":20,"gold_loss":0},{"damage_healed":0,"gold_gain":0,"player_choice":"Bought 0 Potions","damage_taken":0,"max_hp_gain":0,"max_hp_loss":0,"event_name":"The Woman in Blue","floor":21,"gold_loss":0},{"damage_healed":0,"gold_gain":0,"player_choice":"Copied","damage_taken":0,"max_hp_gain":0,"max_hp_loss":0,"event_name":"Duplicator","floor":27,"gold_loss":0,"cards_obtained":["Die Die Die"]},{"damage_healed":0,"gold_gain":0,"player_choice":"Fought Bandits","damage_taken":0,"max_hp_gain":0,"max_hp_loss":0,"event_name":"Masked Bandits","floor":29,"gold_loss":0},{"damage_healed":0,"gold_gain":0,"player_choice":"Became a vampire (Vial)","damage_taken":0,"max_hp_gain":0,"max_hp_loss":0,"event_name":"Vampires","floor":31,"relics_lost":["Blood Vial"],"gold_loss":0,"cards_obtained":["Bite","Bite","Bite","Bite","Bite"]},{"damage_healed":0,"gold_gain":0,"player_choice":"Memory 3","damage_taken":10,"max_hp_gain":0,"max_hp_loss":0,"event_name":"SensoryStone","floor":36,"gold_loss":0},{"damage_healed":0,"gold_gain":0,"player_choice":"Leave","damage_taken":0,"max_hp_gain":0,"max_hp_loss":0,"event_name":"FaceTrader","floor":46,"gold_loss":0}],"is_beta":false,"boss_relics":[{"not_picked":["Runic Dome","Black Star"],"picked":"Tiny House"},{"not_picked":["Cursed Key","Empty Cage"],"picked":"Fusion Hammer"}],"items_purged_floors":[3],"is_endless":false,"potions_floor_spawned":[7,10,16,22,25,33,35,37,42],"killed_by":"Awakened One","ascension_level":1}