{"gold_per_floor":[110,110,128,146,163,163,174,174,200,216,216,242,253,264,264,340,340,354,107,107,107,126,126,126,146,170,229,248,248,258,258,258,258],"floor_reached":33,"playtime":3371,"items_purged":[],"score":474,"play_id":"f62397b3-df4e-4ea8-9341-e37b848dc4c5","local_time":"20190331230925","is_ascension_mode":true,"campfire_choices":[{"data":"Leg Sweep","floor":6.0,"key":"SMITH"},{"floor":8.0,"key":"REST"},{"data":"Neutralize","floor":11.0,"key":"SMITH"},{"data":"Choke","floor":15.0,"key":"SMITH"},{"floor":23.0,"key":"REST"},{"floor":29.0,"key":"REST"},{"floor":32,"key":"REST"}],"neow_cost":"NONE","seed_source_timestamp":122939679550921,"circlet_count":0,"master_deck":["AscendersBane","Defend_G","Defend_G","Defend_G+1","Defend_G","Defend_G","Strike_G","Strike_G","Strike_G","Strike_G","Survivor","Neutralize+1","Bane","Well Laid Plans","Poisoned Stab","Leg Sweep+1","Leg Sweep+1","Caltrops","PiercingWail","Choke+1","Die Die Die","PiercingWail","Deadly Poison","Dash","Footwork+1"],"special_seed":0,"relics":["Velvet Choker","Happy Flower","Omamori","Cursed Key","War Paint","Nilry\u0027s Codex","Bag of Marbles","Tiny Chest"],"potions_floor_usage":[33],"damage_taken":[{"damage":2.0,"enemies":"Jaw Worm","floor":1.0,"turns":5.0},{"damage":4.0,"enemies":"Cultist","floor":3.0,"turns":5.0},{"damage":5.0,"enemies":"2 Louse","floor":4.0,"turns":3.0},{"damage":1.0,"enemies":"Looter","floor":5.0,"turns":3.0},{"damage":15.0,"enemies":"Gremlin Gang","floor":7.0,"turns":5.0},{"damage":8.0,"enemies":"Large Slime","floor":10.0,"turns":10.0},{"damage":5.0,"enemies":"Lagavulin","floor":12.0,"turns":6.0},{"damage":1.0,"enemies":"3 Louse","floor":13.0,"turns":4.0},{"damage":0.0,"enemies":"2 Fungi Beasts","floor":14.0,"turns":5.0},{"damage":24.0,"enemies":"Hexaghost","floor":16.0,"turns":10.0},{"damage":0.0,"enemies":"Spheric Guardian","floor":18.0,"turns":4.0},{"damage":0.0,"enemies":"Chosen","floor":22.0,"turns":4.0},{"damage":16.0,"enemies":"3 Cultists","floor":25.0,"turns":5.0},{"damage":23.0,"enemies":"Slavers","floor":27.0,"turns":5.0},{"damage":0.0,"enemies":"Shelled Parasite and Fungi","floor":28.0,"turns":6.0},{"damage":9.0,"enemies":"Snake Plant","floor":30.0,"turns":4.0},{"damage":75,"enemies":"Champ","floor":33,"turns":12}],"seed_played":"3057098487790515948","potions_obtained":[{"floor":3.0,"key":"FearPotion"},{"floor":5.0,"key":"SteroidPotion"},{"floor":13.0,"key":"Poison Potion"},{"floor":16.0,"key":"GamblersBrew"},{"floor":18.0,"key":"FairyPotion"},{"floor":28.0,"key":"SkillPotion"},{"floor":30.0,"key":"Fire Potion"}],"is_trial":false,"path_per_floor":["M","?","M","M","M","R","M","R","T","M","R","E","M","M","R","B",null,"M","$","?","?","M","R","?","M","T","E","M","R","M","T","R","B"],"character_chosen":"THE_SILENT","items_purchased":["Deadly Poison","Dash","War Paint"],"campfire_rested":4,"item_purchase_floors":[19,19,19],"current_hp_per_floor":[57,57,53,48,47,47,32,51,51,43,43,38,37,37,37,13,53,53,53,32,32,32,51,51,35,35,12,12,31,22,22,41,0],"gold":258,"neow_bonus":"BOSS_RELIC","is_prod":false,"is_daily":false,"chose_seed":false,"campfire_upgraded":3,"win_rate":0,"timestamp":1554066565,"path_taken":["M","?","M","?","M","R","M","R","T","M","R","E","M","M","R","BOSS","M","$","?","?","M","R","?","M","T","E","M","R","M","?","R","BOSS"],"build_version":"2019-01-23","purchased_purges":0,"victory":false,"max_hp_per_floor":[66,66,66,66,66,66,66,66,66,66,66,66,66,66,66,66,66,66,66,66,66,66,66,66,66,66,66,66,66,66,66,66,66],"card_choices":[{"not_picked":["Acrobatics","Deflect"],"picked":"Bane","floor":1.0},{"not_picked":["Slice","Dagger Throw"],"picked":"Well Laid Plans","floor":3.0},{"not_picked":["Prepared","Dagger Spray"],"picked":"Poisoned Stab","floor":4.0},{"not_picked":["Dagger Spray","Dodge and Roll"],"picked":"Leg Sweep","floor":5.0},{"not_picked":["Underhanded Strike","Dodge and Roll"],"picked":"Leg Sweep","floor":7.0},{"not_picked":["Endless Agony","Eviscerate","Predator"],"picked":"SKIP","floor":10.0},{"not_picked":["Burst","Choke"],"picked":"Caltrops","floor":12.0},{"not_picked":["Bane","Poisoned Stab"],"picked":"PiercingWail","floor":13.0},{"not_picked":["Accuracy","Bane"],"picked":"Choke","floor":14.0},{"not_picked":["Doppelganger","Wraith Form v2"],"picked":"Die Die Die","floor":16.0},{"not_picked":["Prepared","Reflex"],"picked":"PiercingWail","floor":18.0},{"not_picked":["Flying Knee","Backflip","Predator"],"picked":"SKIP","floor":22.0},{"not_picked":["Underhanded Strike+1","Bane"],"picked":"Footwork+1","floor":25.0},{"not_picked":["Flechettes","Cloak And Dagger+1","Glass Knife"],"picked":"SKIP","floor":27.0},{"not_picked":["Underhanded Strike","Backflip","Flying Knee"],"picked":"SKIP","floor":30.0}],"player_experience":651174,"relics_obtained":[{"floor":9.0,"key":"Happy Flower"},{"floor":12.0,"key":"Omamori"},{"floor":20.0,"key":"Nilry\u0027s Codex"},{"floor":26.0,"key":"Bag of Marbles"},{"floor":27.0,"key":"Tiny Chest"}],"event_choices":[{"cards_removed":["Strike_G"],"damage_healed":0.0,"max_hp_gain":0.0,"max_hp_loss":0.0,"gold_gain":0.0,"event_name":"Purifier","player_choice":"Purged","floor":2.0,"gold_loss":0.0,"damage_taken":0.0},{"damage_healed":0.0,"max_hp_gain":0.0,"max_hp_loss":0.0,"gold_gain":0.0,"event_name":"Cursed Tome","player_choice":"Obtained Book","floor":20.0,"gold_loss":0.0,"damage_taken":21.0},{"damage_healed":0.0,"max_hp_gain":0.0,"max_hp_loss":0.0,"gold_gain":0.0,"event_name":"Forgotten Altar","player_choice":"Smashed Altar","floor":21.0,"gold_loss":0.0,"damage_taken":0.0,"cards_obtained":["Decay"]},{"damage_healed":0.0,"max_hp_gain":0.0,"max_hp_loss":0.0,"gold_gain":0.0,"event_name":"Vampires","player_choice":"Ignored","floor":24.0,"gold_loss":0.0,"damage_taken":0.0}],"is_beta":false,"boss_relics":[{"not_picked":["Black Star","Coffee Dripper"],"picked":"Cursed Key"}],"items_purged_floors":[],"is_endless":false,"potions_floor_spawned":[3,5,10,13,16,18,28,30],"killed_by":"Champ","ascension_level":15}