{"gold_per_floor":[109,184,204,129,129,129,139,139,139,139,158,58,78,93,93,188,238,254,110,110,129,4,4,23,23,23,39,52,52,52],"floor_reached":30,"playtime":864,"items_purged":["Defend_R","Defend_R","Strike_R"],"score":247,"play_id":"d0ffb78a-7887-41a4-81ab-4dad6cffcda2","local_time":"20190111214017","is_ascension_mode":false,"campfire_choices":[{"data":"Bash","floor":6,"key":"SMITH"},{"data":"Strike_R","floor":8,"key":"SMITH"},{"data":"Defend_R","floor":15,"key":"SMITH"},{"floor":23,"key":"REST"},{"data":"Defend_R","floor":25,"key":"SMITH"}],"neow_cost":"NONE","seed_source_timestamp":175272963759214,"circlet_count":0,"master_deck":["Strike_R+1","Strike_R+1","Defend_R+1","Defend_R+1","Bash+1"],"relics":["Burning Blood","Sundial","Tiny House","Juzu Bracelet","Blue Candle"],"potions_floor_usage":[16,21,21,28,30],"damage_taken":[{"damage":0,"enemies":"Small Slimes","floor":1,"turns":3},{"damage":6,"enemies":"Jaw Worm","floor":3,"turns":5},{"damage":0,"enemies":"2 Louse","floor":7,"turns":3},{"damage":16,"enemies":"Lots of Slimes","floor":11,"turns":4},{"damage":12,"enemies":"Exordium Thugs","floor":13,"turns":4},{"damage":5,"enemies":"2 Fungi Beasts","floor":14,"turns":3},{"damage":29,"enemies":"The Guardian","floor":16,"turns":11},{"damage":38,"enemies":"Spheric Guardian","floor":18,"turns":7},{"damage":10,"enemies":"Shell Parasite","floor":21,"turns":6},{"damage":22,"enemies":"Chosen and Byrds","floor":24,"turns":8},{"damage":18,"enemies":"Snake Plant","floor":27,"turns":5},{"damage":34,"enemies":"3 Cultists","floor":28,"turns":8},{"damage":16,"enemies":"Gremlin Leader","floor":30,"turns":4}],"seed_played":"-6983657694928944497","potions_obtained":[{"floor":3,"key":"Energy Potion"},{"floor":7,"key":"SpeedPotion"},{"floor":11,"key":"Poison Potion"},{"floor":13,"key":"AttackPotion"},{"floor":17,"key":"PowerPotion"},{"floor":28,"key":"Block Potion"}],"is_trial":false,"path_per_floor":["M","?","M","$","?","R","M","R","T","?","M","$","M","M","R","B",null,"M","$","?","M","$","R","M","R","T","M","M","?","E"],"character_chosen":"IRONCLAD","items_purchased":["Juzu Bracelet"],"campfire_rested":1,"item_purchase_floors":[19],"current_hp_per_floor":[80,69,69,69,62,62,68,68,68,73,63,63,57,58,58,35,90,58,58,40,36,36,64,48,48,48,36,8,8,0],"gold":52,"neow_bonus":"TRANSFORM_CARD","is_prod":false,"is_daily":false,"chose_seed":false,"campfire_upgraded":4,"win_rate":0,"timestamp":1547239217,"path_taken":["M","?","M","$","?","R","M","R","T","?","M","?","?","?","R","BOSS","M","$","?","M","$","R","M","R","T","M","M","?","E"],"build_version":"2019-01-10","purchased_purges":3,"victory":false,"max_hp_per_floor":[80,80,80,80,80,80,80,80,80,85,85,85,85,85,85,85,90,90,90,95,95,95,95,95,95,95,95,95,95,95],"card_choices":[{"not_picked":["Warcry","Sword Boomerang","Shrug It Off"],"picked":"SKIP","floor":1},{"not_picked":["Pommel Strike","Warcry","Heavy Blade"],"picked":"SKIP","floor":3},{"not_picked":["Flex","Headbutt","Clothesline"],"picked":"SKIP","floor":7},{"not_picked":["Metallicize","Warcry","Thunderclap"],"picked":"SKIP","floor":11},{"not_picked":["Clothesline","Iron Wave","Flex"],"picked":"SKIP","floor":13},{"not_picked":["Sever Soul","Headbutt","Ghostly Armor"],"picked":"SKIP","floor":14},{"not_picked":["Body Slam","Rupture","Headbutt"],"picked":"SKIP","floor":18},{"not_picked":["Second Wind","Heavy Blade","Flex"],"picked":"SKIP","floor":21},{"not_picked":["Iron Wave","Clothesline","Armaments"],"picked":"SKIP","floor":24},{"not_picked":["Sword Boomerang","Uppercut+1","Corruption"],"picked":"SKIP","floor":27},{"not_picked":["Feel No Pain+1","Rupture","Pommel Strike+1"],"picked":"SKIP","floor":28}],"player_experience":440747,"relics_obtained":[{"floor":9,"key":"Sundial"},{"floor":26,"key":"Blue Candle"}],"event_choices":[{"damage_healed":0,"gold_gain":75,"player_choice":"Gather Gold","damage_taken":11,"max_hp_gain":0,"max_hp_loss":0,"event_name":"World of Goop","floor":2,"gold_loss":0},{"cards_removed":["Strike_R"],"damage_healed":0,"gold_gain":0,"player_choice":"Card Removal","damage_taken":7,"max_hp_gain":0,"max_hp_loss":0,"event_name":"Golden Wing","floor":5,"gold_loss":0},{"damage_healed":0,"gold_gain":0,"player_choice":"Donut","damage_taken":0,"max_hp_gain":5,"max_hp_loss":0,"event_name":"Big Fish","floor":10,"gold_loss":0},{"damage_healed":0,"gold_gain":0,"player_choice":"Shed Blood","damage_taken":23,"max_hp_gain":5,"max_hp_loss":0,"event_name":"Forgotten Altar","floor":20,"gold_loss":0},{"cards_removed":["Fire Breathing"],"damage_healed":0,"gold_gain":0,"player_choice":"Purged","damage_taken":0,"max_hp_gain":0,"max_hp_loss":0,"event_name":"Purifier","floor":29,"gold_loss":0}],"is_beta":false,"boss_relics":[{"not_picked":["Runic Cube","White Beast Statue"],"picked":"Tiny House"}],"items_purged_floors":[4,12,22],"is_endless":false,"potions_floor_spawned":[3,7,11,13,28],"killed_by":"Gremlin Leader","ascension_level":0}