{"gold_per_floor":[116,131,131,147,72,72,90,125,125,34,64,139,157,157,157,236,236,255,255,269,288,288,314,63,79,102,192,192,22,34,62,62,139,139,149,149,47,147,161,161,195,209,254,266,266,299,309,59,59,59],"floor_reached":51,"playtime":2096,"items_purged":["Strike_R","Strike_R","Strike_R"],"score":1403,"play_id":"043543a6-3671-40f5-8025-e421a1d3fb01","local_time":"20190429203658","is_ascension_mode":true,"campfire_choices":[{"data":"Bash","floor":6,"key":"SMITH"},{"data":"Armaments","floor":15,"key":"SMITH"},{"floor":28,"key":"REST"},{"floor":32,"key":"REST"},{"floor":40,"key":"REST"},{"floor":49,"key":"REST"}],"neow_cost":"NONE","seed_source_timestamp":60083690696168,"circlet_count":0,"master_deck":["AscendersBane","Strike_R","Defend_R","Defend_R","Defend_R","Defend_R","Bash+1","Inflame","Flame Barrier","Pommel Strike","Sword Boomerang","Shrug It Off","Armaments+1","Disarm","Spot Weakness","Feed","Heavy Blade","Iron Wave","Anger","Corruption+1","Headbutt","Dark Embrace+1","Limit Break","Shrug It Off","Burning Pact","Thinking Ahead","Shrug It Off","Clothesline+1","Shrug It Off","Warcry+1","Shockwave+1","Spot Weakness+1","True Grit+1","Shrug It Off+1","Shrug It Off+1","Entrench+1"],"relics":["Burning Blood","Pocketwatch","Question Card","Frozen Egg 2","Philosopher\u0027s Stone","Red Skull","Kunai","Potion Belt","Prayer Wheel","Fusion Hammer","Turnip","Toxic Egg 2","Orichalcum","Dodecahedron"],"potions_floor_usage":[16,23,41,42,50,50,50],"damage_taken":[{"damage":13,"enemies":"Jaw Worm","floor":1,"turns":4},{"damage":1,"enemies":"Cultist","floor":2,"turns":4},{"damage":8,"enemies":"Small Slimes","floor":4,"turns":4},{"damage":5,"enemies":"2 Fungi Beasts","floor":7,"turns":4},{"damage":20,"enemies":"Gremlin Nob","floor":8,"turns":4},{"damage":9,"enemies":"Lagavulin","floor":11,"turns":9},{"damage":0,"enemies":"Looter","floor":13,"turns":3},{"damage":29,"enemies":"Hexaghost","floor":16,"turns":10},{"damage":9,"enemies":"Spheric Guardian","floor":18,"turns":4},{"damage":5,"enemies":"Chosen","floor":20,"turns":6},{"damage":31,"enemies":"Centurion and Healer","floor":21,"turns":8},{"damage":58,"enemies":"Slavers","floor":23,"turns":6},{"damage":4,"enemies":"Chosen and Byrds","floor":25,"turns":3},{"damage":12,"enemies":"Cultist and Chosen","floor":30,"turns":5},{"damage":21,"enemies":"Gremlin Leader","floor":31,"turns":6},{"damage":82,"enemies":"Collector","floor":33,"turns":8},{"damage":27,"enemies":"Orb Walker","floor":35,"turns":5},{"damage":0,"enemies":"Mind Bloom Boss Battle","floor":38,"turns":7},{"damage":53,"enemies":"3 Darklings","floor":39,"turns":4},{"damage":17,"enemies":"Giant Head","floor":41,"turns":8},{"damage":0,"enemies":"Transient","floor":42,"turns":5},{"damage":33,"enemies":"Jaw Worm Horde","floor":44,"turns":6},{"damage":20,"enemies":"Nemesis","floor":46,"turns":5},{"damage":16,"enemies":"Maw","floor":47,"turns":7},{"damage":11,"enemies":"Awakened One","floor":50,"turns":5}],"seed_played":"-3974088709340170933","potions_obtained":[{"floor":2,"key":"LiquidBronze"},{"floor":11,"key":"Ancient Potion"},{"floor":16,"key":"FearPotion"},{"floor":21,"key":"SpeedPotion"},{"floor":25,"key":"LiquidBronze"},{"floor":35,"key":"Poison Potion"},{"floor":39,"key":"Block Potion"},{"floor":41,"key":"Poison Potion"},{"floor":46,"key":"Strength Potion"}],"is_trial":false,"path_per_floor":["M","M","?","M","$","R","M","E","T","$","E","?","M","?","R","B",null,"M","?","M","M","?","E","$","M","T","?","R","$","M","E","R","B",null,"M","?","$","?","M","R","E","M","T","M","?","E","M","$","R","B",null],"character_chosen":"IRONCLAD","items_purchased":["Shrug It Off","Armaments","Kunai","Corruption+1","Shrug It Off","Dexterity Potion","Entrench+1","Strength Potion"],"campfire_rested":4,"item_purchase_floors":[10,10,24,29,37,37,48,48],"current_hp_per_floor":[68,73,73,71,71,71,72,58,58,58,55,44,50,50,50,27,68,65,65,70,49,100,51,51,56,56,36,67,67,64,52,85,9,86,65,65,65,75,32,68,57,63,63,39,101,90,83,83,107,102],"gold":59,"neow_bonus":"TEN_PERCENT_HP_BONUS","is_prod":false,"is_daily":false,"chose_seed":false,"campfire_upgraded":2,"win_rate":0,"timestamp":1556595418,"path_taken":["M","M","?","M","?","R","?","E","T","$","E","?","M","?","R","BOSS","M","?","M","M","?","E","$","?","T","?","R","?","M","E","R","BOSS","M","?","$","?","M","R","E","M","T","M","?","E","M","?","R","BOSS"],"build_version":"2019-01-23","purchased_purges":3,"victory":true,"max_hp_per_floor":[82,82,82,82,82,82,82,82,82,82,82,82,82,82,82,82,82,82,82,86,90,100,103,103,106,106,106,106,106,109,112,112,112,112,112,112,112,116,120,120,120,120,120,123,101,104,107,107,107,107],"card_choices":[{"not_picked":["Anger","Sword Boomerang"],"picked":"Inflame","floor":1},{"not_picked":["Perfected Strike","Wild Strike"],"picked":"Flame Barrier","floor":2},{"not_picked":["Clash","Wild Strike"],"picked":"Pommel Strike","floor":4},{"not_picked":["Thunderclap","True Grit"],"picked":"Sword Boomerang","floor":7},{"not_picked":["Cleave","Dual Wield","Sword Boomerang"],"picked":"SKIP","floor":8},{"not_picked":["Feel No Pain","Carnage","True Grit"],"picked":"Disarm","floor":11},{"not_picked":["Immolate","Clothesline","Heavy Blade"],"picked":"Spot Weakness","floor":13},{"not_picked":["Offering","Bludgeon","Brutality+1"],"picked":"Feed","floor":16},{"not_picked":["Sword Boomerang","Anger","Spot Weakness"],"picked":"Heavy Blade","floor":18},{"not_picked":["Armaments","Perfected Strike","Bloodletting","Rupture+1"],"picked":"SKIP","floor":20},{"not_picked":["Bloodletting","Cleave","Pommel Strike","Sever Soul"],"picked":"SKIP","floor":21},{"not_picked":["Anger","Entrench","Sever Soul"],"picked":"Iron Wave","floor":23},{"not_picked":["Thunderclap","Combust+1","Fiend Fire"],"picked":"Anger","floor":25},{"not_picked":["Dual Wield","Inflame+1","Headbutt","Flex"],"picked":"SKIP","floor":30},{"not_picked":["Dual Wield","Inflame+1","Flex"],"picked":"Headbutt","floor":30},{"not_picked":["Iron Wave","Headbutt","Wild Strike"],"picked":"Dark Embrace+1","floor":31},{"not_picked":["Barricade+1","Feed","Dark Embrace+1"],"picked":"Limit Break","floor":33},{"not_picked":["Havoc+1","Pummel+1","Hemokinesis+1"],"picked":"Shrug It Off","floor":35},{"not_picked":["Inflame+1","Second Wind","Searing Blow"],"picked":"Burning Pact","floor":35},{"not_picked":["Enlightenment","Madness","Panacea"],"picked":"Thinking Ahead","floor":36},{"not_picked":["Flex+1","Hemokinesis","True Grit"],"picked":"Clothesline+1","floor":38},{"not_picked":["Inflame+1","Metallicize+1","Anger"],"picked":"Shrug It Off","floor":39},{"not_picked":["Sever Soul+1","Uppercut","Iron Wave+1","Armaments"],"picked":"SKIP","floor":39},{"not_picked":["Cleave+1","Heavy Blade","Bloodletting","Headbutt+1"],"picked":"SKIP","floor":41},{"not_picked":["Ghostly Armor+1","Seeing Red+1","Clash+1"],"picked":"Warcry+1","floor":42},{"not_picked":["Spot Weakness+1","Rupture+1","Headbutt+1"],"picked":"Shockwave+1","floor":42},{"not_picked":["Shockwave+1","Headbutt","Sword Boomerang"],"picked":"Spot Weakness+1","floor":44},{"not_picked":["Havoc+1","Feed","Cleave+1","Body Slam"],"picked":"SKIP","floor":44},{"not_picked":["Iron Wave+1","Shockwave+1","Seeing Red+1"],"picked":"True Grit+1","floor":46},{"not_picked":["Flex+1","Pummel","Anger+1"],"picked":"Shrug It Off+1","floor":47},{"not_picked":["Flex+1","Perfected Strike","Armaments+1"],"picked":"Shrug It Off+1","floor":47}],"player_experience":2507336,"relics_obtained":[{"floor":8,"key":"Pocketwatch"},{"floor":9,"key":"Question Card"},{"floor":11,"key":"Frozen Egg 2"},{"floor":23,"key":"Red Skull"},{"floor":26,"key":"Potion Belt"},{"floor":31,"key":"Prayer Wheel"},{"floor":38,"key":"Turnip"},{"floor":41,"key":"Toxic Egg 2"},{"floor":43,"key":"Orichalcum"},{"floor":46,"key":"Dodecahedron"}],"event_choices":[{"damage_healed":0,"gold_gain":0,"cards_transformed":["Strike_R"],"player_choice":"Transformed","damage_taken":0,"max_hp_gain":0,"max_hp_loss":0,"event_name":"Transmorgrifier","floor":3,"gold_loss":0,"cards_obtained":["Double Tap"]},{"damage_healed":0,"gold_gain":75,"player_choice":"Gather Gold","damage_taken":11,"max_hp_gain":0,"max_hp_loss":0,"event_name":"World of Goop","floor":12,"gold_loss":0},{"damage_healed":0,"gold_gain":0,"player_choice":"Ignored","damage_taken":0,"max_hp_gain":0,"max_hp_loss":0,"event_name":"Liars Game","floor":14,"gold_loss":0},{"damage_healed":0,"gold_gain":0,"player_choice":"Ignored","damage_taken":0,"max_hp_gain":0,"max_hp_loss":0,"event_name":"Vampires","floor":19,"gold_loss":0},{"cards_removed":["Double Tap"],"damage_healed":41,"gold_gain":0,"player_choice":"Offered Rare","damage_taken":0,"max_hp_gain":10,"max_hp_loss":0,"event_name":"Bonfire Elementals","floor":22,"gold_loss":0},{"damage_healed":0,"gold_gain":90,"player_choice":"GOLD ","damage_taken":20,"max_hp_gain":0,"max_hp_loss":0,"event_name":"Knowing Skull","floor":27,"potions_obtained":[],"gold_loss":0,"cards_obtained":[]},{"damage_healed":0,"gold_gain":0,"player_choice":"Memory 1","damage_taken":0,"max_hp_gain":0,"max_hp_loss":0,"event_name":"SensoryStone","floor":36,"gold_loss":0},{"damage_healed":0,"gold_gain":0,"player_choice":"Fight","damage_taken":0,"max_hp_gain":0,"max_hp_loss":0,"event_name":"MindBloom","floor":38,"gold_loss":0},{"damage_healed":101,"gold_gain":0,"player_choice":"Heal","damage_taken":0,"max_hp_gain":0,"max_hp_loss":22,"event_name":"The Moai Head","floor":45,"gold_loss":0}],"is_beta":false,"boss_relics":[{"not_picked":["Cursed Key","Coffee Dripper"],"picked":"Philosopher\u0027s Stone"},{"not_picked":["Astrolabe","Velvet Choker"],"picked":"Fusion Hammer"}],"items_purged_floors":[5,29,48],"is_endless":false,"potions_floor_spawned":[2,11,16,21,25,35,39,41,46],"ascension_level":15}