{"gold_per_floor":[116,128,139,152,152,179,179,197,223,278,290,290,318,330,330,401,401,412,412,465,271,284,284,310,320,343,343,356,367,367],"floor_reached":30,"playtime":1280,"items_purged":["Strike_B"],"score":480,"play_id":"0ed8a11c-3e0a-403b-be0f-48b8b318da25","local_time":"20180920110854","is_ascension_mode":true,"campfire_choices":[{"floor":7,"key":"REST"},{"floor":12,"key":"REST"},{"data":"Defragment","floor":15,"key":"SMITH"},{"data":"Defragment","floor":23,"key":"SMITH"},{"floor":27,"key":"REST"}],"neow_cost":"PERCENT_DAMAGE","seed_source_timestamp":13013978236855,"circlet_count":0,"master_deck":["Strike_B","Strike_B","Strike_B","Defend_B","Defend_B","Defend_B","Defend_B+1","Zap","Dualcast","AscendersBane","Electrodynamics","Go for the Eyes","Conserve Battery+1","Auto Shields","Defragment+1","Stack","Defragment+1","Echo Form","Lockon","Steam","Core Surge","Conserve Battery","Steam","Cold Snap","Capacitor","Stack","Skim","Aggregate+1","Force Field"],"special_seed":0,"relics":["Cracked Core","War Paint","Art of War","Tiny Chest","Strawberry","Orrery","Orichalcum","Ornamental Fan","Bronze Scales"],"potions_floor_usage":[6,16,24,30],"damage_taken":[{"damage":6.0,"enemies":"2 Louse","floor":1.0,"turns":2.0},{"damage":1.0,"enemies":"Cultist","floor":2.0,"turns":3.0},{"damage":2.0,"enemies":"Jaw Worm","floor":3.0,"turns":3.0},{"damage":7.0,"enemies":"3 Louse","floor":4.0,"turns":3.0},{"damage":13,"enemies":"Gremlin Nob","floor":6,"turns":4},{"damage":5,"enemies":"Blue Slaver","floor":8,"turns":3},{"damage":5,"enemies":"3 Sentries","floor":10,"turns":3},{"damage":0,"enemies":"Red Slaver","floor":11,"turns":3},{"damage":16,"enemies":"Lagavulin","floor":13,"turns":6},{"damage":3,"enemies":"Large Slime","floor":14,"turns":4},{"damage":8,"enemies":"The Guardian","floor":16,"turns":12},{"damage":3,"enemies":"3 Byrds","floor":18,"turns":3},{"damage":13,"enemies":"Shell Parasite","floor":22,"turns":8},{"damage":38,"enemies":"Book of Stabbing","floor":24,"turns":9},{"damage":0,"enemies":"Snecko","floor":25,"turns":7},{"damage":13,"enemies":"Centurion and Healer","floor":28,"turns":6},{"damage":3,"enemies":"Cultist and Chosen","floor":29,"turns":6},{"damage":23,"enemies":"Sentry and Sphere","floor":30,"turns":3}],"seed_played":"8121654483430536467","potions_obtained":[{"floor":2.0,"key":"Explosive Potion"},{"floor":4.0,"key":"FearPotion"},{"floor":6,"key":"FearPotion"},{"floor":10,"key":"SteroidPotion"},{"floor":28,"key":"EssenceOfSteel"}],"is_trial":false,"path_per_floor":["M","M","M","M","?","E","R","M","T","E","M","R","E","M","R","B",null,"M","?","T","$","M","R","E","M","T","R","M","M"],"character_chosen":"DEFECT","items_purchased":["Skim","Swift Potion"],"campfire_rested":3,"item_purchase_floors":[21,21],"current_hp_per_floor":[40,39,37,30,30,17,38,33,33,28,28,49,40,37,37,29,66,63,63,63,63,50,50,12,12,12,35,22,19,0],"gold":367,"neow_bonus":"THREE_RARE_CARDS","is_prod":false,"is_daily":false,"chose_seed":false,"campfire_upgraded":2,"win_rate":0,"timestamp":1537466934,"path_taken":["M","M","M","M","?","E","R","M","T","E","M","R","E","M","R","BOSS","M","?","?","$","M","R","E","?","T","R","M","M","M"],"build_version":"2018-09-06","purchased_purges":1,"victory":false,"max_hp_per_floor":[71,71,71,71,71,71,71,71,71,71,71,71,78,78,78,78,78,78,78,78,78,78,78,78,78,78,78,78,78,78],"card_choices":[{"not_picked":["All For One","Core Surge"],"picked":"Electrodynamics","floor":0.0},{"not_picked":["White Noise","Rebound"],"picked":"Go for the Eyes","floor":1.0},{"not_picked":["Genetic Algorithm","Sweeping Beam"],"picked":"Conserve Battery","floor":2.0},{"not_picked":["Fusion","Melter"],"picked":"Auto Shields","floor":3.0},{"not_picked":["Tempest","Beam Cell"],"picked":"Defragment","floor":4.0},{"not_picked":["Barrage","Rip and Tear"],"picked":"Stack","floor":6},{"not_picked":["Go for the Eyes","Turbo"],"picked":"Defragment","floor":8},{"not_picked":["Stack","Gash","Auto Shields"],"picked":"SKIP","floor":10},{"not_picked":["Static Discharge","Redo"],"picked":"Echo Form","floor":11},{"not_picked":["Rebound","Darkness"],"picked":"Lockon","floor":13},{"not_picked":["Auto Shields","Compile Driver"],"picked":"Steam","floor":14},{"not_picked":["Echo Form","Meteor Strike"],"picked":"Core Surge","floor":16},{"not_picked":["White Noise","Turbo"],"picked":"Conserve Battery","floor":17},{"not_picked":["Stack","Conserve Battery"],"picked":"Steam","floor":17},{"not_picked":["Turbo","Go for the Eyes"],"picked":"Cold Snap","floor":17},{"not_picked":["Beam Cell","Sweeping Beam"],"picked":"Capacitor","floor":17},{"not_picked":["Redo+1","Steam"],"picked":"Stack","floor":18},{"not_picked":["Leap","Thunder Strike","Stack"],"picked":"SKIP","floor":22},{"not_picked":["Barrage","Stack","Thunder Strike"],"picked":"SKIP","floor":24},{"not_picked":["Chill","Barrage"],"picked":"Aggregate+1","floor":25},{"not_picked":["Fusion","Rebound","Tempest"],"picked":"SKIP","floor":28},{"not_picked":["Leap","White Noise"],"picked":"Force Field","floor":29}],"player_experience":1173138,"relics_obtained":[{"floor":6,"key":"War Paint"},{"floor":9,"key":"Art of War"},{"floor":10,"key":"Tiny Chest"},{"floor":13,"key":"Strawberry"},{"floor":20,"key":"Orichalcum"},{"floor":24,"key":"Ornamental Fan"},{"floor":26,"key":"Bronze Scales"}],"event_choices":[{"event_name":"Scrap Ooze","player_choice":"unsuccessful","floor":5,"damage_taken":0},{"event_name":"Vampires","player_choice":"Ignored","floor":19,"damage_taken":0}],"is_beta":false,"boss_relics":[{"not_picked":["White Beast Statue","Runic Pyramid"],"picked":"Orrery"}],"items_purged_floors":[21],"is_endless":false,"potions_floor_spawned":[2,4,6,10,11,13,28,29],"killed_by":"Sentry and Sphere","ascension_level":15}