{"gold_per_floor":[115,115,40,58,78,112,112,130,130,141,166,184,184,202,202,303,303,313,313,330,78,78,95,109,109,133,31,31,45,45],"floor_reached":30,"playtime":998,"items_purged":["Strike_B"],"score":244,"play_id":"6459cb22-4d48-46f3-9add-2266885bbb3a","local_time":"25610723025116","is_ascension_mode":false,"campfire_choices":[{"data":"Sunder","floor":7,"key":"SMITH"},{"floor":13,"key":"REST"},{"floor":15,"key":"REST"},{"floor":25,"key":"REST"},{"data":"Scrape","floor":28,"key":"SMITH"}],"neow_cost":"NONE","seed_source_timestamp":60911149755175,"circlet_count":0,"master_deck":["Strike_B","Strike_B","Strike_B","Defend_B","Defend_B","Defend_B","Defend_B","Zap","Dualcast","Sweeping Beam","Hologram","Sunder+1","Leap","Streamline","Chill","Barrage","Hyperbeam","Hello World","Rainbow","Defragment+1","Melter","Bandage Up","Self Repair","Compile Driver+1","Scrape+1","Genetic Algorithm","Capacitor"],"relics":["Lizard Tail","Question Card","Kunai","Blue Candle","Nuclear Battery","Enchiridion","Lantern","Omamori"],"potions_floor_usage":[6,12,20,24,30],"damage_taken":[{"damage":6,"enemies":"Jaw Worm","floor":1,"turns":4},{"damage":6,"enemies":"Cultist","floor":4,"turns":4},{"damage":7,"enemies":"2 Louse","floor":5,"turns":3},{"damage":10,"enemies":"3 Sentries","floor":6,"turns":6},{"damage":4,"enemies":"Lots of Slimes","floor":8,"turns":4},{"damage":6,"enemies":"3 Louse","floor":10,"turns":2},{"damage":30,"enemies":"Lagavulin","floor":11,"turns":7},{"damage":0,"enemies":"2 Fungi Beasts","floor":12,"turns":2},{"damage":3,"enemies":"Exordium Thugs","floor":14,"turns":3},{"damage":57,"enemies":"The Guardian","floor":16,"turns":12},{"damage":15,"enemies":"Spheric Guardian","floor":18,"turns":4},{"damage":19,"enemies":"Shell Parasite","floor":20,"turns":5},{"damage":11,"enemies":"Snake Plant","floor":23,"turns":3},{"damage":23,"enemies":"Centurion and Healer","floor":24,"turns":7},{"damage":12,"enemies":"Snecko","floor":29,"turns":4},{"damage":51,"enemies":"Slavers","floor":30,"turns":4}],"seed_played":"-52963690695742973","potions_obtained":[{"floor":5,"key":"EssenceOfSteel"},{"floor":6,"key":"Ancient Potion"},{"floor":11,"key":"Fire Potion"},{"floor":12,"key":"SkillPotion"},{"floor":20,"key":"EssenceOfSteel"},{"floor":24,"key":"SpeedPotion"}],"is_trial":false,"path_per_floor":["M","?","$","M","M","E","R","M","T","M","E","M","R","M","R","B",null,"M","?","M","$","?","M","M","R","T","$","R","M"],"character_chosen":"DEFECT","items_purchased":["Lantern","Bandage Up","Scrape","Genetic Algorithm"],"campfire_rested":3,"item_purchase_floors":[21,21,27,27],"current_hp_per_floor":[69,69,69,63,56,46,46,42,42,36,6,6,28,25,47,30,75,60,44,25,25,50,39,27,49,49,49,49,48,0],"gold":45,"neow_bonus":"BOSS_RELIC","is_prod":false,"is_daily":false,"chose_seed":false,"campfire_upgraded":2,"win_rate":0,"timestamp":1532289076,"path_taken":["M","?","$","M","M","E","R","M","T","M","E","?","R","M","R","BOSS","M","?","M","?","?","?","M","R","T","$","R","M","E"],"build_version":"2018-07-19v2","purchased_purges":1,"victory":false,"max_hp_per_floor":[75,75,75,75,75,75,75,75,75,75,75,75,75,75,75,75,75,75,75,75,75,75,75,75,75,75,75,75,75,75],"card_choices":[{"not_picked":["Stack","Go for the Eyes"],"picked":"Sweeping Beam","floor":1},{"not_picked":["Stack","Leap"],"picked":"Hologram","floor":4},{"not_picked":["Compile Driver","Static Discharge"],"picked":"Sunder","floor":5},{"not_picked":["Machine Learning","Stack"],"picked":"Leap","floor":6},{"not_picked":["Self Repair","Compile Driver","Leap"],"picked":"Streamline","floor":8},{"not_picked":["Tempest","Rebound","Conserve Battery"],"picked":"Chill","floor":10},{"not_picked":["Consume","Hologram","Blizzard"],"picked":"Barrage","floor":11},{"not_picked":["Capacitor","Steam","Beam Cell"],"picked":"Hyperbeam","floor":12},{"not_picked":["Go for the Eyes","Conserve Battery","Double Energy"],"picked":"Hello World","floor":14},{"not_picked":["Amplify","Machine Learning","Electrodynamics"],"picked":"Rainbow","floor":16},{"not_picked":["Coolheaded","Fusion","Compile Driver"],"picked":"Defragment+1","floor":18},{"not_picked":["Double Energy","Darkness","Conserve Battery"],"picked":"Melter","floor":20},{"not_picked":["Cold Snap+1","FTL","Go for the Eyes"],"picked":"Self Repair","floor":23},{"not_picked":["Barrage","Capacitor","Redo"],"picked":"Compile Driver+1","floor":24},{"not_picked":["Go for the Eyes","Melter","BootSequence"],"picked":"Capacitor","floor":29}],"player_experience":124031,"relics_obtained":[{"floor":6,"key":"Question Card"},{"floor":9,"key":"Kunai"},{"floor":11,"key":"Blue Candle"},{"floor":19,"key":"Enchiridion"},{"floor":26,"key":"Omamori"}],"event_choices":[{"event_name":"The Woman in Blue","player_choice":"Bought 0 Potions","floor":2,"damage_taken":0},{"event_name":"Cursed Tome","player_choice":"Obtained Book","floor":19,"damage_taken":0},{"event_name":"The Library","player_choice":"Heal","floor":22,"damage_taken":0}],"is_beta":false,"boss_relics":[{"not_picked":["Astrolabe","Snecko Eye"],"picked":"Nuclear Battery"}],"items_purged_floors":[3],"is_endless":false,"potions_floor_spawned":[5,6,11,12,20,24],"killed_by":"Slavers","ascension_level":0}