{"gold_per_floor":[113,132,132,152,152,184,184,211,211,211,133,133,145,171,171,242,242,254,344,344,363,381,413,413,445,472,488,34,48,62,95,95,169,169,187,132,145,145,158,184,184,213,213,229,229,239,259,286,286,286,286],"floor_reached":52,"playtime":2168,"items_purged":[],"score":2494,"play_id":"46f0f146-cc79-4f58-92cd-6289a3dc3117","local_time":"20181213184131","daily_mods":["SealedDeck"],"is_ascension_mode":true,"campfire_choices":[{"data":"Uppercut","floor":7,"key":"SMITH"},{"data":"Spot Weakness","floor":12,"key":"SMITH"},{"data":"Immolate","floor":15,"key":"SMITH"},{"data":"Disarm","floor":24,"key":"SMITH"},{"data":"Heavy Blade","floor":32,"key":"SMITH"},{"data":"Shockwave","floor":41,"key":"SMITH"},{"floor":45,"key":"REST"},{"data":"Disarm","floor":49,"key":"SMITH"}],"neow_cost":"","seed_source_timestamp":52548045081301,"circlet_count":0,"master_deck":["AscendersBane","Headbutt","Body Slam","Clothesline+1","Armaments+1","Havoc+1","Iron Wave+1","Shrug It Off+1","Clothesline","Spot Weakness+1","Uppercut+1","Spot Weakness+1","Pommel Strike","Feel No Pain+1","Corruption+1","Immolate+1","Limit Break","Shockwave+1","Disarm+1","Warcry+1","Flame Barrier","Shrug It Off","Heavy Blade+1","Dual Wield+1","Fiend Fire","True Grit+1","Shrug It Off","Pain","Clumsy","Shrug It Off+1","Disarm+1"],"relics":["Snecko Eye","Frozen Egg 2","Question Card","Mercury Hourglass","Letter Opener","Pear","Black Star","Lantern","Blood Vial","Matryoshka","Paper Frog","War Paint","Whetstone","PreservedInsect","Pantograph","Red Skull","Juzu Bracelet","Cursed Key","Singing Bowl","Unceasing Top","Bronze Scales","Ornamental Fan","Anchor","Charon\u0027s Ashes","Mango","Dead Branch","Molten Egg 2"],"potions_floor_usage":[6,8,25,31,31,35,42,51,51],"damage_taken":[{"damage":0,"enemies":"Small Slimes","floor":1,"turns":2},{"damage":0,"enemies":"Jaw Worm","floor":2,"turns":1},{"damage":0,"enemies":"Cultist","floor":4,"turns":3},{"damage":10,"enemies":"3 Sentries","floor":6,"turns":6},{"damage":0,"enemies":"Gremlin Nob","floor":8,"turns":2},{"damage":0,"enemies":"Red Slaver","floor":13,"turns":3},{"damage":0,"enemies":"Lagavulin","floor":14,"turns":3},{"damage":0,"enemies":"Hexaghost","floor":16,"turns":3},{"damage":0,"enemies":"Chosen","floor":18,"turns":2},{"damage":0,"enemies":"Shell Parasite","floor":21,"turns":3},{"damage":6,"enemies":"Cultist and Chosen","floor":22,"turns":4},{"damage":1,"enemies":"Gremlin Leader","floor":23,"turns":4},{"damage":22,"enemies":"Book of Stabbing","floor":25,"turns":4},{"damage":0,"enemies":"Centurion and Healer","floor":27,"turns":3},{"damage":0,"enemies":"Snake Plant","floor":29,"turns":3},{"damage":0,"enemies":"Chosen and Byrds","floor":30,"turns":4},{"damage":11,"enemies":"Slavers","floor":31,"turns":3},{"damage":19,"enemies":"Collector","floor":33,"turns":7},{"damage":6,"enemies":"3 Darklings","floor":35,"turns":3},{"damage":0,"enemies":"3 Shapes","floor":37,"turns":1},{"damage":4,"enemies":"Maw","floor":39,"turns":6},{"damage":1,"enemies":"Giant Head","floor":40,"turns":4},{"damage":21,"enemies":"Reptomancer","floor":42,"turns":4},{"damage":8,"enemies":"Transient","floor":44,"turns":6},{"damage":0,"enemies":"Sphere and 2 Shapes","floor":46,"turns":2},{"damage":0,"enemies":"3 Darklings","floor":47,"turns":1},{"damage":1,"enemies":"Nemesis","floor":48,"turns":3},{"damage":4,"enemies":"Time Eater","floor":50,"turns":6},{"damage":7,"enemies":"Donu and Deca","floor":51,"turns":4}],"seed_played":"-260879483305672297","potions_obtained":[{"floor":1,"key":"Energy Potion"},{"floor":4,"key":"Regen Potion"},{"floor":6,"key":"SteroidPotion"},{"floor":18,"key":"SpeedPotion"},{"floor":25,"key":"Strength Potion"},{"floor":27,"key":"Regen Potion"},{"floor":31,"key":"Explosive Potion"},{"floor":35,"key":"SkillPotion"},{"floor":39,"key":"SteroidPotion"},{"floor":46,"key":"BloodPotion"},{"floor":47,"key":"LiquidBronze"}],"is_trial":true,"path_per_floor":["M","M","?","M","?","E","R","E","T","?","$","R","M","E","R","B",null,"M","?","$","M","M","E","R","E","T","M","$","M","M","E","R","B",null,"M","$","M","T","M","E","R","E","T","M","R","M","M","E","R","B","B",null],"character_chosen":"IRONCLAD","items_purchased":["Corruption+1","PreservedInsect","Pantograph","Shrug It Off"],"campfire_rested":1,"item_purchase_floors":[11,28,28,36],"current_hp_per_floor":[68,68,63,63,40,45,45,45,45,45,45,45,45,55,55,55,78,78,62,62,62,56,55,55,35,35,37,37,39,41,41,41,49,76,72,72,74,74,74,77,77,60,74,68,99,103,107,108,108,105,102],"gold":286,"neow_bonus":"","is_prod":false,"is_daily":false,"chose_seed":false,"campfire_upgraded":7,"win_rate":0,"timestamp":1544755291,"path_taken":["M","M","?","M","?","E","R","E","T","?","?","R","M","E","R","BOSS","M","?","$","M","M","E","R","E","T","M","$","M","?","E","R","BOSS","M","$","M","?","M","E","R","E","T","M","R","M","M","E","R","BOSS","BOSS"],"build_version":"2018-12-13","purchased_purges":0,"victory":true,"max_hp_per_floor":[75,75,75,75,75,75,75,75,75,75,75,75,75,85,85,85,85,85,85,85,85,85,85,85,85,85,85,85,85,85,85,85,85,85,85,85,85,85,87,89,89,91,105,105,105,107,109,109,109,109,109],"card_choices":[{"not_picked":["Clash","Wild Strike"],"picked":"Spot Weakness","floor":1},{"not_picked":["Havoc","Ghostly Armor"],"picked":"Pommel Strike","floor":2},{"not_picked":["Flex","Blood for Blood","Perfected Strike"],"picked":"SKIP","floor":4},{"not_picked":["Combust+1","Headbutt","Wild Strike"],"picked":"SKIP","floor":6},{"not_picked":["Heavy Blade","Burning Pact","Thunderclap"],"picked":"Feel No Pain+1","floor":8},{"not_picked":["Intimidate","Body Slam","Spot Weakness","Wild Strike"],"picked":"SKIP","floor":13},{"not_picked":["Feel No Pain+1","Cleave","Hemokinesis"],"picked":"Immolate","floor":14},{"not_picked":["Demon Form+1","Berserk+1","Offering"],"picked":"Limit Break","floor":16},{"not_picked":["Pommel Strike","Evolve+1","Flex","Perfected Strike"],"picked":"SKIP","floor":18},{"not_picked":["Iron Wave","Flex+1","Searing Blow"],"picked":"Shockwave","floor":21},{"not_picked":["Anger","Armaments","Havoc"],"picked":"Disarm","floor":22},{"not_picked":["Reckless Charge","Burning Pact","Shockwave"],"picked":"Warcry","floor":23},{"not_picked":["Ghostly Armor","Offering","Iron Wave"],"picked":"Flame Barrier","floor":25},{"not_picked":["Inflame+1","Headbutt","Flex"],"picked":"Shrug It Off","floor":27},{"not_picked":["Intimidate","Fire Breathing+1","Clothesline","Thunderclap+1"],"picked":"SKIP","floor":29},{"not_picked":["Body Slam","Cleave","Corruption+1"],"picked":"Heavy Blade","floor":30},{"not_picked":["Carnage","Blood for Blood","Metallicize+1"],"picked":"Dual Wield+1","floor":31},{"not_picked":["Juggernaut+1","Feed","Limit Break"],"picked":"Fiend Fire","floor":33},{"not_picked":["Sword Boomerang+1","Thunderclap+1","Sever Soul+1"],"picked":"True Grit+1","floor":35},{"not_picked":["Dropkick+1","Second Wind","Sword Boomerang+1","Iron Wave"],"picked":"SKIP","floor":37},{"not_picked":["Sword Boomerang","Cleave","Rage+1","Flex"],"picked":"Singing Bowl","floor":39},{"not_picked":["Reckless Charge+1","Rage","Intimidate","Clothesline"],"picked":"Singing Bowl","floor":40},{"not_picked":["Body Slam","True Grit","Iron Wave","Infernal Blade"],"picked":"Singing Bowl","floor":42},{"not_picked":["Twin Strike","Sword Boomerang","Fire Breathing+1"],"picked":"Shrug It Off+1","floor":44},{"not_picked":["Anger","Wild Strike","Headbutt+1","Clothesline"],"picked":"Singing Bowl","floor":46},{"not_picked":["Hemokinesis","Perfected Strike","Sentinel","Flex"],"picked":"Singing Bowl","floor":47},{"not_picked":["Brutality+1","Clothesline","Havoc"],"picked":"Disarm","floor":48}],"player_experience":1794201,"relics_obtained":[{"floor":6,"key":"Question Card"},{"floor":8,"key":"Mercury Hourglass"},{"floor":9,"key":"Letter Opener"},{"floor":14,"key":"Pear"},{"floor":23,"key":"Lantern"},{"floor":23,"key":"Blood Vial"},{"floor":25,"key":"Matryoshka"},{"floor":25,"key":"Paper Frog"},{"floor":26,"key":"War Paint"},{"floor":26,"key":"Whetstone"},{"floor":31,"key":"Red Skull"},{"floor":31,"key":"Juzu Bracelet"},{"floor":38,"key":"Singing Bowl"},{"floor":38,"key":"Unceasing Top"},{"floor":40,"key":"Bronze Scales"},{"floor":40,"key":"Ornamental Fan"},{"floor":42,"key":"Anchor"},{"floor":42,"key":"Charon\u0027s Ashes"},{"floor":43,"key":"Mango"},{"floor":48,"key":"Dead Branch"},{"floor":48,"key":"Molten Egg 2"}],"event_choices":[{"damage_healed":0,"gold_gain":0,"player_choice":"Success","damage_taken":5,"relics_obtained":["Frozen Egg 2"],"max_hp_gain":0,"max_hp_loss":0,"event_name":"Scrap Ooze","floor":3,"gold_loss":0},{"damage_healed":0,"gold_gain":0,"player_choice":"Entered Light","damage_taken":23,"max_hp_gain":0,"max_hp_loss":0,"event_name":"Shining Light","floor":5,"gold_loss":0,"cards_upgraded":["Shrug It Off","Spot Weakness"]},{"damage_healed":0,"gold_gain":0,"player_choice":"Grow","damage_taken":0,"max_hp_gain":0,"max_hp_loss":0,"event_name":"Living Wall","floor":10,"gold_loss":0,"cards_upgraded":["Armaments"]},{"damage_healed":0,"gold_gain":90,"player_choice":"GOLD ","damage_taken":16,"max_hp_gain":0,"max_hp_loss":0,"event_name":"Knowing Skull","floor":19,"potions_obtained":[],"gold_loss":0,"cards_obtained":[]}],"is_beta":false,"boss_relics":[{"not_picked":["Empty Cage","Runic Dome"],"picked":"Black Star"},{"not_picked":["Eternal Feather","Tiny House"],"picked":"Cursed Key"}],"items_purged_floors":[],"is_endless":false,"potions_floor_spawned":[1,4,6,18,25,27,29,30,31,35,39,46,47],"ascension_level":20}