{"gold_per_floor":[118,118,130,149,122,122,138,171,194,206,206,233,233,266,266,342,342,353,268,286,28,45,45,145,158,209,209,238,238,265,285,285,360,360,372,372,386,17,33,33,64,64,64,78,78,108,108,11,11,11],"floor_reached":51,"playtime":2219,"items_purged":["Strike_B"],"score":1323,"play_id":"179d02c9-ece9-4a41-92af-d22e3a3e42e1","local_time":"20190211124541","is_ascension_mode":true,"campfire_choices":[{"data":"Zap","floor":6.0,"key":"SMITH"},{"data":"Beam Cell","floor":15.0,"key":"SMITH"},{"data":"Fission","floor":23.0,"key":"SMITH"},{"data":"Darkness","floor":29.0,"key":"SMITH"},{"floor":32.0,"key":"REST"},{"floor":40.0,"key":"REST"},{"data":"Creative AI","floor":45,"key":"SMITH"},{"data":"Defragment","floor":47,"key":"SMITH"},{"floor":49,"key":"REST"}],"neow_cost":"NONE","seed_source_timestamp":17143246140871,"circlet_count":0,"master_deck":["AscendersBane","Strike_B","Defend_B","Defend_B","Defend_B","Defend_B","Zap+1","Dualcast","Beam Cell+1","Reinforced Body","Sweeping Beam","Cold Snap","Coolheaded","Undo","Rainbow","Ball Lightning","Steam","Fission+1","Conserve Battery","Defragment+1","Hologram","Darkness+1","Creative AI+1","Loop","Hologram+1","Echo Form","Chill","Recycle","Biased Cognition","Redo+1","Capacitor","Compile Driver","Compile Driver","Writhe"],"special_seed":0,"relics":["Cracked Core","Regal Pillow","Bag of Preparation","Pen Nib","Pear","Nuclear Battery","Strawberry","Anchor","FossilizedHelix","Symbiotic Virus","Oddly Smooth Stone","Centennial Puzzle","Vajra","Empty Cage","Emotion Chip","Happy Flower","Gremlin Horn","Potion Belt"],"potions_floor_usage":[50,50,50],"damage_taken":[{"damage":0.0,"enemies":"Small Slimes","floor":1.0,"turns":2.0},{"damage":2.0,"enemies":"Jaw Worm","floor":3.0,"turns":3.0},{"damage":5.0,"enemies":"2 Louse","floor":4.0,"turns":4.0},{"damage":7.0,"enemies":"2 Fungi Beasts","floor":7.0,"turns":2.0},{"damage":16.0,"enemies":"3 Sentries","floor":8.0,"turns":6.0},{"damage":6.0,"enemies":"Gremlin Gang","floor":10.0,"turns":5.0},{"damage":8.0,"enemies":"Lagavulin","floor":12.0,"turns":6.0},{"damage":1.0,"enemies":"Gremlin Nob","floor":14.0,"turns":3.0},{"damage":25.0,"enemies":"Hexaghost","floor":16.0,"turns":8.0},{"damage":0.0,"enemies":"Chosen","floor":18.0,"turns":3.0},{"damage":4.0,"enemies":"Spheric Guardian","floor":20.0,"turns":4.0},{"damage":0.0,"enemies":"Snecko","floor":22.0,"turns":4.0},{"damage":0.0,"enemies":"Colosseum Slavers","floor":24.0,"turns":4.0},{"damage":0.0,"enemies":"Colosseum Nobs","floor":24.0,"turns":2.0},{"damage":0.0,"enemies":"Centurion and Healer","floor":25.0,"turns":8.0},{"damage":13.0,"enemies":"Book of Stabbing","floor":28.0,"turns":5.0},{"damage":20.0,"enemies":"Gremlin Leader","floor":30.0,"turns":8.0},{"damage":0.0,"enemies":"Snake Plant","floor":31.0,"turns":4.0},{"damage":57.0,"enemies":"Champ","floor":33.0,"turns":11.0},{"damage":8.0,"enemies":"Orb Walker","floor":35.0,"turns":4.0},{"damage":0.0,"enemies":"3 Darklings","floor":37.0,"turns":7.0},{"damage":23.0,"enemies":"Spire Growth","floor":39.0,"turns":4.0},{"damage":19.0,"enemies":"Reptomancer","floor":41.0,"turns":5.0},{"damage":9,"enemies":"Writhing Mass","floor":44,"turns":6},{"damage":12,"enemies":"Nemesis","floor":46,"turns":7},{"damage":41,"enemies":"Donu and Deca","floor":50,"turns":9}],"seed_played":"-474418056952492099","potions_obtained":[{"floor":1.0,"key":"AttackPotion"},{"floor":4.0,"key":"SkillPotion"},{"floor":14.0,"key":"LiquidBronze"},{"floor":22.0,"key":"SteroidPotion"},{"floor":28.0,"key":"LiquidBronze"},{"floor":31.0,"key":"GamblersBrew"},{"floor":35.0,"key":"Strength Potion"},{"floor":41.0,"key":"Fire Potion"}],"is_trial":false,"path_per_floor":["M","?","M","M","$","R","M","E","T","M","?","E","?","E","R","B",null,"M","?","M","$","M","R","?","M","T","?","E","R","E","M","R","B",null,"M","?","M","$","M","R","E","?","T","M","R","E","R","$","R","B",null],"character_chosen":"DEFECT","items_purchased":["Cold Snap","Defragment","Anchor","Capacitor","Emotion Chip","PowerPotion","Swift Potion"],"campfire_rested":3,"item_purchase_floors":[5,21,21,38,38,48,48],"current_hp_per_floor":[71,71,69,64,64,64,57,41,41,35,35,27,53,62,62,37,75,75,82,78,78,78,78,78,78,78,50,37,37,17,17,62,5,76,68,68,68,68,45,90,71,91,91,82,82,70,70,70,100,59],"gold":11,"neow_bonus":"TEN_PERCENT_HP_BONUS","is_prod":false,"is_daily":false,"chose_seed":false,"campfire_upgraded":6,"win_rate":0,"timestamp":1549917941,"path_taken":["M","?","M","M","$","R","M","E","T","M","?","E","?","E","R","BOSS","M","?","M","$","M","R","?","M","T","?","E","R","E","M","R","BOSS","M","?","?","$","M","R","E","?","T","M","R","E","R","$","R","BOSS"],"build_version":"2019-01-23","purchased_purges":1,"victory":true,"max_hp_per_floor":[78,78,78,78,78,78,78,78,78,78,78,78,78,88,88,88,88,88,95,95,95,95,95,95,95,95,100,100,100,100,100,100,100,100,100,100,100,100,100,100,100,100,100,100,100,100,100,100,100,100],"card_choices":[{"not_picked":["Tempest","Redo"],"picked":"Beam Cell","floor":1.0},{"not_picked":["Scrape","Steam"],"picked":"Reinforced Body","floor":3.0},{"not_picked":["Leap","Hologram"],"picked":"Sweeping Beam","floor":4.0},{"not_picked":["Loop","Hologram"],"picked":"Coolheaded","floor":7.0},{"not_picked":["Redo","Turbo"],"picked":"Undo","floor":8.0},{"not_picked":["Undo","Redo"],"picked":"Rainbow","floor":10.0},{"not_picked":["Conserve Battery","Go for the Eyes"],"picked":"Ball Lightning","floor":12.0},{"not_picked":["Blizzard","Storm"],"picked":"Steam","floor":14.0},{"not_picked":["Reboot","Rainbow"],"picked":"Fission","floor":16.0},{"not_picked":["Steam","Redo+1","Barrage"],"picked":"SKIP","floor":18.0},{"not_picked":["Go for the Eyes","Cold Snap"],"picked":"Conserve Battery","floor":20.0},{"not_picked":["Leap","Barrage"],"picked":"Hologram","floor":22.0},{"not_picked":["Cold Snap","Coolheaded"],"picked":"Darkness","floor":24.0},{"not_picked":["Recycle","Steam"],"picked":"Creative AI","floor":25.0},{"not_picked":["Ball Lightning","Coolheaded"],"picked":"Loop","floor":28.0},{"not_picked":["Streamline","Lockon","Sweeping Beam"],"picked":"SKIP","floor":30.0},{"not_picked":["Ball Lightning","Sweeping Beam"],"picked":"Hologram+1","floor":31.0},{"not_picked":["Seek","Machine Learning"],"picked":"Echo Form","floor":33.0},{"not_picked":["Double Energy","Leap"],"picked":"Chill","floor":35.0},{"not_picked":["Rebound","Ball Lightning+1"],"picked":"Redo+1","floor":37.0},{"not_picked":["Conserve Battery","Chaos"],"picked":"Compile Driver","floor":39.0},{"not_picked":["Streamline","Sweeping Beam"],"picked":"Compile Driver","floor":41.0},{"not_picked":["Redo","Lockon","Streamline"],"picked":"SKIP","floor":44},{"not_picked":["Go for the Eyes","Steam","Static Discharge"],"picked":"SKIP","floor":46}],"player_experience":2194465,"relics_obtained":[{"floor":8.0,"key":"Regal Pillow"},{"floor":9.0,"key":"Bag of Preparation"},{"floor":12.0,"key":"Pen Nib"},{"floor":14.0,"key":"Pear"},{"floor":24.0,"key":"FossilizedHelix"},{"floor":24.0,"key":"Symbiotic Virus"},{"floor":26.0,"key":"Oddly Smooth Stone"},{"floor":28.0,"key":"Centennial Puzzle"},{"floor":30.0,"key":"Vajra"},{"floor":41.0,"key":"Happy Flower"},{"floor":43.0,"key":"Gremlin Horn"},{"floor":46,"key":"Potion Belt"}],"event_choices":[{"damage_healed":0.0,"max_hp_gain":0.0,"max_hp_loss":0.0,"gold_gain":0.0,"event_name":"Golden Wing","player_choice":"Ignored","floor":2.0,"gold_loss":0.0,"damage_taken":0.0},{"damage_healed":0.0,"max_hp_gain":0.0,"max_hp_loss":0.0,"gold_gain":0.0,"event_name":"Liars Game","player_choice":"Ignored","floor":11.0,"gold_loss":0.0,"damage_taken":0.0},{"damage_healed":26.0,"max_hp_gain":0.0,"max_hp_loss":0.0,"gold_gain":0.0,"event_name":"Big Fish","player_choice":"Banana","floor":13.0,"gold_loss":0.0,"damage_taken":0.0},{"damage_healed":0.0,"max_hp_gain":0.0,"max_hp_loss":0.0,"gold_gain":0.0,"event_name":"Addict","player_choice":"Obtained Relic","floor":19.0,"gold_loss":85.0,"damage_taken":0.0,"relics_obtained":["Strawberry"]},{"damage_healed":0.0,"max_hp_gain":0.0,"max_hp_loss":0.0,"gold_gain":0.0,"event_name":"Colosseum","player_choice":"Fight","floor":24.0,"gold_loss":0.0,"damage_taken":0.0},{"damage_healed":0.0,"max_hp_gain":0.0,"max_hp_loss":0.0,"gold_gain":0.0,"event_name":"Colosseum","player_choice":"Fought Nobs","floor":24.0,"gold_loss":0.0,"damage_taken":0.0},{"damage_healed":0.0,"max_hp_gain":5.0,"max_hp_loss":0.0,"gold_gain":0.0,"event_name":"Forgotten Altar","player_choice":"Shed Blood","floor":27.0,"gold_loss":0.0,"damage_taken":33.0},{"damage_healed":0.0,"max_hp_gain":0.0,"max_hp_loss":0.0,"gold_gain":0.0,"event_name":"Match and Keep!","player_choice":"2 cards matched","floor":36.0,"gold_loss":0.0,"damage_taken":0.0,"cards_obtained":["Recycle","Biased Cognition"]},{"damage_healed":20.0,"max_hp_gain":0.0,"max_hp_loss":0.0,"gold_gain":0.0,"event_name":"Winding Halls","player_choice":"Writhe","floor":42.0,"gold_loss":0.0,"damage_taken":0.0,"cards_obtained":["Writhe"]}],"is_beta":false,"boss_relics":[{"not_picked":["Runic Dome","Black Star"],"picked":"Nuclear Battery"},{"not_picked":["Calling Bell","Busted Crown"],"picked":"Empty Cage"}],"items_purged_floors":[21],"is_endless":false,"potions_floor_spawned":[1,4,7,14,22,24,28,31,35,41],"ascension_level":15}