{"gold_per_floor":[110,120,120,120,136,136,167,15,15,25,58,69,98,98,98,170,170,189,189,189,21,34,61,61,87,111,151,163,200,229,270,282,371,383,415,427,13,13,29,29,58,58,58,87,87,87,101,131,131,131],"floor_reached":51,"playtime":1224,"items_purged":[],"score":1802,"play_id":"969f868b-9537-4c72-ac32-565bb6fd8fb9","local_time":"20180928220554","is_ascension_mode":true,"campfire_choices":[{"data":"Perfected Strike","floor":6,"key":"SMITH"},{"data":"Perfected Strike","floor":15,"key":"SMITH"},{"data":"Perfected Strike","floor":28,"key":"SMITH"},{"data":"Corruption","floor":32,"key":"SMITH"},{"data":"1","floor":40,"key":"LIFT"},{"data":"2","floor":42,"key":"LIFT"},{"data":"3","floor":45,"key":"LIFT"},{"data":"Offering","floor":49,"key":"SMITH"}],"neow_cost":"NONE","seed_source_timestamp":8865511113975,"circlet_count":0,"master_deck":["Strike_R+1","Strike_R","Strike_R","Strike_R","Strike_R","Defend_R","Bash+1","AscendersBane","Perfected Strike+1","Cleave","Twin Strike","Immolate","Double Tap+1","Perfected Strike+1","Shockwave","Impervious+1","Impervious","Pommel Strike","Power Through","Twin Strike","Pommel Strike","Juggernaut","Twin Strike","Perfected Strike+1","Power Through","Corruption+1","Clash","Offering+1"],"relics":["Burning Blood","NeowsBlessing","Pantograph","Blue Candle","Art of War","Nunchaku","Strawberry","Cursed Key","PreservedInsect","Thread and Needle","Omamori","MawBank","War Paint","Unceasing Top","Gambling Chip","Snecko Eye","Pen Nib","Whetstone","Girya","Ancient Tea Set","Dream Catcher","Smiling Mask","Ice Cream"],"potions_floor_usage":[16,25,33,33],"damage_taken":[{"damage":0,"enemies":"Small Slimes","floor":1,"turns":1},{"damage":0,"enemies":"Cultist","floor":2,"turns":1},{"damage":0,"enemies":"2 Louse","floor":5,"turns":1},{"damage":16,"enemies":"Gremlin Nob","floor":7,"turns":3},{"damage":12,"enemies":"Exordium Thugs","floor":10,"turns":4},{"damage":20,"enemies":"Lagavulin","floor":11,"turns":4},{"damage":0,"enemies":"Gremlin Gang","floor":12,"turns":1},{"damage":16,"enemies":"Gremlin Nob","floor":13,"turns":3},{"damage":28,"enemies":"Slime Boss","floor":16,"turns":8},{"damage":0,"enemies":"Chosen","floor":18,"turns":3},{"damage":1,"enemies":"Spheric Guardian","floor":22,"turns":4},{"damage":0,"enemies":"Gremlin Leader","floor":23,"turns":4},{"damage":7,"enemies":"Book of Stabbing","floor":25,"turns":2},{"damage":5,"enemies":"Slavers","floor":27,"turns":2},{"damage":0,"enemies":"Gremlin Leader","floor":29,"turns":3},{"damage":0,"enemies":"Shelled Parasite and Fungi","floor":30,"turns":3},{"damage":3,"enemies":"Slavers","floor":31,"turns":3},{"damage":63,"enemies":"Champ","floor":33,"turns":8},{"damage":0,"enemies":"Orb Walker","floor":35,"turns":1},{"damage":0,"enemies":"Mind Bloom Boss Battle","floor":38,"turns":3},{"damage":6,"enemies":"3 Shapes","floor":39,"turns":1},{"damage":6,"enemies":"2 Orb Walkers","floor":41,"turns":2},{"damage":0,"enemies":"Giant Head","floor":44,"turns":2},{"damage":0,"enemies":"Reptomancer","floor":47,"turns":1},{"damage":7,"enemies":"Nemesis","floor":48,"turns":1},{"damage":54,"enemies":"Donu and Deca","floor":50,"turns":6}],"seed_played":"-1846217143923708761","potions_obtained":[{"floor":7,"key":"PowerPotion"},{"floor":10,"key":"Swift Potion"},{"floor":13,"key":"SteroidPotion"},{"floor":22,"key":"PowerPotion"},{"floor":30,"key":"Weak Potion"},{"floor":33,"key":"SpeedPotion"},{"floor":35,"key":"Weak Potion"},{"floor":48,"key":"PowerPotion"}],"is_trial":false,"path_per_floor":["M","M","?","?","M","R","E","$","T","M","E","M","E","?","R","B",null,"M","?","?","$","M","E","?","E","T","E","R","E","M","E","R","B",null,"M","?","$","?","M","R","E","R","T","E","R","?","M","E","R","B"],"character_chosen":"IRONCLAD","items_purchased":["Double Tap","Wild Strike","PreservedInsect","Pen Nib","Whetstone","GamblersBrew"],"campfire_rested":0,"item_purchase_floors":[8,8,21,37,37,37],"current_hp_per_floor":[74,75,68,68,74,74,64,64,64,58,44,50,40,47,47,50,74,80,80,80,80,82,82,82,81,81,82,82,82,82,82,82,25,68,74,74,74,78,78,78,78,78,78,78,78,67,73,72,72,30],"gold":131,"neow_bonus":"THREE_ENEMY_KILL","is_prod":false,"is_daily":false,"chose_seed":true,"campfire_upgraded":5,"win_rate":0,"timestamp":1538143554,"path_taken":["M","M","?","?","?","R","E","$","T","M","E","M","E","?","R","BOSS","M","?","?","$","M","E","?","E","T","E","R","E","M","E","R","BOSS","M","?","$","?","M","R","E","R","T","E","R","?","M","E","R","BOSS"],"build_version":"2018-09-27","purchased_purges":0,"victory":true,"max_hp_per_floor":[75,75,75,75,75,75,75,75,75,75,75,75,75,82,82,82,82,82,82,82,82,82,82,82,82,82,82,82,82,82,82,82,82,82,82,78,78,78,78,78,78,78,78,78,78,78,78,78,78,78],"card_choices":[{"not_picked":["Anger","Headbutt"],"picked":"Perfected Strike","floor":1},{"not_picked":["Dropkick","Anger"],"picked":"Cleave","floor":2},{"not_picked":["Flex","Entrench"],"picked":"Twin Strike","floor":5},{"not_picked":["Rampage","Flex"],"picked":"Immolate","floor":7},{"not_picked":["Combust","Iron Wave"],"picked":"Perfected Strike","floor":10},{"not_picked":["Clothesline","Warcry","Fire Breathing"],"picked":"SKIP","floor":11},{"not_picked":["Uppercut","Warcry"],"picked":"Shockwave","floor":12},{"not_picked":["Headbutt","Pommel Strike"],"picked":"Impervious","floor":13},{"not_picked":["Immolate","Dark Embrace"],"picked":"Impervious","floor":16},{"not_picked":["Flex","Headbutt"],"picked":"Pommel Strike","floor":18},{"not_picked":["Headbutt","Searing Blow"],"picked":"Twin Strike","floor":22},{"not_picked":["Iron Wave","Armaments"],"picked":"Pommel Strike","floor":23},{"not_picked":["Fiend Fire","Fire Breathing+1"],"picked":"Twin Strike","floor":25},{"not_picked":["Thunderclap","Sword Boomerang+1"],"picked":"Perfected Strike","floor":27},{"not_picked":["Searing Blow","Clothesline"],"picked":"Power Through","floor":29},{"not_picked":["Carnage","Iron Wave"],"picked":"Corruption","floor":30},{"not_picked":["Burning Pact","Pummel","Clash"],"picked":"SKIP","floor":31},{"not_picked":["Burning Pact","Pummel"],"picked":"Clash","floor":31},{"not_picked":["Juggernaut","Impervious"],"picked":"Offering","floor":33},{"not_picked":["Rage","Twin Strike","Clothesline"],"picked":"SKIP","floor":35},{"not_picked":["Evolve+1","Flex","Warcry"],"picked":"SKIP","floor":39},{"not_picked":["True Grit","Whirlwind","Intimidate"],"picked":"SKIP","floor":41},{"not_picked":["Rupture","Barricade","True Grit"],"picked":"SKIP","floor":44},{"not_picked":["Clash+1","Pummel","Clothesline"],"picked":"SKIP","floor":47},{"not_picked":["Sever Soul","Rage+1","Dark Embrace"],"picked":"SKIP","floor":48}],"player_experience":1695296,"relics_obtained":[{"floor":7,"key":"Pantograph"},{"floor":9,"key":"Blue Candle"},{"floor":11,"key":"Art of War"},{"floor":13,"key":"Nunchaku"},{"floor":23,"key":"Thread and Needle"},{"floor":25,"key":"Omamori"},{"floor":26,"key":"MawBank"},{"floor":27,"key":"War Paint"},{"floor":29,"key":"Unceasing Top"},{"floor":31,"key":"Gambling Chip"},{"floor":38,"key":"Girya"},{"floor":41,"key":"Ancient Tea Set"},{"floor":43,"key":"Dream Catcher"},{"floor":44,"key":"Smiling Mask"},{"floor":48,"key":"Ice Cream"}],"event_choices":[{"event_name":"Golden Wing","player_choice":"Card Removal","floor":3,"damage_taken":0},{"event_name":"Bonfire Elementals","player_choice":"BASIC","floor":4,"damage_taken":0},{"event_name":"WeMeetAgain","player_choice":"Card","floor":14,"damage_taken":0},{"event_name":"Vampires","player_choice":"Ignored","floor":19,"damage_taken":0},{"event_name":"The Library","player_choice":"Read","floor":20,"damage_taken":0},{"event_name":"Transmorgrifier","player_choice":"Transform","floor":24,"damage_taken":0},{"event_name":"Winding Halls","player_choice":"Max HP","floor":36,"damage_taken":0},{"event_name":"MindBloom","player_choice":"Fight","floor":38,"damage_taken":0},{"event_name":"Wheel of Change","player_choice":"Damage","floor":46,"damage_taken":0}],"is_beta":false,"boss_relics":[{"not_picked":["White Beast Statue","Ectoplasm"],"picked":"Cursed Key"},{"not_picked":["Calling Bell","Lizard Tail"],"picked":"Snecko Eye"}],"items_purged_floors":[],"is_endless":false,"potions_floor_spawned":[7,10,11,13,22,30,33,35,38,41,48],"ascension_level":17}