{"gold_per_floor":[365,365,25,43,60,60,71,103,130,145,160,185,185,185,185,259,259,274,5,5,205,218,218,229,239,313,342,342,372,372,387,387,387],"floor_reached":33,"playtime":1941,"items_purged":["Strike_R","Strike_R"],"score":594,"play_id":"04a63a35-1a9c-477c-b15d-e4dbeab81816","local_time":"20190409194947","is_ascension_mode":true,"campfire_choices":[{"data":"Bash","floor":6.0,"key":"SMITH"},{"data":"True Grit","floor":13.0,"key":"SMITH"},{"data":"Inflame","floor":15.0,"key":"SMITH"},{"floor":23.0,"key":"REST"},{"floor":28.0,"key":"REST"},{"floor":32,"key":"REST"}],"neow_cost":"CURSE","seed_source_timestamp":1774566450747600,"circlet_count":0,"master_deck":["AscendersBane","Strike_R+1","Strike_R","Strike_R+1","Defend_R","Defend_R","Defend_R","Defend_R","Bash+1","Shrug It Off","Inflame+1","Twin Strike","Sword Boomerang","Headbutt","Rampage","True Grit+1","Immolate","Iron Wave+1","RitualDagger","Shrug It Off","Heavy Blade+1","Shockwave"],"special_seed":0,"relics":["Burning Blood","Meat on the Bone","Red Skull","Whetstone","Bag of Marbles","Fusion Hammer","Pen Nib","WingedGreaves","Question Card"],"potions_floor_usage":[],"damage_taken":[{"damage":25.0,"enemies":"Cultist","floor":1.0,"turns":5.0},{"damage":8.0,"enemies":"Small Slimes","floor":4.0,"turns":5.0},{"damage":8.0,"enemies":"2 Louse","floor":5.0,"turns":3.0},{"damage":12.0,"enemies":"2 Fungi Beasts","floor":7.0,"turns":6.0},{"damage":36.0,"enemies":"Lagavulin","floor":8.0,"turns":7.0},{"damage":13.0,"enemies":"Exordium Thugs","floor":10.0,"turns":4.0},{"damage":11.0,"enemies":"Exordium Wildlife","floor":11.0,"turns":3.0},{"damage":17.0,"enemies":"3 Sentries","floor":12.0,"turns":5.0},{"damage":32.0,"enemies":"Hexaghost","floor":16.0,"turns":8.0},{"damage":11.0,"enemies":"2 Thieves","floor":18.0,"turns":2.0},{"damage":13.0,"enemies":"Spheric Guardian","floor":22.0,"turns":4.0},{"damage":15.0,"enemies":"3 Cultists","floor":24.0,"turns":4.0},{"damage":2.0,"enemies":"Centurion and Healer","floor":25.0,"turns":3.0},{"damage":27.0,"enemies":"Book of Stabbing","floor":27.0,"turns":4.0},{"damage":21,"enemies":"Slavers","floor":29,"turns":3},{"damage":21,"enemies":"Cultist and Chosen","floor":31,"turns":4},{"damage":76,"enemies":"Automaton","floor":33,"turns":8}],"seed_played":"-6789692875979213555","potions_obtained":[{"floor":5.0,"key":"Regen Potion"},{"floor":11.0,"key":"SteroidPotion"},{"floor":12.0,"key":"Explosive Potion"},{"floor":16.0,"key":"LiquidBronze"},{"floor":24.0,"key":"SteroidPotion"}],"is_trial":false,"path_per_floor":["M","?","$","M","M","R","M","E","T","M","M","E","R","?","R","B",null,"M","$","?","?","M","R","M","M","T","E","R","E","?","M","R","B"],"character_chosen":"IRONCLAD","items_purchased":["Meat on the Bone","Pen Nib"],"campfire_rested":3,"item_purchase_floors":[3,19],"current_hp_per_floor":[49,49,49,47,45,45,51,33,33,38,45,46,46,46,46,46,68,63,63,57,57,50,72,63,67,67,46,68,53,53,50,72,0],"gold":387,"neow_bonus":"TWO_FIFTY_GOLD","is_prod":false,"is_daily":false,"chose_seed":false,"campfire_upgraded":3,"win_rate":0,"timestamp":1554835787,"path_taken":["M","?","?","?","M","R","M","E","T","M","M","E","R","?","R","BOSS","M","$","?","?","M","R","M","?","T","E","R","E","?","M","R","BOSS"],"build_version":"2019-01-23","purchased_purges":2,"victory":false,"max_hp_per_floor":[75,75,75,75,75,75,75,75,75,75,75,75,75,75,75,75,75,75,75,75,75,75,75,75,75,75,75,75,75,75,75,75,75],"card_choices":[{"not_picked":["Warcry","Hemokinesis"],"picked":"Shrug It Off","floor":1.0},{"not_picked":["Heavy Blade","Hemokinesis"],"picked":"Inflame","floor":4.0},{"not_picked":["Headbutt","Armaments"],"picked":"Twin Strike","floor":5.0},{"not_picked":["Heavy Blade","Searing Blow","Fire Breathing"],"picked":"SKIP","floor":7.0},{"not_picked":["Hemokinesis","Feel No Pain"],"picked":"Sword Boomerang","floor":8.0},{"not_picked":["Burning Pact","Perfected Strike"],"picked":"Headbutt","floor":10.0},{"not_picked":["Second Wind","Body Slam"],"picked":"Rampage","floor":11.0},{"not_picked":["Searing Blow","Flex"],"picked":"True Grit","floor":12.0},{"not_picked":["Bludgeon","Fiend Fire"],"picked":"Immolate","floor":16.0},{"not_picked":["Armaments","Cleave"],"picked":"Iron Wave+1","floor":18.0},{"not_picked":["Clash","Blood for Blood"],"picked":"Shrug It Off","floor":22.0},{"not_picked":["Anger","Barricade"],"picked":"Heavy Blade+1","floor":24.0},{"not_picked":["Cleave","Sword Boomerang","Power Through"],"picked":"SKIP","floor":25.0},{"not_picked":["Sentinel","Double Tap"],"picked":"Shockwave","floor":27.0},{"not_picked":["Twin Strike","Flame Barrier","Flex"],"picked":"SKIP","floor":29},{"not_picked":["Havoc","Clash","Flame Barrier","Burning Pact"],"picked":"SKIP","floor":31}],"player_experience":2640800,"relics_obtained":[{"floor":8.0,"key":"Red Skull"},{"floor":9.0,"key":"Whetstone"},{"floor":12.0,"key":"Bag of Marbles"},{"floor":27.0,"key":"WingedGreaves"},{"floor":29,"key":"Question Card"}],"event_choices":[{"cards_removed":["Pain"],"damage_healed":0.0,"max_hp_gain":0.0,"max_hp_loss":0.0,"gold_gain":0.0,"event_name":"Purifier","player_choice":"Purged","floor":2.0,"gold_loss":0.0,"damage_taken":0.0},{"damage_healed":0.0,"max_hp_gain":0.0,"max_hp_loss":0.0,"gold_gain":0.0,"event_name":"Liars Game","player_choice":"Ignored","floor":14.0,"gold_loss":0.0,"damage_taken":0.0},{"damage_healed":0.0,"max_hp_gain":0.0,"max_hp_loss":0.0,"gold_gain":0.0,"event_name":"Nest","player_choice":"Joined the Cult","floor":20.0,"gold_loss":0.0,"damage_taken":6.0,"cards_obtained":["RitualDagger"]},{"damage_healed":0.0,"max_hp_gain":0.0,"max_hp_loss":0.0,"gold_gain":200.0,"event_name":"Wheel of Change","player_choice":"Gold","floor":21.0,"gold_loss":0.0,"damage_taken":0.0},{"damage_healed":0,"gold_gain":0,"player_choice":"Ignored","damage_taken":0,"max_hp_gain":0,"max_hp_loss":0,"event_name":"Ghosts","floor":30,"gold_loss":0}],"is_beta":false,"boss_relics":[{"not_picked":["Astrolabe","Tiny House"],"picked":"Fusion Hammer"}],"items_purged_floors":[3,19],"is_endless":false,"potions_floor_spawned":[5,11,12,16,24,25],"killed_by":"Automaton","ascension_level":20}