{"gold_per_floor":[111,111,186,186,61,88,88,0,0,30,46,46,59,77,77,153,153,171,188,22,33,43,43,58,58,84,99,99,119,119,130,130,130],"floor_reached":33,"playtime":1541,"items_purged":["Defend_R"],"score":556,"play_id":"81db6d6e-e6ab-46f0-8ece-3fe58be48f8b","local_time":"20190422232158","is_ascension_mode":true,"campfire_choices":[{"data":"Whirlwind","floor":7.0,"key":"SMITH"},{"data":"Evolve","floor":15.0,"key":"SMITH"},{"data":"Entrench","floor":23.0,"key":"SMITH"},{"data":"Power Through","floor":25.0,"key":"SMITH"},{"data":"True Grit","floor":30.0,"key":"SMITH"},{"data":"Perfected Strike","floor":32.0,"key":"SMITH"}],"neow_cost":"NONE","seed_source_timestamp":174057131385368,"circlet_count":0,"master_deck":["AscendersBane","Strike_R","Strike_R","Strike_R","Strike_R","Strike_R","Defend_R+1","Defend_R+1","Defend_R","Bash","Perfected Strike","Power Through+1","Evolve+1","Whirlwind+1","Wild Strike","True Grit+1","Disarm","Offering","Perfected Strike+1","Impervious","Disarm","Metallicize","Wild Strike","Body Slam+1","Entrench+1","Twin Strike","Wild Strike"],"special_seed":0,"relics":["Burning Blood","NeowsBlessing","Blood Vial","Mercury Hourglass","Regal Pillow","Pocketwatch","Philosopher\u0027s Stone","Strawberry"],"potions_floor_usage":[33,33],"damage_taken":[{"damage":0.0,"enemies":"Jaw Worm","floor":1.0,"turns":1.0},{"damage":0.0,"enemies":"Gremlin Nob","floor":6.0,"turns":1.0},{"damage":0.0,"enemies":"3 Sentries","floor":10.0,"turns":1.0},{"damage":0.0,"enemies":"2 Louse","floor":11.0,"turns":2.0},{"damage":0.0,"enemies":"Cultist","floor":13.0,"turns":3.0},{"damage":6.0,"enemies":"Blue Slaver","floor":14.0,"turns":2.0},{"damage":14.0,"enemies":"Slime Boss","floor":16.0,"turns":6.0},{"damage":0.0,"enemies":"Chosen","floor":18.0,"turns":3.0},{"damage":18.0,"enemies":"3 Byrds","floor":19.0,"turns":4.0},{"damage":25.0,"enemies":"Shelled Parasite and Fungi","floor":21.0,"turns":5.0},{"damage":0.0,"enemies":"Cultist and Chosen","floor":22.0,"turns":3.0},{"damage":2.0,"enemies":"Snecko","floor":24.0,"turns":4.0},{"damage":6.0,"enemies":"3 Cultists","floor":27.0,"turns":3.0},{"damage":6.0,"enemies":"Cultist and Chosen","floor":29.0,"turns":3.0},{"damage":6.0,"enemies":"Snake Plant","floor":31.0,"turns":3.0},{"damage":97,"enemies":"Collector","floor":33,"turns":10}],"seed_played":"-8439195950922921066","potions_obtained":[{"floor":6.0,"key":"Dexterity Potion"},{"floor":11.0,"key":"Strength Potion"},{"floor":14.0,"key":"Regen Potion"},{"floor":18.0,"key":"GamblersBrew"},{"floor":21.0,"key":"SteroidPotion"},{"floor":24.0,"key":"Strength Potion"}],"is_trial":false,"path_per_floor":["M","?","?","T","$","E","R","$","T","E","M","?","M","M","R","B",null,"M","M","$","M","M","R","M","R","T","M","?","M","R","M","R","B"],"character_chosen":"IRONCLAD","items_purchased":["Power Through","Evolve","Wild Strike","True Grit","Metallicize","Wild Strike"],"campfire_rested":0,"item_purchase_floors":[5,5,8,8,20,20],"current_hp_per_floor":[74,51,40,40,40,48,48,48,48,56,64,75,75,75,75,67,73,75,63,63,46,54,54,60,60,67,69,69,71,71,73,73,0],"gold":130,"neow_bonus":"THREE_ENEMY_KILL","is_prod":false,"is_daily":false,"chose_seed":false,"campfire_upgraded":6,"win_rate":0,"timestamp":1555968118,"path_taken":["M","?","?","?","$","E","R","$","T","E","?","?","?","M","R","BOSS","M","M","$","M","M","R","M","R","T","M","?","M","R","M","R","BOSS"],"build_version":"2019-01-23","purchased_purges":1,"victory":false,"max_hp_per_floor":[75,75,75,75,75,75,75,75,75,75,75,75,75,75,75,75,75,75,75,75,75,75,75,75,75,82,82,82,82,82,82,82,82],"card_choices":[{"not_picked":["Clothesline","Sever Soul"],"picked":"Perfected Strike","floor":1.0},{"not_picked":["Spot Weakness","Uppercut"],"picked":"Whirlwind","floor":6.0},{"not_picked":["Blood for Blood","Cleave"],"picked":"Disarm","floor":10.0},{"not_picked":["Clothesline","Cleave"],"picked":"Offering","floor":11.0},{"not_picked":["Seeing Red","Armaments"],"picked":"Perfected Strike","floor":13.0},{"not_picked":["Burning Pact","Reckless Charge","Iron Wave"],"picked":"SKIP","floor":14.0},{"not_picked":["Brutality","Offering"],"picked":"Impervious","floor":16.0},{"not_picked":["Shrug It Off","Whirlwind","Iron Wave"],"picked":"SKIP","floor":18.0},{"not_picked":["Flex","Uppercut"],"picked":"Disarm","floor":19.0},{"not_picked":["Ghostly Armor","Spot Weakness"],"picked":"Body Slam+1","floor":21.0},{"not_picked":["Sever Soul","Body Slam+1"],"picked":"Entrench","floor":22.0},{"not_picked":["Burning Pact","Offering","Clash"],"picked":"SKIP","floor":24.0},{"not_picked":["Dropkick","Infernal Blade+1","Anger"],"picked":"SKIP","floor":27.0},{"not_picked":["Ghostly Armor","Shrug It Off","Flex"],"picked":"SKIP","floor":29.0},{"not_picked":["Clash","Iron Wave"],"picked":"Wild Strike","floor":31.0}],"player_experience":718967,"relics_obtained":[{"floor":4.0,"key":"Blood Vial"},{"floor":6.0,"key":"Mercury Hourglass"},{"floor":9.0,"key":"Regal Pillow"},{"floor":10.0,"key":"Pocketwatch"},{"floor":26.0,"key":"Strawberry"}],"event_choices":[{"damage_healed":0.0,"max_hp_gain":0.0,"max_hp_loss":0.0,"gold_gain":0.0,"event_name":"Shining Light","player_choice":"Entered Light","floor":2.0,"gold_loss":0.0,"damage_taken":23.0,"cards_upgraded":["Defend_R","Defend_R"]},{"damage_healed":0.0,"max_hp_gain":0.0,"max_hp_loss":0.0,"gold_gain":75.0,"event_name":"World of Goop","player_choice":"Gather Gold","floor":3.0,"gold_loss":0.0,"damage_taken":11.0},{"damage_healed":11.0,"max_hp_gain":0.0,"max_hp_loss":0.0,"gold_gain":0.0,"event_name":"Wheel of Change","player_choice":"Full Heal","floor":12.0,"gold_loss":0.0,"damage_taken":0.0},{"damage_healed":0.0,"max_hp_gain":0.0,"max_hp_loss":0.0,"gold_gain":0.0,"event_name":"The Library","player_choice":"Read","floor":28.0,"gold_loss":0.0,"damage_taken":0.0,"cards_obtained":["Twin Strike"]}],"is_beta":false,"boss_relics":[{"not_picked":["Pandora\u0027s Box","Coffee Dripper"],"picked":"Philosopher\u0027s Stone"}],"items_purged_floors":[20],"is_endless":false,"potions_floor_spawned":[6,11,13,14,18,21,24,31],"killed_by":"Collector","ascension_level":16}