{"gold_per_floor":[116,116,116,41,54,88,101,130,130,130,130,130,150,209,209,288,288,306,356,369,369,369,369,401,401,481,515,415,415,415,26,38,124,136,163,175,187,216,255,292,304,346,358,390,402,446,52,102,102,102,102],"floor_reached":52,"playtime":1857,"items_purged":["Regret","Strike_R","Strike_R"],"score":2076,"play_id":"6a9fb284-2baf-4761-abac-125a90117cdf","local_time":"20181202143739","is_ascension_mode":true,"campfire_choices":[{"data":"1","floor":10.0,"key":"LIFT"},{"data":"2","floor":12.0,"key":"LIFT"},{"data":"3","floor":15.0,"key":"LIFT"},{"data":"Sword Boomerang","floor":23.0,"key":"SMITH"},{"data":"Uppercut","floor":29,"key":"SMITH"},{"floor":32,"key":"REST"},{"data":"Evolve","floor":41,"key":"SMITH"},{"data":"Second Wind","floor":45,"key":"SMITH"},{"data":"Rage","floor":49,"key":"SMITH"}],"neow_cost":"NONE","seed_source_timestamp":8791278249654,"circlet_count":0,"master_deck":["AscendersBane","Strike_R","Defend_R","Defend_R","Defend_R","Bash","Rage+1","Second Wind+1","Infernal Blade","Fiend Fire","Sword Boomerang+1","Shockwave+1","Double Tap+1","Shrug It Off+1","Armaments+1","Flex+1","Uppercut+1","Evolve+1","Sword Boomerang+1","Reaper","Reaper","Sword Boomerang+1","Armaments+1"],"special_seed":0,"relics":["Burning Blood","NeowsBlessing","Happy Flower","Girya","Shuriken","Pen Nib","Toxic Egg 2","Tiny Chest","Mark of Pain","Mummified Hand","Anchor","Meat on the Bone","Juzu Bracelet","Membership Card","MawBank","Snecko Eye","Regal Pillow","Pantograph","Orichalcum","Bottled Flame","FossilizedHelix","ClockworkSouvenir","Vajra","Magic Flower","Incense Burner"],"potions_floor_usage":[33,33,51],"damage_taken":[{"damage":0.0,"enemies":"Jaw Worm","floor":1.0,"turns":1.0},{"damage":0.0,"enemies":"Small Slimes","floor":5.0,"turns":2.0},{"damage":0.0,"enemies":"Gremlin Nob","floor":6.0,"turns":1.0},{"damage":0.0,"enemies":"2 Louse","floor":7.0,"turns":3.0},{"damage":37.0,"enemies":"3 Sentries","floor":8.0,"turns":12.0},{"damage":1.0,"enemies":"Large Slime","floor":13.0,"turns":3.0},{"damage":0.0,"enemies":"Gremlin Nob","floor":14.0,"turns":2.0},{"damage":31.0,"enemies":"Hexaghost","floor":16.0,"turns":6.0},{"damage":6.0,"enemies":"Spheric Guardian","floor":18.0,"turns":3.0},{"damage":9.0,"enemies":"3 Byrds","floor":20.0,"turns":6.0},{"damage":28.0,"enemies":"Book of Stabbing","floor":24.0,"turns":3.0},{"damage":14,"enemies":"Gremlin Leader","floor":27,"turns":5},{"damage":16,"enemies":"Automaton","floor":33,"turns":6},{"damage":2,"enemies":"Orb Walker","floor":35,"turns":2},{"damage":36,"enemies":"3 Shapes","floor":38,"turns":6},{"damage":56,"enemies":"Reptomancer","floor":40,"turns":3},{"damage":2,"enemies":"Giant Head","floor":42,"turns":4},{"damage":28,"enemies":"Sphere and 2 Shapes","floor":44,"turns":3},{"damage":13,"enemies":"Nemesis","floor":46,"turns":5},{"damage":10,"enemies":"2 Orb Walkers","floor":48,"turns":3},{"damage":36,"enemies":"Time Eater","floor":50,"turns":6},{"damage":80,"enemies":"Awakened One","floor":51,"turns":10}],"seed_played":"728516369105579799","potions_obtained":[{"floor":5.0,"key":"BloodPotion"},{"floor":7.0,"key":"Strength Potion"},{"floor":8.0,"key":"FearPotion"},{"floor":16.0,"key":"Swift Potion"},{"floor":24.0,"key":"Dexterity Potion"},{"floor":27,"key":"Weak Potion"},{"floor":38,"key":"FearPotion"},{"floor":40,"key":"Ancient Potion"}],"is_trial":false,"path_per_floor":["M","?","?","$","M","E","M","E","T","R","?","R","M","E","R","B",null,"M","?","M","?","T","R","E","?","T","E","$","R","?","$","R","B",null,"M","$","?","M","T","E","R","E","T","M","R","E","$","?","R","B","B",null],"character_chosen":"IRONCLAD","items_purchased":["Membership Card","Reaper","Ancient Potion","MawBank","ClockworkSouvenir","Vajra","Magic Flower"],"campfire_rested":1,"item_purchase_floors":[31,31,31,31,47,47,47],"current_hp_per_floor":[74,74,69,69,75,75,75,51,51,51,51,51,56,62,62,37,66,66,66,63,63,63,63,41,41,41,45,45,45,45,45,67,57,71,75,75,75,63,63,49,49,63,63,69,69,68,68,74,74,66,65],"gold":102,"neow_bonus":"THREE_ENEMY_KILL","is_prod":false,"is_daily":false,"chose_seed":false,"campfire_upgraded":5,"win_rate":0,"timestamp":1543732659,"path_taken":["M","?","?","$","M","E","M","E","T","R","?","R","M","E","R","BOSS","M","?","M","?","?","R","E","?","T","E","$","R","?","$","R","BOSS","M","$","?","M","?","E","R","E","T","M","R","E","$","?","R","BOSS","BOSS"],"build_version":"2018-11-15","purchased_purges":3,"victory":true,"max_hp_per_floor":[75,75,75,75,75,75,75,75,75,75,75,75,75,75,75,75,75,75,75,75,75,75,75,75,75,75,75,75,75,75,75,75,75,75,75,75,75,75,75,75,75,75,75,75,75,75,75,75,75,75,75],"card_choices":[{"not_picked":["Cleave","Sever Soul"],"picked":"Rage","floor":1.0},{"not_picked":["Bloodletting","Wild Strike","Iron Wave"],"picked":"SKIP","floor":5.0},{"not_picked":["Pommel Strike","Shrug It Off"],"picked":"Second Wind","floor":6.0},{"not_picked":["Infernal Blade","Corruption","Clash"],"picked":"SKIP","floor":7.0},{"not_picked":["Infernal Blade","Corruption","Clash"],"picked":"SKIP","floor":7.0},{"not_picked":["Corruption","Clash"],"picked":"Infernal Blade","floor":7.0},{"not_picked":["Burning Pact","Rage"],"picked":"Fiend Fire","floor":8.0},{"not_picked":["Seeing Red+1","Body Slam"],"picked":"Sword Boomerang","floor":13.0},{"not_picked":["Anger","Warcry+1"],"picked":"Shockwave+1","floor":14.0},{"not_picked":["Demon Form","Bludgeon"],"picked":"Double Tap+1","floor":16.0},{"not_picked":["Perfected Strike","Cleave+1"],"picked":"Shrug It Off+1","floor":18.0},{"not_picked":["Iron Wave","Anger","Armaments+1"],"picked":"SKIP","floor":20.0},{"not_picked":["Iron Wave","Anger"],"picked":"Armaments+1","floor":20.0},{"not_picked":["Rupture","Rampage","Blood for Blood"],"picked":"SKIP","floor":24.0},{"not_picked":["Fire Breathing","Burning Pact+1"],"picked":"Evolve","floor":27},{"not_picked":["Feed","Immolate"],"picked":"Reaper","floor":33},{"not_picked":["Flex+1","True Grit+1"],"picked":"Sword Boomerang+1","floor":35},{"not_picked":["Uppercut","Iron Wave","Rampage+1"],"picked":"SKIP","floor":38},{"not_picked":["Uppercut","Iron Wave","Rampage+1"],"picked":"SKIP","floor":38},{"not_picked":["Pummel+1","Shrug It Off+1","True Grit+1"],"picked":"SKIP","floor":40},{"not_picked":["Armaments+1","Perfected Strike+1","Anger"],"picked":"SKIP","floor":42},{"not_picked":["Twin Strike","Blood for Blood","Evolve+1"],"picked":"SKIP","floor":44},{"not_picked":["Anger","Rampage","Flex+1"],"picked":"SKIP","floor":46}],"player_experience":2264222,"relics_obtained":[{"floor":6.0,"key":"Shuriken"},{"floor":8.0,"key":"Pen Nib"},{"floor":9.0,"key":"Toxic Egg 2"},{"floor":14.0,"key":"Tiny Chest"},{"floor":22.0,"key":"Mummified Hand"},{"floor":24.0,"key":"Anchor"},{"floor":26.0,"key":"Meat on the Bone"},{"floor":27,"key":"Juzu Bracelet"},{"floor":39,"key":"Regal Pillow"},{"floor":40,"key":"Pantograph"},{"floor":42,"key":"Orichalcum"},{"floor":43,"key":"Bottled Flame"},{"floor":46,"key":"FossilizedHelix"},{"floor":48,"key":"Incense Burner"}],"event_choices":[{"damage_healed":0.0,"max_hp_gain":0.0,"max_hp_loss":0.0,"gold_gain":0.0,"event_name":"Big Fish","player_choice":"Box","floor":2.0,"gold_loss":0.0,"damage_taken":0.0,"relics_obtained":["Happy Flower"],"cards_obtained":["Regret"]},{"damage_healed":0.0,"max_hp_gain":0.0,"max_hp_loss":0.0,"gold_gain":0.0,"event_name":"Scrap Ooze","player_choice":"Success","floor":3.0,"gold_loss":0.0,"damage_taken":5.0,"relics_obtained":["Girya"]},{"damage_healed":0.0,"max_hp_gain":0.0,"max_hp_loss":0.0,"gold_gain":0.0,"event_name":"Liars Game","player_choice":"Ignored","floor":11.0,"gold_loss":0.0,"damage_taken":0.0},{"damage_healed":0.0,"max_hp_gain":0.0,"max_hp_loss":0.0,"gold_gain":50.0,"event_name":"Nest","player_choice":"Stole From Cult","floor":19.0,"gold_loss":0.0,"damage_taken":0.0},{"damage_healed":0.0,"max_hp_gain":0.0,"max_hp_loss":0.0,"gold_gain":0.0,"cards_transformed":["Strike_R","Defend_R"],"event_name":"Drug Dealer","player_choice":"Became Test Subject","floor":21.0,"gold_loss":0.0,"damage_taken":0.0,"cards_obtained":["Flex","Uppercut"]},{"damage_healed":0.0,"max_hp_gain":0.0,"max_hp_loss":0.0,"gold_gain":0.0,"event_name":"Cursed Tome","player_choice":"Ignored","floor":25.0,"gold_loss":0.0,"damage_taken":0.0},{"damage_healed":0,"gold_gain":0,"player_choice":"Copied","damage_taken":0,"max_hp_gain":0,"max_hp_loss":0,"event_name":"Duplicator","floor":30,"gold_loss":0,"cards_obtained":["Sword Boomerang"]},{"damage_healed":0,"gold_gain":0,"cards_transformed":["Strike_R"],"player_choice":"Transformed","damage_taken":0,"max_hp_gain":0,"max_hp_loss":0,"event_name":"Transmorgrifier","floor":37,"gold_loss":0,"cards_obtained":["Armaments"]},{"damage_healed":0,"gold_gain":0,"player_choice":"Fight","damage_taken":0,"max_hp_gain":0,"max_hp_loss":0,"event_name":"Mysterious Sphere","floor":48,"gold_loss":0}],"is_beta":false,"boss_relics":[{"not_picked":["Calling Bell","Tiny House"],"picked":"Mark of Pain"},{"not_picked":["Busted Crown","Fusion Hammer"],"picked":"Snecko Eye"}],"items_purged_floors":[4,28,47],"is_endless":false,"potions_floor_spawned":[5,7,8,16,24,27,38,40,46],"ascension_level":20}