{"gold_per_floor":[113,113,132,132,155,155,187,206,229,50,50,66,76,96,96,194,194,206,421,421,440,450,450],"floor_reached":23,"playtime":827,"items_purged":[],"score":243,"play_id":"d1e30811-2984-4a6c-a32a-92e3411b6b13","local_time":"25610715032215","is_ascension_mode":false,"campfire_choices":[{"data":"Rampage","floor":6,"key":"SMITH"},{"data":"Spot Weakness","floor":15,"key":"SMITH"}],"neow_cost":"TEN_PERCENT_HP_LOSS","seed_source_timestamp":61866678634427,"circlet_count":0,"master_deck":["Strike_R","Strike_R","Strike_R","Defend_R","Defend_R","Bash","Rampage+1","Warcry","Twin Strike","Infernal Blade","Reckless Charge","Clash","Spot Weakness+1","Perfected Strike","Bludgeon","Cleave+1","Evolve+1","Feed+1","Sever Soul"],"relics":["Burning Blood","Boot","Thread and Needle","Ancient Tea Set","Orichalcum","CultistMask","Astrolabe","Old Coin","Regal Pillow"],"potions_floor_usage":[16,22,22],"damage_taken":[{"damage":8,"enemies":"Jaw Worm","floor":1,"turns":4},{"damage":1,"enemies":"Cultist","floor":3,"turns":3},{"damage":22,"enemies":"3 Sentries","floor":7,"turns":6},{"damage":0,"enemies":"2 Louse","floor":8,"turns":3},{"damage":4,"enemies":"Blue Slaver","floor":12,"turns":3},{"damage":3,"enemies":"Red Slaver","floor":13,"turns":3},{"damage":5,"enemies":"Exordium Thugs","floor":14,"turns":4},{"damage":0,"enemies":"Slime Boss","floor":16,"turns":8},{"damage":18,"enemies":"2 Thieves","floor":18,"turns":4},{"damage":18,"enemies":"3 Byrds","floor":21,"turns":6},{"damage":17,"enemies":"Snake Plant","floor":22,"turns":3},{"damage":45,"enemies":"Gremlin Leader","floor":23,"turns":3}],"seed_played":"2462455808726942442","potions_obtained":[{"floor":7,"key":"Strength Potion"},{"floor":12,"key":"Fire Potion"},{"floor":13,"key":"SpeedPotion"},{"floor":14,"key":"SteroidPotion"},{"floor":18,"key":"SteroidPotion"}],"is_trial":false,"path_per_floor":["M","?","M","?","T","R","E","M","T","$","?","M","M","M","R","B",null,"M","?","?","M","M"],"character_chosen":"IRONCLAD","items_purchased":["Orichalcum","Reckless Charge"],"campfire_rested":0,"item_purchase_floors":[10,10],"current_hp_per_floor":[70,63,68,68,68,68,52,58,58,58,58,60,63,64,64,70,72,60,60,60,52,41,0],"gold":450,"neow_bonus":"TRANSFORM_TWO_CARDS","is_prod":false,"is_daily":false,"chose_seed":false,"campfire_upgraded":2,"win_rate":0.0,"timestamp":1531599735,"path_taken":["M","?","M","?","?","R","E","?","T","$","?","M","M","?","R","BOSS","M","?","?","M","M","E"],"build_version":"2018-07-12","purchased_purges":0,"victory":false,"max_hp_per_floor":[72,72,72,72,72,72,72,72,72,72,72,72,72,72,72,72,72,72,72,72,76,76,76],"card_choices":[{"not_picked":["Flame Barrier","Body Slam"],"picked":"Warcry","floor":1},{"not_picked":["Armaments","Corruption"],"picked":"Twin Strike","floor":3},{"not_picked":["Entrench","Combust"],"picked":"Rupture","floor":7},{"not_picked":["Twin Strike","Dropkick"],"picked":"Infernal Blade","floor":8},{"not_picked":["Warcry","Blood for Blood"],"picked":"Clash","floor":12},{"not_picked":["Dark Embrace","Twin Strike"],"picked":"Spot Weakness","floor":13},{"not_picked":["Twin Strike","Disarm"],"picked":"Perfected Strike","floor":14},{"not_picked":["Impervious","Feed"],"picked":"Bludgeon","floor":16},{"not_picked":["Perfected Strike","Rupture","Armaments"],"picked":"SKIP","floor":18},{"not_picked":["Evolve","Heavy Blade","Sword Boomerang"],"picked":"SKIP","floor":21},{"not_picked":["Shockwave","True Grit"],"picked":"Sever Soul","floor":22}],"player_experience":16449,"relics_obtained":[{"floor":5,"key":"Boot"},{"floor":7,"key":"Thread and Needle"},{"floor":9,"key":"Ancient Tea Set"}],"event_choices":[{"event_name":"Wheel of Change","player_choice":"Damage","floor":2,"damage_taken":0},{"event_name":"Purifier","player_choice":"One Purge","floor":4,"damage_taken":0},{"event_name":"FaceTrader","player_choice":"Trade","floor":11,"damage_taken":0},{"event_name":"Addict","player_choice":"Obtained Relic","floor":19,"damage_taken":0},{"event_name":"The Mausoleum","player_choice":"Yes","floor":20,"damage_taken":0}],"boss_relics":[{"not_picked":["Eternal Feather","Runic Dome"],"picked":"Astrolabe"}],"items_purged_floors":[],"is_endless":false,"potions_floor_spawned":[7,12,13,14,18],"killed_by":"Gremlin Leader","ascension_level":0}