{"gold_per_floor":[114,114,114,131,150,185,185,28,28,28,58,77,93,123,123,222,222,237,251,261,261,261],"floor_reached":22,"playtime":1300,"items_purged":[],"score":256,"play_id":"e96cff69-39ef-47d3-97aa-4e6bb2deead6","local_time":"20181112210248","daily_mods":["Shiny","Heirloom"],"is_ascension_mode":false,"campfire_choices":[{"data":"Echo Form","floor":7,"key":"SMITH"},{"data":"Enlightenment","floor":10,"key":"SMITH"},{"data":"Fiend Fire","floor":15,"key":"SMITH"}],"neow_cost":"","seed_source_timestamp":0,"circlet_count":0,"master_deck":["Demon Form","Wraith Form v2","Echo Form+1","Double Tap","Demon Form","Bludgeon","Feed","Limit Break","Barricade","Fiend Fire+1","Dark Embrace","Berserk","Impervious","Juggernaut","Brutality","Reaper","Exhume","Offering","Immolate","Regret","Enlightenment+1","Searing Blow","Spot Weakness","Fiend Fire","Pommel Strike+1","Heavy Blade","Echo Form+1"],"relics":["Burning Blood","Charon\u0027s Ashes","Darkstone Periapt","Red Skull","Strawberry","Pantograph","Ancient Tea Set","Matryoshka","Philosopher\u0027s Stone"],"potions_floor_usage":[16,18,22],"damage_taken":[{"damage":3,"enemies":"Small Slimes","floor":1,"turns":2},{"damage":0,"enemies":"2 Louse","floor":4,"turns":1},{"damage":0,"enemies":"Cultist","floor":5,"turns":2},{"damage":3,"enemies":"Gremlin Nob","floor":6,"turns":3},{"damage":46,"enemies":"Lagavulin","floor":11,"turns":6},{"damage":6,"enemies":"2 Fungi Beasts","floor":12,"turns":2},{"damage":0,"enemies":"Lots of Slimes","floor":13,"turns":1},{"damage":12,"enemies":"Gremlin Nob","floor":14,"turns":1},{"damage":60,"enemies":"Hexaghost","floor":16,"turns":5},{"damage":34,"enemies":"Shell Parasite","floor":18,"turns":4},{"damage":32,"enemies":"Chosen","floor":19,"turns":4},{"damage":6,"enemies":"Centurion and Healer","floor":20,"turns":2},{"damage":50,"enemies":"Snake Plant","floor":22,"turns":3}],"seed_played":"7112924956908203248","potions_obtained":[{"floor":1,"key":"Poison Potion"},{"floor":12,"key":"Weak Potion"},{"floor":16,"key":"Fruit Juice"},{"floor":20,"key":"PowerPotion"}],"is_trial":true,"path_per_floor":["M","?","?","M","M","E","R","$","T","R","E","M","M","E","R","B",null,"M","M","M","?","M"],"character_chosen":"IRONCLAD","items_purchased":["Strawberry"],"campfire_rested":0,"item_purchase_floors":[8],"current_hp_per_floor":[83,89,89,89,89,89,89,96,96,96,93,93,96,90,90,45,99,76,50,50,50,0],"gold":261,"neow_bonus":"","is_prod":false,"is_daily":false,"chose_seed":false,"campfire_upgraded":3,"win_rate":0,"timestamp":1542074568,"path_taken":["M","?","?","M","M","E","R","$","T","R","E","?","M","E","R","BOSS","M","M","M","?","?"],"build_version":"2018-11-08","purchased_purges":0,"victory":false,"max_hp_per_floor":[83,89,89,89,89,89,89,96,96,96,96,96,96,96,96,99,99,104,104,104,104,104],"card_choices":[{"not_picked":["Dual Wield","Perfected Strike","Twin Strike"],"picked":"SKIP","floor":1},{"not_picked":["Flex","Warcry","Iron Wave"],"picked":"SKIP","floor":4},{"not_picked":["Sentinel","Wild Strike","Havoc"],"picked":"SKIP","floor":5},{"not_picked":["Sword Boomerang","Twin Strike"],"picked":"Searing Blow","floor":6},{"not_picked":["Flex","Combust","Twin Strike"],"picked":"SKIP","floor":11},{"not_picked":["Sword Boomerang","Body Slam","Power Through"],"picked":"SKIP","floor":12},{"not_picked":["Sword Boomerang","Twin Strike","Burning Pact"],"picked":"SKIP","floor":13},{"not_picked":["Second Wind","Evolve"],"picked":"Spot Weakness","floor":14},{"not_picked":["Feed","Barricade"],"picked":"Fiend Fire","floor":16},{"not_picked":["Battle Trance","Armaments","Intimidate"],"picked":"SKIP","floor":18},{"not_picked":["Iron Wave","Feel No Pain+1"],"picked":"Pommel Strike+1","floor":19},{"not_picked":["Thunderclap","Berserk"],"picked":"Heavy Blade","floor":20}],"player_experience":127560,"relics_obtained":[{"floor":6,"key":"Red Skull"},{"floor":9,"key":"Pantograph"},{"floor":11,"key":"Ancient Tea Set"},{"floor":14,"key":"Matryoshka"}],"event_choices":[{"damage_healed":0,"gold_gain":0,"player_choice":"Box","damage_taken":0,"relics_obtained":["Darkstone Periapt"],"max_hp_gain":0,"max_hp_loss":0,"event_name":"Big Fish","floor":2,"gold_loss":0,"cards_obtained":["Regret"]},{"damage_healed":0,"gold_gain":0,"player_choice":"1 cards matched","damage_taken":0,"max_hp_gain":0,"max_hp_loss":0,"event_name":"Match and Keep!","floor":3,"gold_loss":0,"cards_obtained":["Enlightenment"]},{"damage_healed":0,"gold_gain":0,"player_choice":"Copied","damage_taken":0,"max_hp_gain":0,"max_hp_loss":0,"event_name":"Duplicator","floor":21,"gold_loss":0,"cards_obtained":["Echo Form"]}],"is_beta":false,"boss_relics":[{"not_picked":["Coffee Dripper","Runic Dome"],"picked":"Philosopher\u0027s Stone"}],"items_purged_floors":[],"is_endless":false,"potions_floor_spawned":[1,12,16,20],"killed_by":"Snake Plant","ascension_level":0}