{"gold_per_floor":[113,113,130,130,205,205,219,250,250,294,294,294,330,345,345,439,439,457,457,441,115,115,115,140,140,166,181,194,219,219,252,252,346,346,366,150,150,171,196,234,234,269,269,105,105,140,156,171,171,171],"floor_reached":51,"playtime":2540,"items_purged":["Strike_R","Anger","Strike_R"],"score":1363,"play_id":"46b26f41-b20a-43ef-b17c-b4cbb27871d7","local_time":"20190408111508","is_ascension_mode":true,"campfire_choices":[{"data":"Bash","floor":6.0,"key":"SMITH"},{"floor":12.0,"key":"REST"},{"data":"Armaments","floor":15.0,"key":"SMITH"},{"data":"Havoc","floor":23.0,"key":"SMITH"},{"data":"Metallicize","floor":25.0,"key":"SMITH"},{"data":"Spot Weakness","floor":30.0,"key":"SMITH"},{"data":"Impervious","floor":32.0,"key":"SMITH"},{"data":"Sword Boomerang","floor":41.0,"key":"SMITH"},{"data":"Flame Barrier","floor":45.0,"key":"SMITH"},{"data":"Shrug It Off","floor":49,"key":"SMITH"}],"neow_cost":"NONE","seed_source_timestamp":0,"circlet_count":0,"master_deck":["AscendersBane","Strike_R","Strike_R","Strike_R","Defend_R","Defend_R","Defend_R","Defend_R","Bash+1","Hemokinesis+1","Flame Barrier+1","Shrug It Off","Armaments+1","Impervious+1","Sword Boomerang+1","Offering","Spot Weakness+1","Twin Strike+1","Intimidate","Havoc+1","Metallicize+1","Infernal Blade+1","Dual Wield+1","Exhume","Pommel Strike+1","Corruption","Shockwave+1","Shockwave","Uppercut+1","Parasite","Clothesline+1","Shrug It Off+1"],"special_seed":0,"relics":["Burning Blood","Vajra","Golden Idol","FossilizedHelix","Gremlin Horn","Boot","Anchor","Eternal Feather","PreservedInsect","Red Skull","Bottled Tornado","Snecko Eye","Happy Flower","Shuriken","Darkstone Periapt","StoneCalendar"],"potions_floor_usage":[50],"damage_taken":[{"damage":3.0,"enemies":"Small Slimes","floor":1.0,"turns":3.0},{"damage":7.0,"enemies":"2 Louse","floor":3.0,"turns":2.0},{"damage":11.0,"enemies":"Jaw Worm","floor":7.0,"turns":4.0},{"damage":39.0,"enemies":"Lagavulin","floor":8.0,"turns":7.0},{"damage":16.0,"enemies":"Gremlin Nob","floor":10.0,"turns":4.0},{"damage":13.0,"enemies":"3 Sentries","floor":13.0,"turns":10.0},{"damage":0.0,"enemies":"3 Louse","floor":14.0,"turns":3.0},{"damage":26.0,"enemies":"Hexaghost","floor":16.0,"turns":13.0},{"damage":32.0,"enemies":"Spheric Guardian","floor":18.0,"turns":6.0},{"damage":22.0,"enemies":"Colosseum Slavers","floor":19.0,"turns":5.0},{"damage":3.0,"enemies":"2 Thieves","floor":20.0,"turns":4.0},{"damage":3.0,"enemies":"Centurion and Healer","floor":24.0,"turns":8.0},{"damage":2.0,"enemies":"Snecko","floor":27.0,"turns":7.0},{"damage":17.0,"enemies":"Shelled Parasite and Fungi","floor":28.0,"turns":7.0},{"damage":27.0,"enemies":"Chosen and Byrds","floor":29.0,"turns":8.0},{"damage":0.0,"enemies":"Gremlin Leader","floor":31.0,"turns":2.0},{"damage":28.0,"enemies":"Automaton","floor":33.0,"turns":12.0},{"damage":0.0,"enemies":"3 Shapes","floor":35.0,"turns":6.0},{"damage":0.0,"enemies":"Orb Walker","floor":38.0,"turns":5.0},{"damage":8.0,"enemies":"Jaw Worm Horde","floor":39.0,"turns":5.0},{"damage":30.0,"enemies":"Nemesis","floor":40.0,"turns":8.0},{"damage":31.0,"enemies":"Giant Head","floor":42.0,"turns":8.0},{"damage":13.0,"enemies":"Reptomancer","floor":46.0,"turns":4.0},{"damage":1,"enemies":"Writhing Mass","floor":47,"turns":7},{"damage":0,"enemies":"4 Shapes","floor":48,"turns":7},{"damage":67,"enemies":"Time Eater","floor":50,"turns":9}],"seed_played":"-5179951487818423813","potions_obtained":[{"floor":3.0,"key":"FearPotion"},{"floor":10.0,"key":"Block Potion"},{"floor":13.0,"key":"Swift Potion"},{"floor":14.0,"key":"Dexterity Potion"},{"floor":18.0,"key":"BloodPotion"},{"floor":20.0,"key":"Dexterity Potion"},{"floor":24.0,"key":"Weak Potion"},{"floor":35.0,"key":"Ancient Potion"},{"floor":40.0,"key":"Explosive Potion"},{"floor":42.0,"key":"LiquidBronze"}],"is_trial":false,"path_per_floor":["M","?","M","?","?","R","M","E","T","E","?","R","E","M","R","B",null,"M","?","M","$","?","R","M","R","T","M","M","M","R","E","R","B",null,"M","$","?","M","M","E","R","E","T","$","R","E","M","M","R","B",null],"character_chosen":"IRONCLAD","items_purchased":["PreservedInsect","Intimidate","Havoc","Corruption","Block Potion","Shockwave"],"campfire_rested":1,"item_purchase_floors":[21,21,21,36,36,44],"current_hp_per_floor":[71,71,70,68,57,57,52,19,19,9,9,29,22,28,28,8,53,27,17,20,20,20,32,35,47,47,51,40,19,34,40,55,33,59,65,65,65,68,66,42,57,32,32,32,47,40,51,57,74,13],"gold":171,"neow_bonus":"RANDOM_COMMON_RELIC","is_prod":false,"is_daily":false,"chose_seed":false,"campfire_upgraded":9,"win_rate":0,"timestamp":1554747308,"path_taken":["M","?","M","?","?","R","M","E","T","E","?","R","E","M","R","BOSS","M","?","M","$","?","R","M","R","T","M","M","M","R","E","R","BOSS","M","$","?","M","M","E","R","E","T","$","R","E","?","M","R","BOSS"],"build_version":"2019-01-23","purchased_purges":3,"victory":true,"max_hp_per_floor":[75,75,75,68,68,68,68,68,68,68,68,68,68,68,68,68,68,68,68,68,68,68,68,68,68,68,68,68,68,68,68,68,68,68,68,68,68,68,68,68,68,68,68,68,68,68,74,74,74,74],"card_choices":[{"not_picked":["Wild Strike","Shrug It Off"],"picked":"Hemokinesis","floor":1.0},{"not_picked":["Havoc","Bloodletting"],"picked":"Flame Barrier","floor":3.0},{"not_picked":["Uppercut","Armaments"],"picked":"Shrug It Off","floor":7.0},{"not_picked":["Demon Form","Flame Barrier"],"picked":"Armaments","floor":8.0},{"not_picked":["Rupture","Thunderclap","Evolve"],"picked":"SKIP","floor":10.0},{"not_picked":["Headbutt","Perfected Strike"],"picked":"Impervious","floor":13.0},{"not_picked":["Twin Strike","Iron Wave"],"picked":"Sword Boomerang","floor":14.0},{"not_picked":["Double Tap","Brutality"],"picked":"Offering","floor":16.0},{"not_picked":["Bloodletting+1","Heavy Blade"],"picked":"Spot Weakness","floor":18.0},{"not_picked":["Dropkick","Combust"],"picked":"Twin Strike+1","floor":20.0},{"not_picked":["Sword Boomerang","Headbutt+1"],"picked":"Metallicize","floor":24.0},{"not_picked":["Carnage","Headbutt"],"picked":"Infernal Blade+1","floor":27.0},{"not_picked":["Headbutt+1","Clash"],"picked":"Dual Wield+1","floor":28.0},{"not_picked":["Spot Weakness","Headbutt","Sword Boomerang"],"picked":"SKIP","floor":29.0},{"not_picked":["Searing Blow","Cleave","Clothesline"],"picked":"SKIP","floor":31.0},{"not_picked":["Bludgeon","Feed"],"picked":"Exhume","floor":33.0},{"not_picked":["Fire Breathing","Iron Wave"],"picked":"Pommel Strike+1","floor":35.0},{"not_picked":["Seeing Red+1","Iron Wave","Clash"],"picked":"SKIP","floor":38.0},{"not_picked":["Hemokinesis","Thunderclap","Searing Blow"],"picked":"SKIP","floor":39.0},{"not_picked":["Searing Blow+1","Wild Strike","Thunderclap"],"picked":"SKIP","floor":40.0},{"not_picked":["Evolve","Juggernaut"],"picked":"Shockwave+1","floor":42.0},{"not_picked":["Blood for Blood","Dropkick"],"picked":"Uppercut+1","floor":46.0},{"not_picked":["Sever Soul","Dual Wield+1"],"picked":"Clothesline+1","floor":47},{"not_picked":["Hemokinesis","Perfected Strike"],"picked":"Shrug It Off","floor":48}],"player_experience":2425765,"relics_obtained":[{"floor":8.0,"key":"FossilizedHelix"},{"floor":9.0,"key":"Gremlin Horn"},{"floor":10.0,"key":"Boot"},{"floor":13.0,"key":"Anchor"},{"floor":26.0,"key":"Red Skull"},{"floor":31.0,"key":"Bottled Tornado"},{"floor":40.0,"key":"Happy Flower"},{"floor":42.0,"key":"Shuriken"},{"floor":43.0,"key":"Darkstone Periapt"},{"floor":46.0,"key":"StoneCalendar"}],"event_choices":[{"damage_healed":0.0,"max_hp_gain":0.0,"max_hp_loss":0.0,"gold_gain":0.0,"event_name":"Liars Game","player_choice":"Ignored","floor":2.0,"gold_loss":0.0,"damage_taken":0.0},{"damage_healed":0.0,"max_hp_gain":0.0,"max_hp_loss":7.0,"gold_gain":0.0,"event_name":"Golden Idol","player_choice":"Lose Max HP","floor":4.0,"gold_loss":0.0,"damage_taken":0.0,"relics_obtained":["Golden Idol"]},{"damage_healed":0.0,"max_hp_gain":0.0,"max_hp_loss":0.0,"gold_gain":75.0,"event_name":"World of Goop","player_choice":"Gather Gold","floor":5.0,"gold_loss":0.0,"damage_taken":11.0},{"damage_healed":0.0,"max_hp_gain":0.0,"max_hp_loss":0.0,"gold_gain":0.0,"event_name":"Shining Light","player_choice":"Ignored","floor":11.0,"gold_loss":0.0,"damage_taken":0.0},{"damage_healed":0.0,"max_hp_gain":0.0,"max_hp_loss":0.0,"gold_gain":0.0,"event_name":"Colosseum","player_choice":"Fight","floor":19.0,"gold_loss":0.0,"damage_taken":0.0},{"damage_healed":0.0,"max_hp_gain":0.0,"max_hp_loss":0.0,"gold_gain":0.0,"event_name":"Colosseum","player_choice":"Fled From Nobs","floor":19.0,"gold_loss":0.0,"damage_taken":0.0},{"damage_healed":0.0,"max_hp_gain":0.0,"max_hp_loss":0.0,"gold_gain":0.0,"event_name":"The Library","player_choice":"Read","floor":22.0,"gold_loss":0.0,"damage_taken":0.0,"cards_obtained":["Anger"]},{"damage_healed":0.0,"max_hp_gain":0.0,"max_hp_loss":0.0,"gold_gain":0.0,"event_name":"Upgrade Shrine","player_choice":"Upgraded","floor":37.0,"gold_loss":0.0,"damage_taken":0.0,"cards_upgraded":["Hemokinesis"]}],"is_beta":false,"boss_relics":[{"not_picked":["White Beast Statue","Runic Cube"],"picked":"Eternal Feather"},{"not_picked":["Coffee Dripper","Tiny House"],"picked":"Snecko Eye"}],"items_purged_floors":[21,36,44],"is_endless":false,"potions_floor_spawned":[3,10,13,14,18,20,24,27,29,35,40,42],"ascension_level":15}