{"gold_per_floor":[110,110,121,138,152,485,485,515,539,539,567,567,599,615,615,692,692,707,216,230,230,243,243,276,306,379,407,407,432,432,442,442,519,519,535,549,549,549,578,611,611,638,638,673,229,256,270,300,300,300,300],"floor_reached":51,"playtime":2762,"items_purged":[],"score":1993,"play_id":"82af0614-cb78-4140-aedf-87cb98bae893","local_time":"20190217204410","daily_mods":["SealedDeck","DeadlyEvents","Elite Swarm"],"is_ascension_mode":true,"campfire_choices":[{"data":"Envenom","floor":7.0,"key":"SMITH"},{"data":"Blade Dance","floor":10.0,"key":"SMITH"},{"data":"Cloak And Dagger","floor":12.0,"key":"SMITH"},{"data":"Cloak And Dagger","floor":15.0,"key":"SMITH"},{"data":"Malaise","floor":23.0,"key":"SMITH"},{"data":"1","floor":28.0,"key":"LIFT"},{"data":"2","floor":30.0,"key":"LIFT"},{"data":"3","floor":32.0,"key":"LIFT"},{"data":"Leg Sweep","floor":41.0,"key":"SMITH"},{"data":"Footwork","floor":49.0,"key":"SMITH"}],"neow_cost":"","seed_source_timestamp":0,"circlet_count":0,"master_deck":["AscendersBane","Dagger Spray","Dash","Infinite Blades","Heel Hook","Sucker Punch+1","Backstab","Well Laid Plans","Cloak And Dagger","Dagger Spray","Blade Dance+1","Cloak And Dagger+1","Envenom+1","Adrenaline","Cloak And Dagger+1","Malaise+1","PiercingWail","PiercingWail+1","Leg Sweep+1","Bullet Time","Burst","Footwork","Caltrops","Footwork+1","Malaise","Wraith Form v2"],"special_seed":0,"relics":["Ring of the Snake","Old Coin","Boot","PreservedInsect","Vajra","Nunchaku","Runic Pyramid","Incense Burner","Lantern","Girya","Tiny Chest","The Courier","Ancient Tea Set","Regal Pillow","WristBlade","Matryoshka","Dodecahedron","Bottled Tornado","Snake Skull","Strawberry","Letter Opener","FossilizedHelix","Question Card","Dream Catcher"],"potions_floor_usage":[51],"damage_taken":[{"damage":0.0,"enemies":"Small Slimes","floor":1.0,"turns":1.0},{"damage":0.0,"enemies":"Cultist","floor":3.0,"turns":2.0},{"damage":0.0,"enemies":"2 Louse","floor":4.0,"turns":2.0},{"damage":1.0,"enemies":"Exordium Thugs","floor":5.0,"turns":3.0},{"damage":5.0,"enemies":"Lagavulin","floor":6.0,"turns":4.0},{"damage":10.0,"enemies":"Gremlin Nob","floor":8.0,"turns":4.0},{"damage":5.0,"enemies":"Lagavulin","floor":11.0,"turns":4.0},{"damage":0.0,"enemies":"Gremlin Nob","floor":13.0,"turns":2.0},{"damage":0.0,"enemies":"Lots of Slimes","floor":14.0,"turns":2.0},{"damage":12.0,"enemies":"Hexaghost","floor":16.0,"turns":6.0},{"damage":0.0,"enemies":"Spheric Guardian","floor":18.0,"turns":3.0},{"damage":0.0,"enemies":"Shell Parasite","floor":20.0,"turns":3.0},{"damage":0.0,"enemies":"Cultist and Chosen","floor":22.0,"turns":5.0},{"damage":2.0,"enemies":"Book of Stabbing","floor":24.0,"turns":4.0},{"damage":2.0,"enemies":"Gremlin Leader","floor":27.0,"turns":4.0},{"damage":4.0,"enemies":"Slavers","floor":29.0,"turns":3.0},{"damage":0.0,"enemies":"Snake Plant","floor":31.0,"turns":4.0},{"damage":25.0,"enemies":"Champ","floor":33.0,"turns":7.0},{"damage":0.0,"enemies":"Orb Walker","floor":35.0,"turns":2.0},{"damage":0.0,"enemies":"3 Shapes","floor":36.0,"turns":2.0},{"damage":8.0,"enemies":"Reptomancer","floor":39.0,"turns":4.0},{"damage":22.0,"enemies":"Nemesis","floor":40.0,"turns":3.0},{"damage":0.0,"enemies":"Giant Head","floor":42.0,"turns":4.0},{"damage":0.0,"enemies":"Reptomancer","floor":44.0,"turns":3.0},{"damage":0.0,"enemies":"Giant Head","floor":46.0,"turns":5.0},{"damage":0.0,"enemies":"Jaw Worm Horde","floor":47.0,"turns":3.0},{"damage":0.0,"enemies":"Reptomancer","floor":48.0,"turns":4.0},{"damage":28,"enemies":"Donu and Deca","floor":50,"turns":8},{"damage":16,"enemies":"Awakened One","floor":51,"turns":8}],"seed_played":"-4463938305938707751","potions_obtained":[{"floor":1.0,"key":"Dexterity Potion"},{"floor":3.0,"key":"SteroidPotion"},{"floor":11.0,"key":"Energy Potion"},{"floor":13.0,"key":"Strength Potion"},{"floor":31.0,"key":"SkillPotion"},{"floor":44.0,"key":"PowerPotion"}],"is_trial":true,"path_per_floor":["M","?","M","M","M","E","R","E","T","R","E","R","E","M","R","B",null,"M","$","M","?","M","R","E","?","T","E","R","E","R","M","R","B",null,"M","M","T","$","E","E","R","E","T","E","$","E","M","E","R","B","B"],"character_chosen":"THE_SILENT","items_purchased":["Incense Burner","Lantern","Footwork","FossilizedHelix","Caltrops","Footwork"],"campfire_rested":0,"item_purchase_floors":[19,19,45,45,45,45],"current_hp_per_floor":[59,59,59,59,58,53,53,43,43,43,38,38,38,38,38,26,56,56,56,56,56,56,56,54,54,54,52,52,48,48,48,48,23,55,55,55,55,55,47,25,25,25,32,32,32,32,32,32,32,4,0],"gold":300,"neow_bonus":"","is_prod":false,"is_daily":false,"chose_seed":false,"campfire_upgraded":7,"win_rate":0,"timestamp":1550465050,"path_taken":["M","?","M","M","M","E","R","E","T","R","E","R","E","M","R","BOSS","M","$","M","?","M","R","E","?","T","E","R","E","R","M","R","BOSS","M","M","?","$","?","E","R","E","T","E","$","E","M","E","R","BOSS","BOSS"],"build_version":"2019-01-23","purchased_purges":0,"victory":false,"max_hp_per_floor":[66,66,66,66,66,66,66,66,66,66,66,66,66,66,66,66,66,66,66,66,66,66,66,66,66,66,66,66,66,66,66,66,66,66,66,66,66,66,66,66,66,66,73,73,73,73,73,73,73,73,73],"card_choices":[{"not_picked":["Bane","Deadly Poison","Caltrops"],"picked":"SKIP","floor":1.0},{"not_picked":["Deflect","Dagger Spray","Tactician"],"picked":"SKIP","floor":3.0},{"not_picked":["Catalyst","Crippling Poison"],"picked":"Cloak And Dagger","floor":4.0},{"not_picked":["Flechettes","Crippling Poison","Catalyst"],"picked":"SKIP","floor":5.0},{"not_picked":["Corpse Explosion","Bullet Time"],"picked":"Envenom","floor":6.0},{"not_picked":["A Thousand Cuts","Die Die Die","Night Terror"],"picked":"SKIP","floor":8.0},{"not_picked":["Night Terror","Corpse Explosion"],"picked":"Adrenaline","floor":11.0},{"not_picked":["Grand Finale","Wraith Form v2","Doppelganger"],"picked":"SKIP","floor":13.0},{"not_picked":["Prepared","Dagger Throw"],"picked":"Cloak And Dagger","floor":14.0},{"not_picked":["Envenom","Glass Knife"],"picked":"Malaise","floor":16.0},{"not_picked":["Acrobatics","Backflip","Slice"],"picked":"SKIP","floor":18.0},{"not_picked":["Flying Knee","Bane"],"picked":"PiercingWail","floor":20.0},{"not_picked":["Poisoned Stab+1","Escape Plan","Cloak And Dagger"],"picked":"SKIP","floor":22.0},{"not_picked":["Night Terror","Wraith Form v2","Venomology"],"picked":"SKIP","floor":24.0},{"not_picked":["Glass Knife","Doppelganger","Malaise"],"picked":"SKIP","floor":27.0},{"not_picked":["Phantasmal Killer","A Thousand Cuts","Die Die Die"],"picked":"SKIP","floor":29.0},{"not_picked":["Bane","Dodge and Roll","Underhanded Strike"],"picked":"SKIP","floor":31.0},{"not_picked":["Riddle With Holes","Crippling Poison+1"],"picked":"PiercingWail+1","floor":35.0},{"not_picked":["Well Laid Plans","Acrobatics"],"picked":"Leg Sweep","floor":36.0},{"not_picked":["A Thousand Cuts","Tools of the Trade","Die Die Die"],"picked":"SKIP","floor":39.0},{"not_picked":["A Thousand Cuts","Bullet Time","Unload"],"picked":"SKIP","floor":40.0},{"not_picked":["Bullet Time","Doppelganger","Storm of Steel"],"picked":"SKIP","floor":42.0},{"not_picked":["Doppelganger","Storm of Steel"],"picked":"Bullet Time","floor":42.0},{"not_picked":["Unload","Tools of the Trade"],"picked":"Burst","floor":44.0},{"not_picked":["Envenom","Venomology"],"picked":"Malaise","floor":46.0},{"not_picked":["Tactician","Flechettes","Masterful Stab","Dagger Throw+1"],"picked":"SKIP","floor":47.0},{"not_picked":["Bullet Time","Venomology","Malaise"],"picked":"Wraith Form v2","floor":48.0}],"player_experience":2216458,"relics_obtained":[{"floor":6.0,"key":"Old Coin"},{"floor":8.0,"key":"Boot"},{"floor":9.0,"key":"PreservedInsect"},{"floor":11.0,"key":"Vajra"},{"floor":13.0,"key":"Nunchaku"},{"floor":24.0,"key":"Girya"},{"floor":26.0,"key":"The Courier"},{"floor":27.0,"key":"Ancient Tea Set"},{"floor":29.0,"key":"Regal Pillow"},{"floor":37.0,"key":"Matryoshka"},{"floor":39.0,"key":"Dodecahedron"},{"floor":40.0,"key":"Bottled Tornado"},{"floor":42.0,"key":"Snake Skull"},{"floor":43.0,"key":"Strawberry"},{"floor":44.0,"key":"Letter Opener"},{"floor":46.0,"key":"Question Card"},{"floor":48.0,"key":"Dream Catcher"}],"event_choices":[{"damage_healed":0.0,"max_hp_gain":0.0,"max_hp_loss":0.0,"gold_gain":0.0,"event_name":"Accursed Blacksmith","player_choice":"Forge","floor":2.0,"gold_loss":0.0,"damage_taken":0.0,"cards_upgraded":["Sucker Punch"]},{"damage_healed":0.0,"max_hp_gain":0.0,"max_hp_loss":0.0,"gold_gain":0.0,"event_name":"Ghosts","player_choice":"Ignored","floor":21.0,"gold_loss":0.0,"damage_taken":0.0},{"damage_healed":0.0,"max_hp_gain":0.0,"max_hp_loss":0.0,"gold_gain":0.0,"event_name":"WeMeetAgain","player_choice":"Gave Potion","floor":25.0,"gold_loss":0.0,"damage_taken":0.0,"relics_obtained":["Tiny Chest"]}],"is_beta":false,"boss_relics":[{"not_picked":["HoveringKite","Tiny House"],"picked":"Runic Pyramid"},{"not_picked":["Snecko Eye","Calling Bell"],"picked":"WristBlade"}],"items_purged_floors":[],"is_endless":false,"potions_floor_spawned":[1,3,11,13,16,18,24,31,33,36,40,44,46,47,48],"killed_by":"Awakened One","ascension_level":20}