{"gold_per_floor":[117,267,286,10,10,10,41,53,53,24,36,65,65,165,165,238,238,250,265,78,95,105,105,105],"floor_reached":24,"playtime":1023,"items_purged":["Doubt","Decay"],"score":391,"play_id":"119aa57c-b577-4ecf-8f24-506792201585","local_time":"20190303105157","is_ascension_mode":true,"campfire_choices":[{"data":"Glass Knife","floor":6.0,"key":"SMITH"},{"data":"Dagger Spray","floor":13.0,"key":"SMITH"},{"floor":15.0,"key":"REST"},{"data":"Noxious Fumes","floor":23.0,"key":"SMITH"}],"neow_cost":"NONE","seed_source_timestamp":0,"circlet_count":0,"master_deck":["AscendersBane","Defend_G","Defend_G","Defend_G","Defend_G","Defend_G","Strike_G","Strike_G","Strike_G","Strike_G","Strike_G","Survivor","Neutralize","Glass Knife+1","Deadly Poison","Dagger Spray+1","Poisoned Stab","Well Laid Plans","Backflip+1","Crippling Poison+1","PiercingWail+1","Malaise+1","Decay","Writhe","Dodge and Roll+1","Backflip+1","Noxious Fumes+1","Cloak And Dagger+1"],"special_seed":0,"relics":["Ring of the Snake","Membership Card","Oddly Smooth Stone","Pen Nib","Toxic Egg 2","Orichalcum","Calling Bell","Art of War","Darkstone Periapt","Peace Pipe","Lee\u0027s Waffle"],"potions_floor_usage":[24],"damage_taken":[{"damage":0.0,"enemies":"2 Louse","floor":1.0,"turns":2.0},{"damage":4.0,"enemies":"Small Slimes","floor":3.0,"turns":3.0},{"damage":14.0,"enemies":"3 Sentries","floor":7.0,"turns":5.0},{"damage":0.0,"enemies":"Jaw Worm","floor":8.0,"turns":3.0},{"damage":6.0,"enemies":"Exordium Thugs","floor":11.0,"turns":4.0},{"damage":6.0,"enemies":"Lagavulin","floor":12.0,"turns":4.0},{"damage":11.0,"enemies":"The Guardian","floor":16.0,"turns":10.0},{"damage":0.0,"enemies":"3 Byrds","floor":18.0,"turns":3.0},{"damage":22.0,"enemies":"Spheric Guardian","floor":19.0,"turns":7.0},{"damage":9.0,"enemies":"Centurion and Healer","floor":21.0,"turns":7.0},{"damage":27.0,"enemies":"Shelled Parasite and Fungi","floor":22.0,"turns":7.0},{"damage":50,"enemies":"Gremlin Leader","floor":24,"turns":6}],"seed_played":"1868339031720598184","potions_obtained":[{"floor":1.0,"key":"AttackPotion"},{"floor":7.0,"key":"Explosive Potion"},{"floor":11.0,"key":"Strength Potion"},{"floor":22.0,"key":"SpeedPotion"}],"is_trial":false,"path_per_floor":["M","?","M","$","?","R","E","M","T","$","M","E","R","?","R","B",null,"M","M","$","M","M","R","E"],"character_chosen":"THE_SILENT","items_purchased":["Membership Card","Poisoned Stab","Backflip+1","Lee\u0027s Waffle","Backflip+1"],"campfire_rested":1,"item_purchase_floors":[4,4,10,20,20],"current_hp_per_floor":[59,59,55,55,37,37,23,23,23,23,17,11,11,11,30,19,54,54,32,73,64,37,37,0],"gold":105,"neow_bonus":"ONE_RANDOM_RARE_CARD","is_prod":false,"is_daily":false,"chose_seed":false,"campfire_upgraded":3,"win_rate":0,"timestamp":1551606717,"path_taken":["M","?","M","$","?","R","E","M","T","$","M","E","R","?","R","BOSS","M","M","$","M","M","R","E"],"build_version":"2019-01-23","purchased_purges":2,"victory":false,"max_hp_per_floor":[66,66,66,66,66,66,66,66,66,66,66,66,66,66,66,66,66,66,66,73,73,73,73,73],"card_choices":[{"not_picked":["Reflex","Escape Plan"],"picked":"Deadly Poison","floor":1.0},{"not_picked":["Bane","Riddle With Holes"],"picked":"Dagger Spray","floor":3.0},{"not_picked":["Accuracy","Backflip"],"picked":"Well Laid Plans","floor":7.0},{"not_picked":["Catalyst","Choke","Blade Dance"],"picked":"SKIP","floor":8.0},{"not_picked":["Cloak And Dagger+1","Deadly Poison+1"],"picked":"Crippling Poison+1","floor":11.0},{"not_picked":["Deflect+1","Cloak And Dagger+1"],"picked":"PiercingWail+1","floor":12.0},{"not_picked":["Die Die Die","Grand Finale"],"picked":"Malaise+1","floor":16.0},{"not_picked":["Acrobatics+1","Dagger Spray","Reflex+1"],"picked":"SKIP","floor":18.0},{"not_picked":["Slice","Expertise+1"],"picked":"Dodge and Roll+1","floor":19.0},{"not_picked":["Concentrate+1","Bane"],"picked":"Noxious Fumes","floor":21.0},{"not_picked":["Escape Plan+1","Prepared+1"],"picked":"Cloak And Dagger+1","floor":22.0}],"player_experience":513875,"relics_obtained":[{"floor":7.0,"key":"Pen Nib"},{"floor":9.0,"key":"Toxic Egg 2"},{"floor":12.0,"key":"Orichalcum"},{"floor":17.0,"key":"Art of War"},{"floor":17.0,"key":"Darkstone Periapt"},{"floor":17.0,"key":"Peace Pipe"}],"event_choices":[{"damage_healed":0.0,"max_hp_gain":0.0,"max_hp_loss":0.0,"gold_gain":150.0,"event_name":"Liars Game","player_choice":"AGREE","floor":2.0,"gold_loss":0.0,"damage_taken":0.0,"cards_obtained":["Doubt"]},{"damage_healed":0.0,"max_hp_gain":0.0,"max_hp_loss":0.0,"gold_gain":0.0,"event_name":"Scrap Ooze","player_choice":"Success","floor":5.0,"gold_loss":0.0,"damage_taken":18.0,"relics_obtained":["Oddly Smooth Stone"]},{"damage_healed":0.0,"max_hp_gain":0.0,"max_hp_loss":0.0,"gold_gain":100.0,"event_name":"Wheel of Change","player_choice":"Gold","floor":14.0,"gold_loss":0.0,"damage_taken":0.0}],"is_beta":false,"boss_relics":[{"not_picked":["Runic Dome","Runic Pyramid"],"picked":"Calling Bell"}],"items_purged_floors":[4,20],"is_endless":false,"potions_floor_spawned":[1,7,11,22],"killed_by":"Gremlin Leader","ascension_level":18}