{"gold_per_floor":[15,15,31,31,47,47,65,65,115,133,133,143,178,42,42,42],"floor_reached":16,"playtime":449,"items_purged":["Strike_R"],"score":204,"play_id":"2a15e1fa-ae92-488b-877d-57983459c240","local_time":"20181201200118","is_ascension_mode":true,"campfire_choices":[{"data":"Rupture","floor":6.0,"key":"SMITH"},{"data":"Uppercut","floor":8.0,"key":"SMITH"},{"floor":11.0,"key":"REST"},{"data":"Heavy Blade","floor":15.0,"key":"SMITH"}],"neow_cost":"NO_GOLD","seed_source_timestamp":11898185067193,"circlet_count":0,"master_deck":["AscendersBane","Strike_R","Strike_R","Strike_R","Strike_R","Defend_R","Defend_R","Defend_R","Defend_R","Bash","Offering","Pain","Uppercut+1","Rupture+1","Heavy Blade+1","Blood for Blood","Shrug It Off","Rupture"],"special_seed":0,"relics":["Burning Blood","WarpedTongs","Dream Catcher","Smiling Mask"],"potions_floor_usage":[16,16],"damage_taken":[{"damage":13.0,"enemies":"Jaw Worm","floor":1.0,"turns":4.0},{"damage":9.0,"enemies":"Cultist","floor":3.0,"turns":4.0},{"damage":11.0,"enemies":"2 Louse","floor":5.0,"turns":2.0},{"damage":17.0,"enemies":"Looter","floor":7.0,"turns":3.0},{"damage":13.0,"enemies":"Large Slime","floor":10.0,"turns":4.0},{"damage":15.0,"enemies":"Blue Slaver","floor":12.0,"turns":2.0},{"damage":31.0,"enemies":"3 Sentries","floor":13.0,"turns":6.0},{"damage":41,"enemies":"Slime Boss","floor":16,"turns":7}],"seed_played":"-2578703315774700556","potions_obtained":[{"floor":1.0,"key":"AttackPotion"},{"floor":3.0,"key":"Energy Potion"},{"floor":12.0,"key":"Strength Potion"},{"floor":13.0,"key":"Regen Potion"}],"is_trial":false,"path_per_floor":["M","?","M","$","M","R","M","R","T","M","R","M","E","$","R","B"],"character_chosen":"IRONCLAD","items_purchased":["Rupture"],"campfire_rested":1,"item_purchase_floors":[14],"current_hp_per_floor":[61,61,58,58,53,53,42,42,42,35,57,48,23,23,23,0],"gold":42,"neow_bonus":"THREE_RARE_CARDS","is_prod":false,"is_daily":false,"chose_seed":false,"campfire_upgraded":3,"win_rate":0,"timestamp":1543665678,"path_taken":["M","?","M","$","M","R","M","R","T","M","R","?","E","$","R","BOSS"],"build_version":"2018-11-15","purchased_purges":1,"victory":false,"max_hp_per_floor":[75,75,75,75,75,75,75,75,75,75,75,75,75,75,75,75],"card_choices":[{"not_picked":["Fiend Fire","Exhume"],"picked":"Offering","floor":0.0},{"not_picked":["Sentinel","Searing Blow","Heavy Blade"],"picked":"SKIP","floor":1.0},{"not_picked":["Flame Barrier","Searing Blow"],"picked":"Uppercut","floor":3.0},{"not_picked":["Warcry","Flex"],"picked":"Rupture","floor":5.0},{"not_picked":["Body Slam","Flex","Sentinel"],"picked":"SKIP","floor":7.0},{"not_picked":["Shrug It Off","Iron Wave","Anger"],"picked":"SKIP","floor":10.0},{"not_picked":["Seeing Red","Twin Strike"],"picked":"Heavy Blade","floor":11.0},{"not_picked":["Clothesline","Entrench"],"picked":"Blood for Blood","floor":12.0},{"not_picked":["Pommel Strike","Reckless Charge"],"picked":"Shrug It Off","floor":13.0}],"player_experience":2242569,"relics_obtained":[{"floor":9.0,"key":"Dream Catcher"},{"floor":13.0,"key":"Smiling Mask"}],"event_choices":[{"damage_healed":0.0,"max_hp_gain":0.0,"max_hp_loss":0.0,"gold_gain":0.0,"event_name":"Accursed Blacksmith","player_choice":"Rummage","floor":2.0,"gold_loss":0.0,"damage_taken":0.0,"relics_obtained":["WarpedTongs"],"cards_obtained":["Pain"]}],"is_beta":false,"boss_relics":[],"items_purged_floors":[14],"is_endless":false,"potions_floor_spawned":[1,3,5,12,13],"killed_by":"Slime Boss","ascension_level":20}