{"gold_per_floor":[109,120,139,139,86,130,130,168,195,215,255,175,215,251,251,340,340,358,196,196,232,257,295,329,373,373,417,441,441,279,318,318,409,409,422,437,437,457,472,816,816,836,836,856,892,892,932,946,946,946,946,946,946,86,126,126],"floor_reached":57,"playtime":3543,"items_purged":[],"score":3446,"play_id":"68bcd639-62e6-4be8-a6e3-0702734d5fb5","local_time":"20190225171334","daily_mods":["SealedDeck","DeadlyEvents","Elite Swarm"],"is_ascension_mode":true,"campfire_choices":[{"data":"Armaments","floor":7.0,"key":"SMITH"},{"data":"Disarm","floor":15.0,"key":"SMITH"},{"data":"Spot Weakness","floor":29.0,"key":"SMITH"},{"data":"Barricade","floor":32.0,"key":"SMITH"},{"data":"Limit Break","floor":46,"key":"SMITH"},{"floor":49,"key":"RECALL"},{"data":"Feel No Pain","floor":53,"key":"SMITH"}],"neow_cost":"","seed_source_timestamp":0,"circlet_count":0,"master_deck":["AscendersBane","Havoc+1","Heavy Blade","True Grit+1","Iron Wave","Pommel Strike","Pummel","Feel No Pain+1","Armaments+1","Pommel Strike","Spot Weakness+1","Twin Strike","Shrug It Off","Feed","Shrug It Off","Limit Break+1","Disarm+1","Barricade+1","Exhume","Offering","Shrug It Off","Impervious","Reaper","Exhume","Impervious","Demon Form","Dark Shackles","Burning Pact+1","Shame","Dark Embrace","Feel No Pain+1","Mayhem","Meteor Strike"],"special_seed":0,"relics":["Burning Blood","Golden Idol","Boot","Blood Vial","Smiling Mask","Charon\u0027s Ashes","Calipers","Bottled Tornado","Sozu","Bag of Preparation","Dodecahedron","Bronze Scales","Mercury Hourglass","Paper Frog","Pear","War Paint","Lantern","Regal Pillow","Cursed Key","Old Coin","Ancient Tea Set","Orichalcum","Strawberry","Shuriken","PrismaticShard","Nunchaku"],"potions_floor_usage":[],"damage_taken":[{"damage":2.0,"enemies":"2 Louse","floor":1.0,"turns":3.0},{"damage":0.0,"enemies":"Jaw Worm","floor":2.0,"turns":3.0},{"damage":0.0,"enemies":"Cultist","floor":3.0,"turns":3.0},{"damage":1.0,"enemies":"Lagavulin","floor":6.0,"turns":5.0},{"damage":14.0,"enemies":"3 Sentries","floor":8.0,"turns":6.0},{"damage":0.0,"enemies":"Looter","floor":10.0,"turns":3.0},{"damage":11.0,"enemies":"Gremlin Nob","floor":11.0,"turns":3.0},{"damage":9.0,"enemies":"Lagavulin","floor":13.0,"turns":7.0},{"damage":15.0,"enemies":"3 Sentries","floor":14.0,"turns":5.0},{"damage":9.0,"enemies":"Hexaghost","floor":16.0,"turns":9.0},{"damage":0.0,"enemies":"Chosen","floor":18.0,"turns":6.0},{"damage":17.0,"enemies":"Gremlin Leader","floor":21.0,"turns":6.0},{"damage":12.0,"enemies":"Spheric Guardian","floor":22.0,"turns":5.0},{"damage":43.0,"enemies":"Slavers","floor":23.0,"turns":5.0},{"damage":10.0,"enemies":"Book of Stabbing","floor":24.0,"turns":5.0},{"damage":17.0,"enemies":"Gremlin Leader","floor":25.0,"turns":6.0},{"damage":11.0,"enemies":"Book of Stabbing","floor":27.0,"turns":4.0},{"damage":0.0,"enemies":"Cultist and Chosen","floor":28.0,"turns":7.0},{"damage":27.0,"enemies":"Slavers","floor":31.0,"turns":3.0},{"damage":6.0,"enemies":"Champ","floor":33.0,"turns":9.0},{"damage":6.0,"enemies":"Orb Walker","floor":35.0,"turns":4.0},{"damage":6.0,"enemies":"3 Darklings","floor":36.0,"turns":3.0},{"damage":6.0,"enemies":"Transient","floor":38.0,"turns":6.0},{"damage":6.0,"enemies":"Sphere and 2 Shapes","floor":39.0,"turns":6.0},{"damage":6.0,"enemies":"Nemesis","floor":40.0,"turns":11.0},{"damage":12,"enemies":"4 Shapes","floor":42,"turns":4},{"damage":14,"enemies":"Jaw Worm Horde","floor":44,"turns":6},{"damage":6,"enemies":"Giant Head","floor":45,"turns":6},{"damage":6,"enemies":"Nemesis","floor":47,"turns":7},{"damage":26,"enemies":"Sphere and 2 Shapes","floor":48,"turns":4},{"damage":52,"enemies":"Awakened One","floor":50,"turns":7},{"damage":12,"enemies":"Donu and Deca","floor":51,"turns":7},{"damage":69,"enemies":"Shield and Spear","floor":55,"turns":6},{"damage":80,"enemies":"The Heart","floor":56,"turns":11}],"seed_played":"8728390884969700959","potions_obtained":[{"floor":1.0,"key":"Weak Potion"},{"floor":8.0,"key":"Energy Potion"},{"floor":10.0,"key":"SteroidPotion"}],"is_trial":true,"path_per_floor":["M","M","M","?","$","E","R","E","T","M","E","$","E","E","R","B",null,"M","$","?","E","M","E","E","E","T","E","M","R","$","E","R","B",null,"M","M","?","M","M","E","?","M","T","M","E","R","E","M","R","B","B",null,"R","$","E","B",null],"character_chosen":"IRONCLAD","items_purchased":["Strength Potion","Disarm","Bag of Preparation","Lantern","Strawberry","Shuriken","PrismaticShard","Mayhem"],"campfire_rested":0,"item_purchase_floors":[5,12,19,30,54,54,54,54],"current_hp_per_floor":[72,75,75,49,49,54,54,49,49,57,54,54,57,56,56,55,80,88,88,88,80,80,51,52,43,53,50,58,58,58,93,93,111,116,118,121,121,121,130,130,120,122,122,140,142,142,144,128,128,151,155,155,155,162,165,136],"gold":126,"neow_bonus":"","is_prod":false,"is_daily":false,"chose_seed":false,"campfire_upgraded":6,"win_rate":0,"timestamp":1551143614,"path_taken":["M","M","M","?","$","E","R","E","T","M","E","?","E","?","R","BOSS","M","$","?","?","M","E","?","E","T","E","?","R","$","E","R","BOSS","M","M","?","M","M","E","?","?","T","M","E","R","E","M","R","BOSS","BOSS","R","$","E","BOSS"],"build_version":"2019-01-23","purchased_purges":0,"victory":true,"max_hp_per_floor":[75,75,75,75,75,75,75,78,78,78,78,78,82,88,88,88,88,88,88,88,91,95,101,104,104,114,114,114,114,114,114,114,118,118,118,121,121,121,130,130,130,136,136,145,145,145,145,148,148,151,155,155,155,162,165,165],"card_choices":[{"not_picked":["Havoc","Thunderclap"],"picked":"Twin Strike","floor":1.0},{"not_picked":["Flex","Cleave","True Grit"],"picked":"SKIP","floor":2.0},{"not_picked":["Sentinel","Ghostly Armor"],"picked":"Shrug It Off","floor":3.0},{"not_picked":["Brutality","Dark Embrace"],"picked":"Feed","floor":6.0},{"not_picked":["Juggernaut","Brutality","Demon Form"],"picked":"SKIP","floor":8.0},{"not_picked":["Wild Strike","Anger"],"picked":"Shrug It Off","floor":10.0},{"not_picked":["Feed","Demon Form"],"picked":"Limit Break","floor":11.0},{"not_picked":["Immolate","Double Tap"],"picked":"Exhume","floor":13.0},{"not_picked":["Demon Form","Dark Embrace"],"picked":"Barricade","floor":14.0},{"not_picked":["Limit Break","Juggernaut"],"picked":"Exhume","floor":16.0},{"not_picked":["Inflame","Armaments","Power Through"],"picked":"SKIP","floor":18.0},{"not_picked":["Fiend Fire","Dark Embrace"],"picked":"Offering","floor":21.0},{"not_picked":["Sentinel","Rampage"],"picked":"Shrug It Off","floor":22.0},{"not_picked":["Bludgeon","Fiend Fire","Berserk"],"picked":"SKIP","floor":23.0},{"not_picked":["Double Tap","Limit Break","Bludgeon"],"picked":"SKIP","floor":24.0},{"not_picked":["Fiend Fire","Offering"],"picked":"Impervious","floor":25.0},{"not_picked":["Berserk","Limit Break"],"picked":"Reaper","floor":27.0},{"not_picked":["Heavy Blade+1","Armaments","Flex"],"picked":"SKIP","floor":28.0},{"not_picked":["Fiend Fire","Juggernaut"],"picked":"Exhume","floor":31.0},{"not_picked":["Double Tap","Limit Break"],"picked":"Impervious","floor":33.0},{"not_picked":["Rupture","Wild Strike","Clothesline"],"picked":"SKIP","floor":35.0},{"not_picked":["Seeing Red","Perfected Strike","Armaments+1"],"picked":"SKIP","floor":36.0},{"not_picked":["Anger","Carnage","Shrug It Off"],"picked":"SKIP","floor":38.0},{"not_picked":["Combust+1","Armaments","True Grit"],"picked":"SKIP","floor":39.0},{"not_picked":["Immolate","Bludgeon"],"picked":"Demon Form","floor":40.0},{"not_picked":["HandOfGreed","Secret Technique"],"picked":"Dark Shackles","floor":41.0},{"not_picked":["Body Slam","Anger+1"],"picked":"Burning Pact+1","floor":42},{"not_picked":["Clothesline","Intimidate","Perfected Strike+1"],"picked":"SKIP","floor":44},{"not_picked":["Demon Form","Bludgeon","Feed"],"picked":"SKIP","floor":45},{"not_picked":["Berserk","Demon Form"],"picked":"Dark Embrace","floor":47},{"not_picked":["Sentinel","Havoc+1"],"picked":"Feel No Pain","floor":48},{"not_picked":["Biased Cognition","Feed"],"picked":"Meteor Strike","floor":55}],"player_experience":2262501,"relics_obtained":[{"floor":6.0,"key":"Boot"},{"floor":8.0,"key":"Blood Vial"},{"floor":9.0,"key":"Smiling Mask"},{"floor":11.0,"key":"Charon\u0027s Ashes"},{"floor":13.0,"key":"Calipers"},{"floor":14.0,"key":"Bottled Tornado"},{"floor":21.0,"key":"Dodecahedron"},{"floor":23.0,"key":"Bronze Scales"},{"floor":24.0,"key":"Mercury Hourglass"},{"floor":25.0,"key":"Paper Frog"},{"floor":26.0,"key":"Pear"},{"floor":27.0,"key":"War Paint"},{"floor":31.0,"key":"Regal Pillow"},{"floor":40.0,"key":"Old Coin"},{"floor":45,"key":"Ancient Tea Set"},{"floor":47,"key":"Orichalcum"},{"floor":55,"key":"Nunchaku"}],"event_choices":[{"damage_healed":0.0,"max_hp_gain":0.0,"max_hp_loss":0.0,"gold_gain":0.0,"event_name":"Golden Idol","player_choice":"Take Damage","floor":4.0,"gold_loss":0.0,"damage_taken":26.0,"relics_obtained":["Golden Idol"]},{"damage_healed":0.0,"max_hp_gain":0.0,"max_hp_loss":0.0,"gold_gain":0.0,"event_name":"Accursed Blacksmith","player_choice":"Forge","floor":20.0,"gold_loss":0.0,"damage_taken":0.0,"cards_upgraded":["Feel No Pain"]},{"cards_removed":["Exhume"],"damage_healed":0.0,"max_hp_gain":0.0,"max_hp_loss":0.0,"gold_gain":0.0,"event_name":"Falling","player_choice":"Removed Skill","floor":37.0,"gold_loss":0.0,"damage_taken":0.0},{"damage_healed":0.0,"max_hp_gain":0.0,"max_hp_loss":0.0,"gold_gain":0.0,"event_name":"SensoryStone","player_choice":"Memory 3","floor":41.0,"gold_loss":0.0,"damage_taken":10.0}],"is_beta":false,"boss_relics":[{"not_picked":["Velvet Choker","Astrolabe"],"picked":"Sozu"},{"not_picked":["Runic Pyramid","Calling Bell"],"picked":"Cursed Key"}],"items_purged_floors":[],"is_endless":false,"potions_floor_spawned":[1,8,10,18,23,24,27,33,40,42,45,48],"ascension_level":20}