{"gold_per_floor":[117,77,95,95,95,127,138,138,138,173,192,9,24,51,51,154,154,169,169,183,113,123,123,140,140,140,219,219,219,234,234,234,336,336,351,451,191,246,246,246,108,108,108,122,122,137,148,159,159,159],"floor_reached":50,"playtime":27022,"items_purged":[],"score":614,"play_id":"1250f4fa-3655-479a-9367-041f776c6362","local_time":"20181216230203","is_ascension_mode":true,"campfire_choices":[{"floor":15.0,"key":"REST"},{"data":"Metamorphosis","floor":23.0,"key":"SMITH"},{"floor":25.0,"key":"REST"},{"floor":32,"key":"REST"},{"floor":40,"key":"REST"},{"floor":42,"key":"REST"},{"floor":45,"key":"REST"},{"floor":49,"key":"REST"}],"neow_cost":"NONE","seed_source_timestamp":0,"circlet_count":0,"master_deck":["Strike_B","Defend_B","Defend_B+1","Zap","Dualcast","Cold Snap","Doom and Gloom","Leap+1","Barrage","Conserve Battery","Core Surge","Compile Driver","Metamorphosis+1","Leap","Genetic Algorithm","Biased Cognition","Loop+1","Chill+1","Ball Lightning","Defragment","Static Discharge","Chaos","Chaos","Reprogram","Rainbow","Redo+1","Discovery","Sweeping Beam","Storm","Go for the Eyes+1"],"special_seed":0,"relics":["Cracked Core","NeowsBlessing","Mango","Ancient Tea Set","Calipers","Meat on the Bone","Du-Vu Doll","Astrolabe","Bottled Tornado","Pear","Fusion Hammer","Mummified Hand","Bronze Scales","Ginger"],"potions_floor_usage":[33,50,50],"damage_taken":[{"damage":0.0,"enemies":"Small Slimes","floor":1.0,"turns":1.0},{"damage":0.0,"enemies":"2 Louse","floor":3.0,"turns":1.0},{"damage":0.0,"enemies":"Gremlin Nob","floor":6.0,"turns":1.0},{"damage":0.0,"enemies":"Cultist","floor":7.0,"turns":3.0},{"damage":1.0,"enemies":"Lagavulin","floor":10.0,"turns":6.0},{"damage":0.0,"enemies":"2 Fungi Beasts","floor":11.0,"turns":2.0},{"damage":1.0,"enemies":"Exordium Wildlife","floor":13.0,"turns":2.0},{"damage":12.0,"enemies":"3 Sentries","floor":14.0,"turns":5.0},{"damage":0.0,"enemies":"The Guardian","floor":16.0,"turns":9.0},{"damage":8.0,"enemies":"Chosen","floor":18.0,"turns":6.0},{"damage":0.0,"enemies":"3 Byrds","floor":20.0,"turns":6.0},{"damage":0.0,"enemies":"Snecko","floor":22.0,"turns":5.0},{"damage":24.0,"enemies":"Centurion and Healer","floor":24.0,"turns":5.0},{"damage":8,"enemies":"Cultist and Chosen","floor":30,"turns":5},{"damage":60,"enemies":"Champ","floor":33,"turns":12},{"damage":24,"enemies":"3 Shapes","floor":35,"turns":5},{"damage":6,"enemies":"Orb Walker","floor":44,"turns":3},{"damage":24,"enemies":"3 Darklings","floor":46,"turns":7},{"damage":11,"enemies":"Spire Growth","floor":47,"turns":5},{"damage":1,"enemies":"4 Shapes","floor":48,"turns":6},{"damage":116,"enemies":"Awakened One","floor":50,"turns":7}],"seed_played":"-1570413983285752292","potions_obtained":[{"floor":3.0,"key":"EssenceOfSteel"},{"floor":6.0,"key":"Swift Potion"},{"floor":7.0,"key":"Swift Potion"},{"floor":13.0,"key":"FearPotion"},{"floor":18.0,"key":"SpeedPotion"},{"floor":20.0,"key":"EntropicBrew"},{"floor":47,"key":"GamblersBrew"},{"floor":48,"key":"Swift Potion"}],"is_trial":false,"path_per_floor":["M","$","M","?","?","E","M","?","T","E","M","$","M","E","R","B",null,"M","?","M","$","M","R","M","R","T","T","$","?","M","?","R","B",null,"M","?","$","T","?","R","$","R","T","M","R","M","M","M","R","B"],"character_chosen":"DEFECT","items_purchased":["Doom and Gloom","Metamorphosis","Static Discharge","Mummified Hand","Discovery","Sweeping Beam"],"campfire_rested":7,"item_purchase_floors":[2,12,21,37,41,41],"current_hp_per_floor":[75,75,75,86,68,68,68,68,68,67,67,67,66,54,80,80,89,81,81,81,81,81,81,57,83,83,93,93,93,85,65,96,48,104,80,80,80,80,80,104,104,104,104,98,104,80,69,68,99,0],"gold":159,"neow_bonus":"THREE_ENEMY_KILL","is_prod":false,"is_daily":false,"chose_seed":false,"campfire_upgraded":1,"win_rate":0,"timestamp":1545001323,"path_taken":["M","$","M","?","?","E","M","?","T","E","?","$","M","E","R","BOSS","M","?","M","$","M","R","M","R","T","?","$","?","?","?","R","BOSS","M","?","$","?","?","R","$","R","T","M","R","?","M","M","R","BOSS"],"build_version":"2018-12-13","purchased_purges":0,"victory":false,"max_hp_per_floor":[75,75,75,89,89,89,89,89,89,89,89,89,89,89,89,89,89,89,89,89,89,89,89,89,89,89,99,99,99,99,104,104,104,104,104,104,104,104,104,104,104,104,104,104,104,104,104,104,104,104],"card_choices":[{"not_picked":["Turbo","Barrage"],"picked":"Cold Snap","floor":1.0},{"not_picked":["Fusion","Streamline"],"picked":"Leap","floor":3.0},{"not_picked":["Creative AI","Chaos"],"picked":"Barrage","floor":6.0},{"not_picked":["Cold Snap","Compile Driver"],"picked":"Conserve Battery","floor":7.0},{"not_picked":["Ball Lightning","Go for the Eyes"],"picked":"Core Surge","floor":10.0},{"not_picked":["Rebound","Undo"],"picked":"Compile Driver","floor":11.0},{"not_picked":["Redo","Streamline"],"picked":"Leap","floor":13.0},{"not_picked":["Gash","Core Surge"],"picked":"Genetic Algorithm","floor":14.0},{"not_picked":["Fission","Reboot"],"picked":"Biased Cognition","floor":16.0},{"not_picked":["Coolheaded","Rebound","Reinforced Body"],"picked":"SKIP","floor":18.0},{"not_picked":["Steam Power","Doom and Gloom"],"picked":"Defragment","floor":20.0},{"not_picked":["FTL","Scrape","Redo"],"picked":"SKIP","floor":22.0},{"not_picked":["Fusion","Streamline"],"picked":"Chaos","floor":24.0},{"not_picked":["Lockon","Conserve Battery"],"picked":"Reprogram","floor":30},{"not_picked":["Biased Cognition","Amplify"],"picked":"Rainbow","floor":33},{"not_picked":["Hologram+1","Auto Shields+1"],"picked":"Redo+1","floor":35},{"not_picked":["Consume+1","Compile Driver+1","Auto Shields"],"picked":"SKIP","floor":44},{"not_picked":["Conserve Battery","Beam Cell","Hologram+1"],"picked":"SKIP","floor":46},{"not_picked":["Consume+1","Rebound"],"picked":"Storm","floor":47},{"not_picked":["Chill+1","Consume"],"picked":"Go for the Eyes+1","floor":48}],"player_experience":321654,"relics_obtained":[{"floor":6.0,"key":"Ancient Tea Set"},{"floor":9.0,"key":"Calipers"},{"floor":10.0,"key":"Meat on the Bone"},{"floor":14.0,"key":"Du-Vu Doll"},{"floor":26.0,"key":"Bottled Tornado"},{"floor":27.0,"key":"Pear"},{"floor":38,"key":"Bronze Scales"},{"floor":43,"key":"Ginger"}],"event_choices":[{"damage_healed":0.0,"max_hp_gain":0.0,"max_hp_loss":0.0,"gold_gain":0.0,"event_name":"Scrap Ooze","player_choice":"Success","floor":4.0,"gold_loss":0.0,"damage_taken":3.0,"relics_obtained":["Mango"]},{"damage_healed":0.0,"max_hp_gain":0.0,"max_hp_loss":0.0,"gold_gain":0.0,"event_name":"Shining Light","player_choice":"Entered Light","floor":5.0,"gold_loss":0.0,"damage_taken":18.0,"cards_upgraded":["Leap","Defend_B"]},{"cards_removed":["Defend_B"],"damage_healed":0.0,"max_hp_gain":0.0,"max_hp_loss":0.0,"gold_gain":0.0,"event_name":"Purifier","player_choice":"Purged","floor":8.0,"gold_loss":0.0,"damage_taken":0.0},{"damage_healed":0.0,"max_hp_gain":0.0,"max_hp_loss":0.0,"gold_gain":0.0,"event_name":"The Library","player_choice":"Read","floor":19.0,"gold_loss":0.0,"damage_taken":0.0,"cards_obtained":["Ball Lightning"]},{"damage_healed":0,"gold_gain":0,"cards_transformed":["Chill"],"player_choice":"Transformed","damage_taken":0,"max_hp_gain":0,"max_hp_loss":0,"event_name":"Transmorgrifier","floor":29,"gold_loss":0,"cards_obtained":["Chaos"]},{"damage_healed":0,"gold_gain":0,"player_choice":"Shed Blood","damage_taken":25,"max_hp_gain":5,"max_hp_loss":0,"event_name":"Forgotten Altar","floor":31,"gold_loss":0},{"damage_healed":0,"gold_gain":100,"player_choice":"Pray","damage_taken":0,"max_hp_gain":0,"max_hp_loss":0,"event_name":"Golden Shrine","floor":36,"gold_loss":0},{"cards_removed":["Strike_B"],"damage_healed":0,"gold_gain":0,"player_choice":"Purged","damage_taken":0,"max_hp_gain":0,"max_hp_loss":0,"event_name":"Purifier","floor":39,"gold_loss":0}],"is_beta":false,"boss_relics":[{"not_picked":["Snecko Eye","Black Star"],"picked":"Astrolabe"},{"not_picked":["Nuclear Battery","Calling Bell"],"picked":"Fusion Hammer"}],"items_purged_floors":[],"is_endless":false,"potions_floor_spawned":[3,6,7,11,13,18,20,47,48],"killed_by":"Awakened One","ascension_level":2}