{"gold_per_floor":[117,117,3,3,3,3,13,45,70,70,89,89,116,133,133,133],"floor_reached":16,"playtime":559,"items_purged":[],"score":211,"play_id":"3ddde117-b2a8-4db6-8060-40410d44f0e6","local_time":"20181008134238","is_ascension_mode":true,"campfire_choices":[{"data":"Zap","floor":6,"key":"SMITH"},{"floor":10,"key":"REST"},{"data":"Cold Snap","floor":12,"key":"SMITH"},{"data":"Coolheaded","floor":15,"key":"SMITH"}],"neow_cost":"PERCENT_DAMAGE","seed_source_timestamp":21683399549690,"circlet_count":0,"master_deck":["Strike_B","Strike_B","Defend_B","Defend_B+1","Defend_B","Defend_B+1","Zap+1","Dualcast","AscendersBane","Heatsinks","Steam Power","Cold Snap+1","Conserve Battery","Compile Driver","Self Repair","Conserve Battery","Biased Cognition","Coolheaded+1"],"relics":["Cracked Core","Sundial","Ginger","PreservedInsect","FossilizedHelix"],"potions_floor_usage":[13],"damage_taken":[{"damage":0,"enemies":"2 Louse","floor":1,"turns":2},{"damage":0,"enemies":"Jaw Worm","floor":7,"turns":6},{"damage":13,"enemies":"Lagavulin","floor":8,"turns":7},{"damage":5,"enemies":"Small Slimes","floor":11,"turns":4},{"damage":10,"enemies":"3 Sentries","floor":13,"turns":4},{"damage":0,"enemies":"Blue Slaver","floor":14,"turns":3},{"damage":39,"enemies":"The Guardian","floor":16,"turns":13}],"seed_played":"3098594655535603934","potions_obtained":[{"floor":11,"key":"Explosive Potion"},{"floor":13,"key":"LiquidBronze"}],"is_trial":false,"path_per_floor":["M","?","$","?","?","R","M","E","T","R","M","R","E","M","R"],"character_chosen":"DEFECT","items_purchased":["Go for the Eyes","Conserve Battery"],"campfire_rested":1,"item_purchase_floors":[3,3],"current_hp_per_floor":[46,25,25,25,25,25,25,12,12,33,35,35,32,39,39,0],"gold":133,"neow_bonus":"TRANSFORM_TWO_CARDS","is_prod":false,"is_daily":false,"chose_seed":false,"campfire_upgraded":3,"win_rate":0,"timestamp":1539031358,"path_taken":["M","?","$","?","?","R","M","E","T","R","M","R","E","?","R","BOSS"],"build_version":"2018-10-04v2","purchased_purges":0,"victory":false,"max_hp_per_floor":[71,71,71,71,71,71,71,71,71,71,71,71,71,71,71,71],"card_choices":[{"not_picked":["Barrage","Compile Driver"],"picked":"Cold Snap","floor":1},{"not_picked":["Hologram","Turbo"],"picked":"Compile Driver","floor":7},{"not_picked":["Tempest","Scrape"],"picked":"Self Repair","floor":8},{"not_picked":["Compile Driver","Reinforced Body"],"picked":"Conserve Battery","floor":11},{"not_picked":["Stack","Streamline"],"picked":"Biased Cognition","floor":13},{"not_picked":["Hello World","Barrage"],"picked":"Coolheaded","floor":14}],"player_experience":1302097,"relics_obtained":[{"floor":8,"key":"Ginger"},{"floor":9,"key":"PreservedInsect"},{"floor":13,"key":"FossilizedHelix"}],"event_choices":[{"event_name":"Shining Light","player_choice":"Entered Light","floor":2,"damage_taken":0},{"event_name":"WeMeetAgain","player_choice":"Card","floor":4,"damage_taken":0},{"event_name":"Golden Idol","player_choice":"Ignored","floor":5,"damage_taken":0}],"is_beta":false,"boss_relics":[],"items_purged_floors":[],"is_endless":false,"potions_floor_spawned":[11,13],"killed_by":"The Guardian","ascension_level":19}