{"gold_per_floor":[115,115,62,80,5,38,53,85,85,85,98,98,129,151,163,249,261,288,300,330,356,383,395,407,429,441,453,482,319,319,350,350,424,424,434,444,444,444,444,444,471,471,498,67,83,83,99,113,113,113],"floor_reached":51,"playtime":4728,"items_purged":["Defend_B"],"score":1236,"play_id":"ed8cc993-a009-4d2d-b25c-01fe4b893d33","local_time":"20180723203446","is_ascension_mode":true,"campfire_choices":[{"data":"Dualcast","floor":10.0,"key":"SMITH"},{"floor":15.0,"key":"REST"},{"data":"Hologram","floor":23.0,"key":"SMITH"},{"data":"Hologram","floor":27.0,"key":"SMITH"},{"data":"Defragment","floor":30.0,"key":"SMITH"},{"data":"Seek","floor":32.0,"key":"SMITH"},{"data":"Coolheaded","floor":40,"key":"SMITH"},{"floor":42,"key":"REST"},{"data":"Hologram","floor":46,"key":"SMITH"},{"data":"Stack","floor":49,"key":"SMITH"}],"neow_cost":"NONE","seed_source_timestamp":31682275915359,"circlet_count":0,"master_deck":["Defend_B","Defend_B","Defend_B","Zap+1","Dualcast+1","AscendersBane","Coolheaded+1","Conserve Battery","Hologram+1","Rip and Tear","Compile Driver","Leap","Conserve Battery","Go for the Eyes","Machine Learning","Hologram+1","Echo Form","Bite","Bite","Bite","Bite","Bite","Streamline+1","Seek+1","Defragment+1","Defragment+1","Injury","Leap","Stack+1","Hologram+1"],"special_seed":0,"relics":["Cracked Core","NlothsMask","Ancient Tea Set","Oddly Smooth Stone","MawBank","Busted Crown","Dodecahedron","Bag of Preparation","Cursed Key","Pen Nib","Lantern","Shuriken"],"potions_floor_usage":[50,50],"damage_taken":[{"damage":0.0,"enemies":"2 Louse","floor":1.0,"turns":2.0},{"damage":0.0,"enemies":"Cultist","floor":4.0,"turns":3.0},{"damage":16.0,"enemies":"Lagavulin","floor":6.0,"turns":7.0},{"damage":0.0,"enemies":"Small Slimes","floor":7.0,"turns":3.0},{"damage":17.0,"enemies":"Gremlin Nob","floor":8.0,"turns":4.0},{"damage":0.0,"enemies":"Blue Slaver","floor":11.0,"turns":2.0},{"damage":11.0,"enemies":"3 Sentries","floor":13.0,"turns":8.0},{"damage":9.0,"enemies":"Exordium Wildlife","floor":14.0,"turns":5.0},{"damage":2.0,"enemies":"The Guardian","floor":16.0,"turns":13.0},{"damage":4.0,"enemies":"3 Byrds","floor":18.0,"turns":4.0},{"damage":4.0,"enemies":"Chosen","floor":20.0,"turns":4.0},{"damage":16.0,"enemies":"Sentry and Sphere","floor":21.0,"turns":4.0},{"damage":12.0,"enemies":"Chosen and Byrds","floor":22.0,"turns":8.0},{"damage":14.0,"enemies":"Snake Plant","floor":25.0,"turns":5.0},{"damage":14.0,"enemies":"Centurion and Healer","floor":28.0,"turns":7.0},{"damage":0.0,"enemies":"Gremlin Leader","floor":31.0,"turns":6.0},{"damage":32.0,"enemies":"Automaton","floor":33.0,"turns":9.0},{"damage":2.0,"enemies":"Flame Bruiser 1 Orb","floor":35.0,"turns":6.0},{"damage":0.0,"enemies":"Orb Walker","floor":36.0,"turns":3.0},{"damage":27,"enemies":"Giant Head","floor":41,"turns":9},{"damage":3,"enemies":"Flame Bruiser 2 Orb","floor":45,"turns":6},{"damage":21,"enemies":"Sphere and 2 Shapes","floor":47,"turns":7},{"damage":6,"enemies":"Maw","floor":48,"turns":8},{"damage":26,"enemies":"Time Eater","floor":50,"turns":15}],"seed_played":"-5586267690645833017","potions_obtained":[{"floor":4.0,"key":"SkillPotion"},{"floor":8.0,"key":"SteroidPotion"},{"floor":11.0,"key":"Energy Potion"},{"floor":21.0,"key":"SteroidPotion"},{"floor":31.0,"key":"Ancient Potion"},{"floor":48,"key":"AttackPotion"}],"is_trial":false,"path_per_floor":["M","?","$","M","$","E","M","E","T","R","M","?","E","M","R","B",null,"M","?","M","M","M","R","?","M","T","R","M","$","R","E","R","B",null,"M","M","?","?","?","R","E","R","T","$","M","R","M","M","R","B"],"character_chosen":"DEFECT","items_purchased":["Conserve Battery","Rip and Tear","Defragment","Block Potion","PowerPotion","Shuriken","Leap","PowerPotion","Stack"],"campfire_rested":2,"item_purchase_floors":[3,5,29,29,29,44,44,44,44],"current_hp_per_floor":[64,64,64,64,64,48,48,31,31,31,31,31,20,11,32,30,61,57,49,49,41,49,49,37,43,43,43,53,53,53,54,54,34,49,54,54,54,54,54,54,35,51,51,51,54,54,41,54,54,50],"gold":113,"neow_bonus":"UPGRADE_CARD","is_prod":false,"is_daily":false,"chose_seed":false,"campfire_upgraded":8,"win_rate":0,"timestamp":1532403286,"path_taken":["M","?","$","M","$","E","M","E","T","R","M","?","E","M","R","BOSS","M","?","M","M","M","R","?","M","T","R","M","$","R","E","R","BOSS","M","M","?","?","?","R","E","R","T","$","?","R","?","M","R","BOSS"],"build_version":"2018-07-19v2","purchased_purges":1,"victory":true,"max_hp_per_floor":[71,71,71,71,71,71,71,71,71,71,71,71,71,71,71,71,71,71,49,49,49,49,49,54,54,54,54,54,54,54,54,54,54,54,54,54,54,54,54,54,54,54,54,54,54,54,54,54,54,54],"card_choices":[{"not_picked":["Go for the Eyes","Melter"],"picked":"Coolheaded","floor":1.0},{"not_picked":["Rebound","Undo"],"picked":"Hologram","floor":4.0},{"not_picked":["Echo Form","Chill"],"picked":"Compile Driver","floor":6.0},{"not_picked":["Turbo","Undo"],"picked":"Leap","floor":7.0},{"not_picked":["Leap","Heatsinks"],"picked":"Conserve Battery","floor":8.0},{"not_picked":["Barrage","Cold Snap"],"picked":"Go for the Eyes","floor":11.0},{"not_picked":["Sweeping Beam","Coolheaded"],"picked":"Machine Learning","floor":13.0},{"not_picked":["Blizzard","Hello World"],"picked":"Hologram","floor":14.0},{"not_picked":["Machine Learning","Fission"],"picked":"Echo Form","floor":16.0},{"not_picked":["Storm"],"picked":"SKIP","floor":18.0},{"not_picked":[],"picked":"Streamline+1","floor":20.0},{"not_picked":["Cold Snap"],"picked":"SKIP","floor":21.0},{"not_picked":["Compile Driver"],"picked":"SKIP","floor":22.0},{"not_picked":["Streamline"],"picked":"SKIP","floor":25.0},{"not_picked":[],"picked":"Seek","floor":28.0},{"not_picked":["Compile Driver+1"],"picked":"SKIP","floor":31.0},{"not_picked":["Cold Snap"],"picked":"SKIP","floor":35.0},{"not_picked":["Hello World"],"picked":"SKIP","floor":36.0},{"not_picked":["Static Discharge"],"picked":"SKIP","floor":41},{"not_picked":[],"picked":"Hologram","floor":45},{"not_picked":["Chaos"],"picked":"SKIP","floor":47},{"not_picked":["Turbo"],"picked":"SKIP","floor":48}],"player_experience":864213,"relics_obtained":[{"floor":6.0,"key":"Ancient Tea Set"},{"floor":8.0,"key":"Oddly Smooth Stone"},{"floor":13.0,"key":"MawBank"},{"floor":26.0,"key":"Dodecahedron"},{"floor":31.0,"key":"Bag of Preparation"},{"floor":41,"key":"Pen Nib"},{"floor":43,"key":"Lantern"}],"event_choices":[{"event_name":"FaceTrader","player_choice":"Trade","floor":2.0,"damage_taken":0.0},{"event_name":"Liars Game","player_choice":"disagreed","floor":12.0,"damage_taken":0.0},{"event_name":"Vampires","player_choice":"Became a vampire","floor":19.0,"damage_taken":0.0},{"event_name":"Forgotten Altar","player_choice":"Shed Blood","floor":24.0,"damage_taken":0.0},{"event_name":"Duplicator","player_choice":"One dupe","floor":37.0,"damage_taken":0.0},{"event_name":"Mysterious Sphere","player_choice":"Ignore","floor":38,"damage_taken":0},{"event_name":"Match and Keep!","player_choice":"0 cards matched","floor":39,"damage_taken":0}],"is_beta":false,"boss_relics":[{"not_picked":["Calling Bell","Black Star"],"picked":"Busted Crown"},{"not_picked":["Empty Cage","Philosopher\u0027s Stone"],"picked":"Cursed Key"}],"items_purged_floors":[44],"is_endless":false,"potions_floor_spawned":[4,8,11,16,21,22,31,45,48],"ascension_level":15}