{"gold_per_floor":[117,133,11,28,44,44,72,72,97,109,151,163,325,37,37,110,110,125,154,14,14],"floor_reached":21,"playtime":698,"items_purged":["Doubt"],"score":370,"play_id":"d7923c37-8eea-485d-98db-1ec316f0d64a","local_time":"20190330152602","is_ascension_mode":true,"campfire_choices":[{"data":"Sunder","floor":6.0,"key":"SMITH"},{"floor":10.0,"key":"REST"},{"data":"Defragment","floor":15.0,"key":"SMITH"}],"neow_cost":"NONE","seed_source_timestamp":180358598900,"circlet_count":0,"master_deck":["AscendersBane","Strike_B","Strike_B+1","Strike_B+1","Defend_B","Defend_B","Defend_B","Defend_B","Zap","Dualcast","Machine Learning","Coolheaded","Capacitor","Defragment","Sunder+1","Turbo","Double Energy","Defragment+1","Coolheaded","Amplify","Heatsinks","Sweeping Beam+1","Chill"],"special_seed":0,"relics":["Cracked Core","Whetstone","MawBank","Art of War","Bag of Preparation","Coffee Dripper","Red Mask"],"potions_floor_usage":[21],"damage_taken":[{"damage":0.0,"enemies":"2 Louse","floor":1.0,"turns":1.0},{"damage":0.0,"enemies":"Small Slimes","floor":2.0,"turns":4.0},{"damage":14.0,"enemies":"Jaw Worm","floor":4.0,"turns":4.0},{"damage":17.0,"enemies":"Blue Slaver","floor":5.0,"turns":4.0},{"damage":32.0,"enemies":"Gremlin Nob","floor":7.0,"turns":4.0},{"damage":19.0,"enemies":"3 Sentries","floor":11.0,"turns":6.0},{"damage":1.0,"enemies":"Hexaghost","floor":16.0,"turns":9.0},{"damage":8.0,"enemies":"3 Byrds","floor":18.0,"turns":5.0},{"damage":32.0,"enemies":"Masked Bandits","floor":19.0,"turns":6.0},{"damage":15,"enemies":"Shell Parasite","floor":21,"turns":3}],"seed_played":"-5871690353900276208","potions_obtained":[{"floor":4.0,"key":"SteroidPotion"},{"floor":5.0,"key":"LiquidBronze"},{"floor":16.0,"key":"Swift Potion"}],"is_trial":false,"path_per_floor":["M","M","$","M","M","R","E","?","T","R","E","?","?","$","R","B",null,"M","?","$","M"],"character_chosen":"DEFECT","items_purchased":["Defragment","Sunder","Bag of Preparation","Coolheaded","Chill","AttackPotion"],"campfire_rested":1,"item_purchase_floors":[3,3,14,14,20,20],"current_hp_per_floor":[64,64,64,50,33,33,1,1,1,22,3,3,3,3,3,2,54,46,14,14,0],"gold":14,"neow_bonus":"ONE_RANDOM_RARE_CARD","is_prod":false,"is_daily":false,"chose_seed":false,"campfire_upgraded":2,"win_rate":0,"timestamp":1553930762,"path_taken":["M","M","$","M","M","R","E","?","T","R","E","?","?","$","R","BOSS","M","?","$","M"],"build_version":"2019-01-23","purchased_purges":1,"victory":false,"max_hp_per_floor":[71,71,71,71,71,71,71,71,71,71,71,71,71,71,71,71,71,71,71,71,71],"card_choices":[{"not_picked":["Gash","Capacitor"],"picked":"Coolheaded","floor":1.0},{"not_picked":["Stack","Compile Driver"],"picked":"Capacitor","floor":2.0},{"not_picked":["Force Field","Rip and Tear","Genetic Algorithm"],"picked":"SKIP","floor":4.0},{"not_picked":["Force Field","Rip and Tear","Genetic Algorithm"],"picked":"SKIP","floor":4.0},{"not_picked":["Fusion","Barrage","Melter"],"picked":"SKIP","floor":5.0},{"not_picked":["Hello World","Reprogram"],"picked":"Turbo","floor":7.0},{"not_picked":["Steam","Coolheaded"],"picked":"Defragment","floor":11.0},{"not_picked":["Multi-Cast","Seek"],"picked":"Amplify","floor":16.0},{"not_picked":["Defragment","Steam Power+1"],"picked":"Heatsinks","floor":18.0},{"not_picked":["Conserve Battery","Beam Cell"],"picked":"Sweeping Beam+1","floor":19.0}],"player_experience":2891655,"relics_obtained":[{"floor":7.0,"key":"Whetstone"},{"floor":9.0,"key":"MawBank"},{"floor":11.0,"key":"Art of War"},{"floor":19.0,"key":"Red Mask"}],"event_choices":[{"damage_healed":0.0,"max_hp_gain":0.0,"max_hp_loss":0.0,"gold_gain":0.0,"cards_transformed":["Strike_B"],"event_name":"Living Wall","player_choice":"Change","floor":8.0,"gold_loss":0.0,"damage_taken":0.0,"cards_obtained":["Double Energy"]},{"damage_healed":0.0,"max_hp_gain":0.0,"max_hp_loss":0.0,"gold_gain":0.0,"event_name":"Shining Light","player_choice":"Ignored","floor":12.0,"gold_loss":0.0,"damage_taken":0.0},{"damage_healed":0.0,"max_hp_gain":0.0,"max_hp_loss":0.0,"gold_gain":150.0,"event_name":"Liars Game","player_choice":"AGREE","floor":13.0,"gold_loss":0.0,"damage_taken":0.0,"cards_obtained":["Doubt"]},{"damage_healed":0.0,"max_hp_gain":0.0,"max_hp_loss":0.0,"gold_gain":0.0,"event_name":"Masked Bandits","player_choice":"Fought Bandits","floor":19.0,"gold_loss":0.0,"damage_taken":0.0}],"is_beta":false,"boss_relics":[{"not_picked":["Ectoplasm","Busted Crown"],"picked":"Coffee Dripper"}],"items_purged_floors":[14],"is_endless":false,"potions_floor_spawned":[4,5,16],"killed_by":"Shell Parasite","ascension_level":20}