{"gold_per_floor":[115,128,53,53,27,27,44,44,44,44,78,96,56,81,81,160,160,177,192,31,31,42,42,53,53,130,130,130,130,55,74,74,151,151,162,162,62,62,78,104,104,134,134,134,163,163,181,201,201,201,201],"floor_reached":52,"playtime":4055,"items_purged":["Strike_G","Quick Slash+1"],"score":2142,"play_id":"36ab3b4a-bb7c-4add-9671-aa22e10aba6a","local_time":"20190112130431","is_ascension_mode":true,"campfire_choices":[{"data":"Quick Slash","floor":6.0,"key":"SMITH"},{"data":"Noxious Fumes","floor":8.0,"key":"SMITH"},{"data":"Neutralize","floor":10.0,"key":"SMITH"},{"data":"Deadly Poison","floor":15.0,"key":"SMITH"},{"data":"Adrenaline","floor":23.0,"key":"SMITH"},{"data":"Concentrate","floor":27.0,"key":"SMITH"},{"floor":32.0,"key":"REST"},{"floor":44.0,"key":"REST"},{"floor":49,"key":"RECALL"}],"neow_cost":"NONE","seed_source_timestamp":1622005065777,"circlet_count":0,"master_deck":["AscendersBane","Defend_G+1","Defend_G+1","Neutralize+1","Concentrate+1","Deadly Poison+1","Noxious Fumes+1","Caltrops+1","Adrenaline+1","After Image+1","Die Die Die+1","Outmaneuver+1","Leg Sweep","PiercingWail","Well Laid Plans+1","Backflip","After Image+1","Well Laid Plans+1"],"special_seed":0,"relics":["Ring of the Snake","Oddly Smooth Stone","Frozen Egg 2","Regal Pillow","War Paint","Astrolabe","Paper Crane","Nilry\u0027s Codex","Busted Crown","Incense Burner","Bronze Scales","The Courier"],"potions_floor_usage":[47,51],"damage_taken":[{"damage":0.0,"enemies":"Jaw Worm","floor":1.0,"turns":7.0},{"damage":0.0,"enemies":"2 Louse","floor":2.0,"turns":3.0},{"damage":2.0,"enemies":"Cultist","floor":7.0,"turns":5.0},{"damage":19.0,"enemies":"3 Sentries","floor":11.0,"turns":8.0},{"damage":18.0,"enemies":"Lots of Slimes","floor":12.0,"turns":4.0},{"damage":0.0,"enemies":"Looter","floor":13.0,"turns":4.0},{"damage":10.0,"enemies":"Lagavulin","floor":14.0,"turns":8.0},{"damage":13.0,"enemies":"The Guardian","floor":16.0,"turns":8.0},{"damage":0.0,"enemies":"3 Byrds","floor":18.0,"turns":5.0},{"damage":16.0,"enemies":"Chosen","floor":19.0,"turns":6.0},{"damage":0.0,"enemies":"Snecko","floor":22.0,"turns":5.0},{"damage":2.0,"enemies":"3 Cultists","floor":24.0,"turns":4.0},{"damage":0.0,"enemies":"Centurion and Healer","floor":31.0,"turns":6.0},{"damage":0.0,"enemies":"Automaton","floor":33.0,"turns":9.0},{"damage":0.0,"enemies":"Orb Walker","floor":35.0,"turns":5.0},{"damage":18.0,"enemies":"3 Darklings","floor":39.0,"turns":5.0},{"damage":0.0,"enemies":"Giant Head","floor":40.0,"turns":11.0},{"damage":20.0,"enemies":"Nemesis","floor":42.0,"turns":11.0},{"damage":0,"enemies":"Giant Head","floor":45,"turns":10},{"damage":7,"enemies":"Transient","floor":47,"turns":6},{"damage":2,"enemies":"Jaw Worm Horde","floor":48,"turns":5},{"damage":23,"enemies":"Time Eater","floor":50,"turns":14},{"damage":0,"enemies":"Awakened One","floor":51,"turns":14}],"seed_played":"-9026890747561847897","potions_obtained":[{"floor":1.0,"key":"AttackPotion"},{"floor":12.0,"key":"PowerPotion"},{"floor":19.0,"key":"Weak Potion"},{"floor":22.0,"key":"GhostInAJar"},{"floor":45,"key":"Fire Potion"}],"is_trial":false,"path_per_floor":["M","M","?","?","$","R","M","R","T","R","E","M","M","E","R","B",null,"M","M","$","?","M","R","M","$","T","R","?","?","?","M","R","B",null,"M","?","$","?","M","E","$","E","T","R","E","?","M","M","R","B","B",null],"character_chosen":"THE_SILENT","items_purchased":["Quick Slash","Well Laid Plans+1"],"campfire_rested":2,"item_purchase_floors":[5,20],"current_hp_per_floor":[59,59,59,64,64,64,62,62,62,62,43,25,25,15,15,2,54,54,38,38,38,38,38,36,36,36,36,36,15,15,15,51,51,66,66,66,66,66,48,48,48,28,28,64,64,64,57,55,55,32,32],"gold":201,"neow_bonus":"RANDOM_COMMON_RELIC","is_prod":false,"is_daily":false,"chose_seed":false,"campfire_upgraded":6,"win_rate":0,"timestamp":1547269471,"path_taken":["M","M","?","?","?","R","M","R","T","R","E","M","M","E","R","BOSS","M","M","$","?","?","R","M","?","T","R","?","?","?","?","R","BOSS","M","?","$","?","M","E","$","E","T","R","E","?","M","?","R","BOSS","BOSS"],"build_version":"2019-01-10","purchased_purges":2,"victory":true,"max_hp_per_floor":[66,66,66,71,71,71,71,71,71,71,71,71,71,71,71,71,71,71,71,71,71,71,71,71,71,71,71,71,71,71,71,71,71,71,71,71,71,71,71,71,71,71,71,71,71,67,67,67,67,67,67],"card_choices":[{"not_picked":["Dagger Throw","Sucker Punch"],"picked":"Concentrate","floor":1.0},{"not_picked":["Dodge and Roll","Endless Agony"],"picked":"Deadly Poison","floor":2.0},{"not_picked":["Slice","Underhanded Strike"],"picked":"Noxious Fumes","floor":7.0},{"not_picked":["Dash","Bane","Eviscerate"],"picked":"SKIP","floor":11.0},{"not_picked":["Quick Slash","Distraction","Underhanded Strike"],"picked":"SKIP","floor":12.0},{"not_picked":["Quick Slash","Distraction","Underhanded Strike"],"picked":"SKIP","floor":12.0},{"not_picked":["Quick Slash","Distraction","Underhanded Strike"],"picked":"SKIP","floor":12.0},{"not_picked":["Sucker Punch","Dagger Spray","Deadly Poison"],"picked":"SKIP","floor":13.0},{"not_picked":["Quick Slash","Dash"],"picked":"Caltrops+1","floor":14.0},{"not_picked":["Unload","Burst"],"picked":"Adrenaline","floor":16.0},{"not_picked":["Deflect","Accuracy+1"],"picked":"Leg Sweep","floor":18.0},{"not_picked":["Flechettes","PiercingWail","Quick Slash"],"picked":"SKIP","floor":19.0},{"not_picked":["Flechettes","Quick Slash"],"picked":"PiercingWail","floor":19.0},{"not_picked":["Quick Slash","Skewer"],"picked":"Backflip","floor":22.0},{"not_picked":["Flying Knee","Masterful Stab","Backstab"],"picked":"SKIP","floor":24.0},{"not_picked":["Skewer","Underhanded Strike","Blade Dance"],"picked":"SKIP","floor":31.0},{"not_picked":["Glass Knife","Envenom+1"],"picked":"After Image+1","floor":33.0},{"not_picked":["Concentrate"],"picked":"SKIP","floor":35.0},{"not_picked":["Poisoned Stab"],"picked":"SKIP","floor":39.0},{"not_picked":["Outmaneuver"],"picked":"SKIP","floor":40.0},{"not_picked":["Dagger Spray"],"picked":"SKIP","floor":42.0},{"not_picked":["Bane+1"],"picked":"SKIP","floor":45},{"not_picked":["Bane+1"],"picked":"SKIP","floor":45},{"not_picked":["Deflect"],"picked":"SKIP","floor":47},{"not_picked":["Well Laid Plans+1"],"picked":"SKIP","floor":48},{"not_picked":[],"picked":"Well Laid Plans+1","floor":48}],"player_experience":2516898,"relics_obtained":[{"floor":9.0,"key":"Frozen Egg 2"},{"floor":11.0,"key":"Regal Pillow"},{"floor":14.0,"key":"War Paint"},{"floor":26.0,"key":"Paper Crane"},{"floor":29.0,"key":"Nilry\u0027s Codex"},{"floor":40.0,"key":"Incense Burner"},{"floor":42.0,"key":"Bronze Scales"},{"floor":45,"key":"The Courier"}],"event_choices":[{"cards_removed":["Strike_G"],"damage_healed":0.0,"max_hp_gain":0.0,"max_hp_loss":0.0,"gold_gain":0.0,"event_name":"The Cleric","player_choice":"Card Removal","floor":3.0,"gold_loss":75.0,"damage_taken":0.0},{"damage_healed":0.0,"max_hp_gain":5.0,"max_hp_loss":0.0,"gold_gain":0.0,"event_name":"Big Fish","player_choice":"Donut","floor":4.0,"gold_loss":0.0,"damage_taken":0.0},{"cards_removed":["Defend_G"],"damage_healed":0.0,"max_hp_gain":0.0,"max_hp_loss":0.0,"gold_gain":0.0,"event_name":"Purifier","player_choice":"Purged","floor":21.0,"gold_loss":0.0,"damage_taken":0.0},{"cards_removed":["Defend_G"],"damage_healed":0.0,"max_hp_gain":0.0,"max_hp_loss":0.0,"gold_gain":0.0,"event_name":"Back to Basics","player_choice":"Elegance","floor":28.0,"gold_loss":0.0,"damage_taken":0.0},{"damage_healed":0.0,"max_hp_gain":0.0,"max_hp_loss":0.0,"gold_gain":0.0,"event_name":"Cursed Tome","player_choice":"Obtained Book","floor":29.0,"gold_loss":0.0,"damage_taken":21.0},{"cards_removed":["Defend_G"],"damage_healed":0.0,"max_hp_gain":0.0,"max_hp_loss":0.0,"gold_gain":0.0,"event_name":"Beggar","player_choice":"Gave Gold","floor":30.0,"gold_loss":75.0,"damage_taken":0.0},{"damage_healed":0.0,"max_hp_gain":0.0,"max_hp_loss":0.0,"gold_gain":0.0,"event_name":"Tomb of Lord Red Mask","player_choice":"Ignored","floor":36.0,"gold_loss":0.0,"damage_taken":0.0},{"cards_removed":["Survivor"],"damage_healed":0.0,"max_hp_gain":0.0,"max_hp_loss":0.0,"gold_gain":0.0,"event_name":"Falling","player_choice":"Removed Skill","floor":38.0,"gold_loss":0.0,"damage_taken":0.0},{"damage_healed":0,"gold_gain":0,"player_choice":"Max HP","damage_taken":0,"max_hp_gain":0,"max_hp_loss":4,"event_name":"Winding Halls","floor":46,"gold_loss":0}],"is_beta":false,"boss_relics":[{"not_picked":["Sozu","Lizard Tail"],"picked":"Astrolabe"},{"not_picked":["Empty Cage","WristBlade"],"picked":"Busted Crown"}],"items_purged_floors":[20,37],"is_endless":false,"potions_floor_spawned":[1,12,19,22,24,35,45],"ascension_level":20}