{"gold_per_floor":[209,227,302,240,253,21,21,47,47,74,90,8,8,8,8,85,85,105,105,105,117,127,127,144,144,144,163,163,198,198,216,216,216],"floor_reached":33,"playtime":1961,"items_purged":[],"score":536,"play_id":"8d8521f0-c76c-4a73-b3a7-de3d4c3d0118","local_time":"20180912221329","is_ascension_mode":true,"campfire_choices":[{"data":"Zap","floor":7.0,"key":"SMITH"},{"floor":13.0,"key":"REST"},{"data":"Go for the Eyes","floor":15.0,"key":"SMITH"},{"floor":23.0,"key":"REST"},{"floor":25.0,"key":"REST"},{"data":"Cold Snap","floor":28.0,"key":"SMITH"},{"floor":30.0,"key":"REST"},{"floor":32,"key":"REST"}],"neow_cost":"NONE","seed_source_timestamp":51541117482114,"circlet_count":0,"master_deck":["Strike_B","Strike_B","Strike_B","Strike_B","Defend_B","Defend_B","Defend_B","Defend_B","Zap+1","Dualcast","AscendersBane","Cold Snap","Go for the Eyes+1","Compile Driver","Biased Cognition","Rip and Tear","Auto Shields","Capacitor+1","Creative AI+1","Cold Snap+1","Conserve Battery+1","Rip and Tear+1","Stack+1","Fission","Leap"],"special_seed":0,"relics":["Cracked Core","Torii","Happy Flower","PreservedInsect","Frozen Egg 2","Darkstone Periapt","Snecko Eye","Omamori","Bottled Flame","Pantograph"],"potions_floor_usage":[],"damage_taken":[{"damage":9.0,"enemies":"Jaw Worm","floor":1.0,"turns":3.0},{"damage":1.0,"enemies":"2 Louse","floor":2.0,"turns":2.0},{"damage":0.0,"enemies":"Cultist","floor":5.0,"turns":3.0},{"damage":18.0,"enemies":"3 Sentries","floor":8.0,"turns":7.0},{"damage":8.0,"enemies":"Gremlin Nob","floor":10.0,"turns":3.0},{"damage":0.0,"enemies":"Blue Slaver","floor":11.0,"turns":2.0},{"damage":27.0,"enemies":"The Guardian","floor":16.0,"turns":10.0},{"damage":13.0,"enemies":"Spheric Guardian","floor":18.0,"turns":4.0},{"damage":10.0,"enemies":"Chosen","floor":21.0,"turns":6.0},{"damage":26.0,"enemies":"3 Cultists","floor":22.0,"turns":5.0},{"damage":1.0,"enemies":"Snecko","floor":24.0,"turns":6.0},{"damage":15.0,"enemies":"Sentry and Sphere","floor":27.0,"turns":8.0},{"damage":19.0,"enemies":"Book of Stabbing","floor":29.0,"turns":5.0},{"damage":36,"enemies":"Cultist and Chosen","floor":31,"turns":11},{"damage":79,"enemies":"Collector","floor":33,"turns":5}],"seed_played":"-8677341474182446718","potions_obtained":[{"floor":2.0,"key":"FocusPotion"},{"floor":8.0,"key":"Energy Potion"},{"floor":18.0,"key":"Explosive Potion"},{"floor":24.0,"key":"Fruit Juice"}],"is_trial":false,"path_per_floor":["M","M","?","?","M","$","R","E","T","E","M","$","R","?","R","B",null,"M","?","?","M","M","R","M","R","T","M","R","E","R","M","R"],"character_chosen":"DEFECT","items_purchased":["Happy Flower","PowerPotion","Capacitor+1"],"campfire_rested":5,"item_purchase_floors":[6,6,12],"current_hp_per_floor":[55,54,43,43,43,43,43,25,25,17,17,17,38,38,38,11,56,43,49,49,39,13,36,40,64,64,49,49,30,54,18,42,0],"gold":216,"neow_bonus":"HUNDRED_GOLD","is_prod":false,"is_daily":false,"chose_seed":false,"campfire_upgraded":3,"win_rate":0,"timestamp":1536815609,"path_taken":["M","M","?","?","M","$","R","E","T","E","?","$","R","?","R","BOSS","M","?","?","M","M","R","M","R","T","M","R","E","R","M","R","BOSS"],"build_version":"2018-09-06","purchased_purges":0,"victory":false,"max_hp_per_floor":[71,71,71,71,71,71,71,71,71,71,71,71,71,71,71,71,71,71,77,77,77,77,77,82,82,82,82,82,82,82,82,82,82],"card_choices":[{"not_picked":["Coolheaded","Defragment"],"picked":"Cold Snap","floor":1.0},{"not_picked":["Conserve Battery","Stack"],"picked":"Go for the Eyes","floor":2.0},{"not_picked":["Leap","Blizzard"],"picked":"Compile Driver","floor":5.0},{"not_picked":["Barrage","Scrape"],"picked":"Biased Cognition","floor":8.0},{"not_picked":["Tempest","Sweeping Beam"],"picked":"Rip and Tear","floor":10.0},{"not_picked":["Hello World+1","Reinforced Body"],"picked":"Auto Shields","floor":11.0},{"not_picked":["All For One","Seek"],"picked":"Creative AI+1","floor":16.0},{"not_picked":["Reinforced Body","Streamline"],"picked":"Cold Snap","floor":18.0},{"not_picked":["Darkness","Turbo"],"picked":"Conserve Battery+1","floor":21.0},{"not_picked":["Auto Shields","Gash"],"picked":"Rip and Tear+1","floor":22.0},{"not_picked":["Genetic Algorithm","Go for the Eyes"],"picked":"Stack+1","floor":24.0},{"not_picked":["Turbo","Hello World+1","Redo"],"picked":"SKIP","floor":27.0},{"not_picked":["Beam Cell","Steam"],"picked":"Fission","floor":29.0},{"not_picked":["Go for the Eyes","Hello World+1"],"picked":"Leap","floor":31}],"player_experience":1119610,"relics_obtained":[{"floor":8.0,"key":"PreservedInsect"},{"floor":9.0,"key":"Frozen Egg 2"},{"floor":10.0,"key":"Darkstone Periapt"},{"floor":26.0,"key":"Bottled Flame"},{"floor":29.0,"key":"Pantograph"}],"event_choices":[{"event_name":"World of Goop","player_choice":"Gather Gold","floor":3.0,"damage_taken":0.0},{"event_name":"WeMeetAgain","player_choice":"Gold","floor":4.0,"damage_taken":0.0},{"event_name":"Liars Game","player_choice":"disagreed","floor":14.0,"damage_taken":0.0},{"event_name":"The Mausoleum","player_choice":"Yes","floor":19.0,"damage_taken":0.0},{"event_name":"Fountain of Cleansing","player_choice":"Removed Curse","floor":20.0,"damage_taken":0.0}],"is_beta":false,"boss_relics":[{"not_picked":["Velvet Choker","Runic Pyramid"],"picked":"Snecko Eye"}],"items_purged_floors":[],"is_endless":false,"potions_floor_spawned":[2,8,11,16,18,24],"killed_by":"Collector","ascension_level":19}