{"gold_per_floor":[115,129,129,129,179,179,196,222,249,289,376,400,444,469,481,566,578,608,620,632,659,175,175,210,223,277,302,319,319,353,370,370,370],"floor_reached":33,"playtime":1245,"items_purged":["Pain"],"score":569,"play_id":"ae343c18-98f1-4f43-8af7-22f39d4d5a6a","local_time":"20181102110901","is_ascension_mode":true,"campfire_choices":[{"data":"Bash","floor":6.0,"key":"SMITH"},{"floor":15.0,"key":"REST"},{"floor":23.0,"key":"REST"},{"floor":32.0,"key":"REST"}],"neow_cost":"NONE","seed_source_timestamp":85813823480096,"circlet_count":0,"master_deck":["AscendersBane","Strike_R+1","Strike_R","Strike_R","Strike_R","Defend_R","Defend_R","Defend_R+1","Defend_R","Bash+1","Cleave+1","Inflame","Power Through","Pummel","Battle Trance+1","Exhume","Pummel","Decay","Evolve","Pommel Strike","True Grit","Pommel Strike","Feed","Shrug It Off","Metallicize","Intimidate+1","Pommel Strike+1"],"special_seed":0,"relics":["Burning Blood","Anchor","Smiling Mask","MawBank","Lantern","Du-Vu Doll","Philosopher\u0027s Stone","WarpedTongs","Medical Kit","Vajra","War Paint","Centennial Puzzle","Unceasing Top","Art of War"],"potions_floor_usage":[],"damage_taken":[{"damage":0.0,"enemies":"Small Slimes","floor":1.0,"turns":3.0},{"damage":2.0,"enemies":"Jaw Worm","floor":2.0,"turns":5.0},{"damage":1.0,"enemies":"Cultist","floor":7.0,"turns":4.0},{"damage":17.0,"enemies":"Gremlin Nob","floor":8.0,"turns":4.0},{"damage":10.0,"enemies":"Lagavulin","floor":10.0,"turns":7.0},{"damage":0.0,"enemies":"2 Fungi Beasts","floor":12.0,"turns":2.0},{"damage":30.0,"enemies":"3 Sentries","floor":13.0,"turns":8.0},{"damage":0.0,"enemies":"3 Louse","floor":14.0,"turns":3.0},{"damage":39.0,"enemies":"Slime Boss","floor":16.0,"turns":10.0},{"damage":21.0,"enemies":"Shell Parasite","floor":18.0,"turns":5.0},{"damage":9.0,"enemies":"2 Thieves","floor":21.0,"turns":3.0},{"damage":24.0,"enemies":"Book of Stabbing","floor":24.0,"turns":4.0},{"damage":0.0,"enemies":"Centurion and Healer","floor":25.0,"turns":3.0},{"damage":12.0,"enemies":"Slavers","floor":27.0,"turns":4.0},{"damage":3.0,"enemies":"3 Cultists","floor":28.0,"turns":3.0},{"damage":27.0,"enemies":"Book of Stabbing","floor":30.0,"turns":3.0},{"damage":7.0,"enemies":"Cultist and Chosen","floor":31.0,"turns":4.0},{"damage":65,"enemies":"Champ","floor":33,"turns":11}],"seed_played":"-7526504657434882393","potions_obtained":[{"floor":1.0,"key":"Block Potion"},{"floor":7.0,"key":"GamblersBrew"},{"floor":13.0,"key":"GamblersBrew"},{"floor":18.0,"key":"Weak Potion"},{"floor":24.0,"key":"SpeedPotion"}],"is_trial":false,"path_per_floor":["M","M","?","?","?","R","M","E","T","E","?","M","E","M","R","B",null,"M","?","?","M","$","R","E","M","T","E","M","?","E","M","R","B"],"character_chosen":"IRONCLAD","items_purchased":["Medical Kit","Vajra","Pommel Strike","True Grit"],"campfire_rested":3,"item_purchase_floors":[22,22,22,22],"current_hp_per_floor":[74,75,52,52,52,52,57,46,46,42,31,37,13,19,41,8,58,43,43,43,40,40,62,44,50,50,44,50,50,29,28,51,0],"gold":370,"neow_bonus":"RANDOM_COMMON_RELIC","is_prod":false,"is_daily":false,"chose_seed":false,"campfire_upgraded":1,"win_rate":0,"timestamp":1541182141,"path_taken":["M","M","?","?","?","R","?","E","T","E","?","M","E","M","R","BOSS","M","?","?","M","$","R","E","M","T","E","?","?","E","M","R","BOSS"],"build_version":"2018-11-01","purchased_purges":1,"victory":false,"max_hp_per_floor":[75,75,75,75,75,75,75,75,75,75,75,75,75,75,75,75,75,75,75,75,75,75,75,75,75,75,75,78,78,78,78,78,78],"card_choices":[{"not_picked":["Seeing Red","Bloodletting","Burning Pact"],"picked":"SKIP","floor":1.0},{"not_picked":["True Grit","Rage"],"picked":"Cleave","floor":2.0},{"not_picked":["Wild Strike","Dropkick"],"picked":"Inflame","floor":7.0},{"not_picked":["Havoc","Metallicize"],"picked":"Power Through","floor":8.0},{"not_picked":["Body Slam","Sentinel"],"picked":"Pummel","floor":10.0},{"not_picked":["Sever Soul","Flex"],"picked":"Battle Trance","floor":12.0},{"not_picked":["Intimidate","Seeing Red","Dual Wield"],"picked":"SKIP","floor":13.0},{"not_picked":["Flex","Wild Strike","Searing Blow"],"picked":"SKIP","floor":14.0},{"not_picked":["Juggernaut","Brutality"],"picked":"Exhume","floor":16.0},{"not_picked":["Dropkick+1","Iron Wave"],"picked":"Pummel","floor":18.0},{"not_picked":["Ghostly Armor+1","Rupture"],"picked":"Evolve","floor":21.0},{"not_picked":["Warcry","Iron Wave"],"picked":"Pommel Strike","floor":24.0},{"not_picked":["Warcry","Body Slam+1","Heavy Blade"],"picked":"SKIP","floor":25.0},{"not_picked":["Carnage","Iron Wave"],"picked":"Feed","floor":27.0},{"not_picked":["Pommel Strike","Reckless Charge"],"picked":"Shrug It Off","floor":28.0},{"not_picked":["Sever Soul+1","Dual Wield"],"picked":"Intimidate+1","floor":30.0},{"not_picked":["Infernal Blade","Blood for Blood"],"picked":"Pommel Strike+1","floor":31.0}],"player_experience":1557112,"relics_obtained":[{"floor":8.0,"key":"Smiling Mask"},{"floor":9.0,"key":"MawBank"},{"floor":10.0,"key":"Lantern"},{"floor":13.0,"key":"Du-Vu Doll"},{"floor":24.0,"key":"War Paint"},{"floor":26.0,"key":"Centennial Puzzle"},{"floor":27.0,"key":"Unceasing Top"},{"floor":30.0,"key":"Art of War"}],"event_choices":[{"damage_healed":0.0,"max_hp_gain":0.0,"max_hp_loss":0.0,"gold_gain":0.0,"event_name":"Shining Light","player_choice":"Entered Light","floor":3.0,"gold_loss":0.0,"damage_taken":23.0,"cards_upgraded":["Strike_R","Cleave"]},{"damage_healed":0.0,"max_hp_gain":0.0,"max_hp_loss":0.0,"gold_gain":0.0,"event_name":"Liars Game","player_choice":"Ignored","floor":4.0,"gold_loss":0.0,"damage_taken":0.0},{"damage_healed":0.0,"max_hp_gain":0.0,"max_hp_loss":0.0,"gold_gain":50.0,"event_name":"Golden Shrine","player_choice":"Pray","floor":5.0,"gold_loss":0.0,"damage_taken":0.0},{"damage_healed":0.0,"max_hp_gain":0.0,"max_hp_loss":0.0,"gold_gain":75.0,"event_name":"World of Goop","player_choice":"Gather Gold","floor":11.0,"gold_loss":0.0,"damage_taken":11.0},{"damage_healed":0.0,"max_hp_gain":0.0,"max_hp_loss":0.0,"gold_gain":0.0,"event_name":"Forgotten Altar","player_choice":"Smashed Altar","floor":19.0,"gold_loss":0.0,"damage_taken":0.0,"cards_obtained":["Decay"]},{"damage_healed":0.0,"max_hp_gain":0.0,"max_hp_loss":0.0,"gold_gain":0.0,"event_name":"Accursed Blacksmith","player_choice":"Rummage","floor":20.0,"gold_loss":0.0,"damage_taken":0.0,"relics_obtained":["WarpedTongs"],"cards_obtained":["Pain"]},{"damage_healed":0.0,"max_hp_gain":0.0,"max_hp_loss":0.0,"gold_gain":0.0,"cards_transformed":["Strike_R"],"event_name":"Transmorgrifier","player_choice":"Transformed","floor":29.0,"gold_loss":0.0,"damage_taken":0.0,"cards_obtained":["Metallicize"]}],"is_beta":false,"boss_relics":[{"not_picked":["Lizard Tail","Tiny House"],"picked":"Philosopher\u0027s Stone"}],"items_purged_floors":[22],"is_endless":false,"potions_floor_spawned":[1,7,13,18,24,28],"killed_by":"Champ","ascension_level":15}