{"gold_per_floor":[118,118,118,41,60,60,95,95,95,118,118,136,61,86,86,176,176,189,189,189,213,213,213,233,266,266,266,284,284,319,344,344,344],"floor_reached":33,"playtime":1878,"items_purged":[],"score":603,"play_id":"a676145d-5fe1-49c5-ba9d-72824acbed29","local_time":"20190425014316","is_ascension_mode":true,"campfire_choices":[{"data":"Neutralize","floor":6.0,"key":"SMITH"},{"data":"Dagger Spray","floor":8.0,"key":"SMITH"},{"data":"Accuracy","floor":11.0,"key":"SMITH"},{"data":"Poisoned Stab","floor":15.0,"key":"SMITH"},{"data":"Cloak And Dagger","floor":23.0,"key":"SMITH"},{"floor":27.0,"key":"REST"},{"floor":29.0,"key":"REST"},{"floor":32,"key":"REST"}],"neow_cost":"NONE","seed_source_timestamp":22646130434604,"circlet_count":0,"master_deck":["AscendersBane","Survivor","Neutralize+1","Dagger Spray+1","PiercingWail","Accuracy+1","Poisoned Stab+1","Corpse Explosion","Tools of the Trade","Riddle With Holes","Backflip","Underhanded Strike","Cloak And Dagger+1","Well Laid Plans","Quick Slash","Wraith Form v2","Prepared","Cloak And Dagger","PiercingWail","Night Terror","Ghostly","Ghostly","Ghostly","Footwork","Blade Dance","After Image","Calculated Gamble","Leg Sweep"],"special_seed":0,"relics":["Ring of the Snake","NeowsBlessing","Golden Idol","Happy Flower","Dodecahedron","Pandora\u0027s Box","Smiling Mask","Vajra","Mercury Hourglass"],"potions_floor_usage":[],"damage_taken":[{"damage":0.0,"enemies":"Cultist","floor":1.0,"turns":1.0},{"damage":0.0,"enemies":"Small Slimes","floor":5.0,"turns":1.0},{"damage":0.0,"enemies":"3 Sentries","floor":7.0,"turns":1.0},{"damage":4.0,"enemies":"Jaw Worm","floor":10.0,"turns":4.0},{"damage":1.0,"enemies":"Large Slime","floor":12.0,"turns":8.0},{"damage":5.0,"enemies":"3 Louse","floor":14.0,"turns":3.0},{"damage":28.0,"enemies":"The Guardian","floor":16.0,"turns":16.0},{"damage":7.0,"enemies":"3 Byrds","floor":18.0,"turns":3.0},{"damage":11.0,"enemies":"2 Thieves","floor":21.0,"turns":4.0},{"damage":0.0,"enemies":"Centurion and Healer","floor":24.0,"turns":5.0},{"damage":19.0,"enemies":"Gremlin Leader","floor":25.0,"turns":10.0},{"damage":9.0,"enemies":"Snake Plant","floor":28.0,"turns":6.0},{"damage":3.0,"enemies":"Slavers","floor":30.0,"turns":4.0},{"damage":1,"enemies":"Shelled Parasite and Fungi","floor":31,"turns":6},{"damage":40,"enemies":"Automaton","floor":33,"turns":12}],"seed_played":"-5943840937042464066","potions_obtained":[{"floor":1.0,"key":"Ancient Potion"},{"floor":5.0,"key":"Dexterity Potion"},{"floor":16.0,"key":"Ancient Potion"}],"is_trial":false,"path_per_floor":["M","$","?","$","M","R","E","R","T","M","R","M","?","M","R","B",null,"M","?","?","M","?","R","M","E","T","R","M","R","E","M","R","B"],"character_chosen":"THE_SILENT","items_purchased":["Well Laid Plans"],"campfire_rested":3,"item_purchase_floors":[4],"current_hp_per_floor":[59,59,59,59,59,59,59,59,59,55,55,54,54,49,49,21,55,48,48,33,22,22,22,22,3,3,12,3,12,9,8,17,0],"gold":344,"neow_bonus":"THREE_ENEMY_KILL","is_prod":false,"is_daily":false,"chose_seed":false,"campfire_upgraded":5,"win_rate":0,"timestamp":1556149396,"path_taken":["M","?","?","$","M","R","E","R","T","?","R","M","?","M","R","BOSS","M","?","?","?","?","R","M","E","T","R","M","R","E","M","R","BOSS"],"build_version":"2019-01-23","purchased_purges":0,"victory":false,"max_hp_per_floor":[66,66,66,66,66,66,66,66,66,66,66,66,66,66,66,66,66,66,66,33,33,33,33,33,33,33,33,33,33,33,33,33,33],"card_choices":[{"not_picked":["Poisoned Stab","Flying Knee"],"picked":"Dagger Spray","floor":1.0},{"not_picked":["Underhanded Strike","Crippling Poison"],"picked":"PiercingWail","floor":5.0},{"not_picked":["Reflex","Well Laid Plans","Tactician"],"picked":"SKIP","floor":7.0},{"not_picked":["Calculated Gamble","All Out Attack"],"picked":"Accuracy","floor":10.0},{"not_picked":["Masterful Stab","Expertise","Eviscerate"],"picked":"SKIP","floor":12.0},{"not_picked":["Quick Slash","Setup"],"picked":"Poisoned Stab","floor":14.0},{"not_picked":["Tools of the Trade","Adrenaline"],"picked":"Corpse Explosion","floor":16.0},{"not_picked":["Flying Knee","Blade Dance"],"picked":"Cloak And Dagger","floor":18.0},{"not_picked":["Dodge and Roll","Quick Slash+1"],"picked":"Footwork","floor":21.0},{"not_picked":["Underhanded Strike","Outmaneuver"],"picked":"Blade Dance","floor":24.0},{"not_picked":["Blade Dance+1","Masterful Stab"],"picked":"After Image","floor":25.0},{"not_picked":["Calculated Gamble","Quick Slash","Underhanded Strike"],"picked":"SKIP","floor":28.0},{"not_picked":["Quick Slash","Underhanded Strike"],"picked":"Calculated Gamble","floor":28.0},{"not_picked":["Setup","Venomology","Distraction"],"picked":"SKIP","floor":30.0},{"not_picked":["Sucker Punch","Deadly Poison"],"picked":"Leg Sweep","floor":31}],"player_experience":732204,"relics_obtained":[{"floor":7.0,"key":"Happy Flower"},{"floor":9.0,"key":"Dodecahedron"},{"floor":25.0,"key":"Smiling Mask"},{"floor":26.0,"key":"Vajra"},{"floor":30.0,"key":"Mercury Hourglass"}],"event_choices":[{"damage_healed":0.0,"max_hp_gain":0.0,"max_hp_loss":0.0,"gold_gain":0.0,"event_name":"Golden Idol","player_choice":"Take Wound","floor":3.0,"gold_loss":0.0,"damage_taken":0.0,"relics_obtained":["Golden Idol"],"cards_obtained":["Injury"]},{"cards_removed":["Injury"],"damage_healed":0.0,"max_hp_gain":0.0,"max_hp_loss":0.0,"gold_gain":0.0,"event_name":"The Cleric","player_choice":"Card Removal","floor":13.0,"gold_loss":75.0,"damage_taken":0.0},{"damage_healed":0.0,"max_hp_gain":0.0,"max_hp_loss":0.0,"gold_gain":0.0,"cards_transformed":["Well Laid Plans","Corpse Explosion"],"event_name":"Drug Dealer","player_choice":"Became Test Subject","floor":19.0,"gold_loss":0.0,"damage_taken":0.0,"cards_obtained":["PiercingWail","Night Terror"]},{"damage_healed":0.0,"max_hp_gain":0.0,"max_hp_loss":33.0,"gold_gain":0.0,"event_name":"Ghosts","player_choice":"Became a Ghost","floor":20.0,"gold_loss":0.0,"damage_taken":0.0,"cards_obtained":["Ghostly","Ghostly","Ghostly"]},{"damage_healed":0.0,"max_hp_gain":0.0,"max_hp_loss":0.0,"gold_gain":0.0,"event_name":"The Mausoleum","player_choice":"Ignored","floor":22.0,"gold_loss":0.0,"damage_taken":0.0}],"is_beta":false,"boss_relics":[{"not_picked":["WristBlade","Eternal Feather"],"picked":"Pandora\u0027s Box"}],"items_purged_floors":[],"is_endless":false,"potions_floor_spawned":[1,5,10,14,16,18,25,28],"killed_by":"Automaton","ascension_level":16}