{"gold_per_floor":[116,128,143,31,206,206,221,234,257,257,275,291,303,84,84,181,181,201,217,43,43,43,77,77,92,92,92,19,0,0,0,0,99,99,117,144,161,7,7,7,25,25,25,41,41,41,53,67,67,67],"floor_reached":50,"playtime":2324,"items_purged":["Strike_G","Strike_G"],"score":499,"play_id":"6bc8a0ba-0c44-4ab6-82e3-576dfab2e772","local_time":"20180716215918","is_ascension_mode":true,"campfire_choices":[{"data":"Eviscerate","floor":6,"key":"SMITH"},{"data":"Noxious Fumes","floor":10,"key":"SMITH"},{"data":"Choke","floor":15,"key":"SMITH"},{"data":"Leg Sweep","floor":24,"key":"SMITH"},{"floor":27,"key":"REST"},{"data":"A Thousand Cuts","floor":32,"key":"SMITH"},{"floor":40,"key":"REST"},{"floor":42,"key":"REST"},{"floor":46,"key":"REST"},{"floor":49,"key":"REST"}],"neow_cost":"NONE","seed_source_timestamp":481438232485431,"circlet_count":0,"master_deck":["Defend_G","Defend_G","Defend_G","Defend_G","Strike_G","Strike_G","Survivor+1","Neutralize","Dagger Spray","Choke+1","Underhanded Strike","Eviscerate+1","Noxious Fumes+1","Doubt","Doppelganger","A Thousand Cuts+1","Leg Sweep+1","Malaise","Catalyst","Corpse Explosion","Writhe","Normality","Regret","Deadly Poison+1","Predator+1","Crippling Poison","Deadly Poison+1"],"relics":["Snecko Eye","War Paint","Juzu Bracelet","Sozu","Lantern","Mercury Hourglass","Calling Bell","Ancient Tea Set","Ninja Scroll","Ginger","Snake Skull","Regal Pillow","Girya"],"potions_floor_usage":[16,23,47],"damage_taken":[{"damage":0,"enemies":"2 Louse","floor":1,"turns":4},{"damage":0,"enemies":"Jaw Worm","floor":2,"turns":4},{"damage":0,"enemies":"Small Slimes","floor":3,"turns":3},{"damage":4,"enemies":"2 Fungi Beasts","floor":7,"turns":3},{"damage":3,"enemies":"Blue Slaver","floor":8,"turns":2},{"damage":6,"enemies":"3 Louse","floor":11,"turns":2},{"damage":3,"enemies":"Exordium Thugs","floor":12,"turns":3},{"damage":4,"enemies":"Lots of Slimes","floor":13,"turns":4},{"damage":37,"enemies":"Hexaghost","floor":16,"turns":9},{"damage":3,"enemies":"Chosen","floor":18,"turns":3},{"damage":1,"enemies":"3 Byrds","floor":19,"turns":4},{"damage":25,"enemies":"Book of Stabbing","floor":23,"turns":6},{"damage":7,"enemies":"Centurion and Healer","floor":25,"turns":6},{"damage":31,"enemies":"Automaton","floor":33,"turns":9},{"damage":20,"enemies":"3 Darklings","floor":35,"turns":4},{"damage":20,"enemies":"3 Shapes","floor":37,"turns":3},{"damage":24,"enemies":"Maw","floor":41,"turns":6},{"damage":68,"enemies":"Spire Growth","floor":44,"turns":5},{"damage":4,"enemies":"Flame Bruiser 2 Orb","floor":47,"turns":3},{"damage":10,"enemies":"4 Shapes","floor":48,"turns":4},{"damage":60,"enemies":"Time Eater","floor":50,"turns":6}],"seed_played":"-2984517652215619271","potions_obtained":[{"floor":11,"key":"Strength Potion"},{"floor":12,"key":"Poison Potion"},{"floor":16,"key":"SpeedPotion"}],"is_trial":false,"path_per_floor":["M","M","M","$","?","R","M","M","T","R","M","M","M","$","R","B",null,"M","M","$","?","$","E","R","M","T","R","$","?","?","?","R","B",null,"M","T","M","$","?","R","M","R","T","M","$","R","M","M","R"],"character_chosen":"THE_SILENT","items_purchased":["Eviscerate","Noxious Fumes","Juzu Bracelet","Leg Sweep","Catalyst","Regal Pillow"],"campfire_rested":5,"item_purchase_floors":[4,4,14,20,28,38],"current_hp_per_floor":[70,70,70,70,70,70,66,63,63,63,57,54,50,50,50,13,70,67,66,66,66,66,41,41,34,34,55,55,55,55,55,55,24,70,50,50,30,30,30,66,42,70,70,2,2,38,34,24,60,0],"gold":67,"neow_bonus":"BOSS_RELIC","is_prod":false,"is_daily":false,"chose_seed":false,"campfire_upgraded":5,"win_rate":0,"timestamp":1531771158,"path_taken":["M","M","M","$","?","R","M","M","T","R","M","M","M","$","R","BOSS","M","M","$","?","$","E","R","M","T","R","?","?","?","?","R","BOSS","M","?","M","$","?","R","M","R","T","M","$","R","M","M","R","BOSS"],"build_version":"2018-07-12","purchased_purges":2,"victory":false,"max_hp_per_floor":[70,70,70,70,70,70,70,70,70,70,70,70,70,70,70,70,70,70,70,70,70,70,70,70,70,70,70,70,70,70,70,70,70,70,70,70,70,70,70,70,70,70,70,70,70,70,70,70,70,70],"card_choices":[{"not_picked":["Outmaneuver","Setup"],"picked":"Dagger Spray","floor":1},{"not_picked":["Deadly Poison","Dagger Spray"],"picked":"Choke","floor":2},{"not_picked":["Dodge and Roll","Poisoned Stab"],"picked":"Underhanded Strike","floor":3},{"not_picked":["Setup","All Out Attack","Outmaneuver"],"picked":"SKIP","floor":7},{"not_picked":["Flying Knee","Acrobatics","Heel Hook"],"picked":"SKIP","floor":8},{"not_picked":["Deflect","Backflip","Underhanded Strike"],"picked":"SKIP","floor":11},{"not_picked":["Outmaneuver","Bane"],"picked":"Doppelganger","floor":12},{"not_picked":["Dodge and Roll","Setup","Backflip"],"picked":"SKIP","floor":13},{"not_picked":["After Image","Phantasmal Killer"],"picked":"A Thousand Cuts","floor":16},{"not_picked":["Deadly Poison","Escape Plan","Prepared"],"picked":"SKIP","floor":18},{"not_picked":["Sucker Punch","Deadly Poison","Dagger Throw+1"],"picked":"SKIP","floor":19},{"not_picked":["Skewer","Concentrate"],"picked":"Malaise","floor":23},{"not_picked":["Prepared","Outmaneuver+1","Endless Agony"],"picked":"SKIP","floor":25},{"not_picked":["Burst","A Thousand Cuts"],"picked":"Corpse Explosion","floor":33},{"not_picked":["Underhanded Strike","Blade Dance+1","Acrobatics"],"picked":"SKIP","floor":35},{"not_picked":["Deflect+1","Finisher+1"],"picked":"Deadly Poison+1","floor":37},{"not_picked":["Slice","Dagger Throw+1","Accuracy"],"picked":"SKIP","floor":41},{"not_picked":["Setup+1","Accuracy"],"picked":"Predator+1","floor":44},{"not_picked":["Flying Knee","Backflip"],"picked":"Crippling Poison","floor":47},{"not_picked":["Escape Plan+1","Cloak And Dagger"],"picked":"Deadly Poison+1","floor":48}],"player_experience":144961,"relics_obtained":[{"floor":9,"key":"War Paint"},{"floor":23,"key":"Lantern"},{"floor":26,"key":"Mercury Hourglass"},{"floor":34,"key":"Ancient Tea Set"},{"floor":34,"key":"Ninja Scroll"},{"floor":34,"key":"Ginger"},{"floor":36,"key":"Snake Skull"},{"floor":43,"key":"Girya"}],"event_choices":[{"event_name":"Liars Game","player_choice":"agreed","floor":5,"damage_taken":0},{"event_name":"Beggar","player_choice":"Ignored","floor":21,"damage_taken":0},{"event_name":"Masked Bandits","player_choice":"Paid Bandits 19 gold","floor":29,"damage_taken":0},{"event_name":"Purifier","player_choice":"One Purge","floor":30,"damage_taken":0},{"event_name":"Drug Dealer","player_choice":"Ignored","floor":31,"damage_taken":0},{"event_name":"Falling","player_choice":"Removed Skill","floor":39,"damage_taken":0}],"boss_relics":[{"not_picked":["Ectoplasm","Black Star"],"picked":"Sozu"},{"not_picked":["White Beast Statue","Coffee Dripper"],"picked":"Calling Bell"}],"items_purged_floors":[14,20],"is_endless":false,"potions_floor_spawned":[11,12,16,18,19,23,37,44],"killed_by":"Time Eater","ascension_level":2}