{"gold_per_floor":[10,10,26,41,41,41,74,74,74,103,278,293,293,2,2,105,105,122,136,155,169,268,268,268,268,268,302,316,316,327,358,358,455,455,467,467,567,789,346,346,377,377,431,431,83,110,35,54,54,54],"floor_reached":51,"playtime":1854,"items_purged":["Strike_B","Writhe"],"score":879,"play_id":"66037c5c-b4b1-4438-84a1-7b0356ea3cab","local_time":"25611110004754","is_ascension_mode":true,"campfire_choices":[{"data":"Streamline","floor":6.0,"key":"SMITH"},{"floor":8.0,"key":"REST"},{"data":"Defragment","floor":15.0,"key":"SMITH"},{"floor":23.0,"key":"REST"},{"floor":25.0,"key":"REST"},{"floor":29.0,"key":"REST"},{"floor":32.0,"key":"REST"},{"data":"White Noise","floor":40.0,"key":"SMITH"},{"floor":42.0,"key":"REST"},{"data":"Amplify","floor":44.0,"key":"SMITH"},{"data":"Consume","floor":49,"key":"SMITH"}],"neow_cost":"NO_GOLD","seed_source_timestamp":32807131703434,"circlet_count":0,"master_deck":["Strike_B","Defend_B","Defend_B+1","Zap","Dualcast+1","Doom and Gloom","Conserve Battery","Rebound","Streamline+1","Defragment+1","Conserve Battery","Core Surge","Self Repair+1","Coolheaded","Bandage Up","Electrodynamics+1","Go for the Eyes+1","Hello World+1","Consume+1","Defragment+1","White Noise+1","Coolheaded+1","Amplify+1","Streamline+1","Leap+1","Static Discharge+1","Capacitor+1","White Noise+1"],"special_seed":0,"relics":["Cracked Core","Frozen Egg 2","Pantograph","Boot","Inserter","Gremlin Horn","Matryoshka","Red Mask","Empty Cage","FossilizedHelix","ClockworkSouvenir","Orichalcum","Shuriken","Lantern","Strawberry","Runic Capacitor","Nunchaku"],"potions_floor_usage":[50,50,50],"damage_taken":[{"damage":8.0,"enemies":"Jaw Worm","floor":1.0,"turns":4.0},{"damage":1.0,"enemies":"Small Slimes","floor":3.0,"turns":3.0},{"damage":0.0,"enemies":"2 Louse","floor":4.0,"turns":2.0},{"damage":20.0,"enemies":"3 Sentries","floor":7.0,"turns":6.0},{"damage":22.0,"enemies":"Gremlin Nob","floor":10.0,"turns":4.0},{"damage":0.0,"enemies":"Looter","floor":12.0,"turns":2.0},{"damage":38.0,"enemies":"Slime Boss","floor":16.0,"turns":11.0},{"damage":0.0,"enemies":"Chosen","floor":18.0,"turns":4.0},{"damage":44.0,"enemies":"Shell Parasite","floor":19.0,"turns":5.0},{"damage":13.0,"enemies":"3 Cultists","floor":20.0,"turns":3.0},{"damage":27.0,"enemies":"Snake Plant","floor":21.0,"turns":5.0},{"damage":19.0,"enemies":"Gremlin Leader","floor":24.0,"turns":4.0},{"damage":68.0,"enemies":"Slavers","floor":27.0,"turns":6.0},{"damage":29.0,"enemies":"Centurion and Healer","floor":28.0,"turns":5.0},{"damage":25.0,"enemies":"Sentry and Sphere","floor":30.0,"turns":7.0},{"damage":4.0,"enemies":"Masked Bandits","floor":31.0,"turns":3.0},{"damage":30.0,"enemies":"Collector","floor":33.0,"turns":8.0},{"damage":32.0,"enemies":"3 Shapes","floor":35.0,"turns":5.0},{"damage":0.0,"enemies":"Mind Bloom Boss Battle","floor":37.0,"turns":5.0},{"damage":60.0,"enemies":"Giant Head","floor":41.0,"turns":11.0},{"damage":27.0,"enemies":"Reptomancer","floor":46.0,"turns":5.0},{"damage":24,"enemies":"Orb Walker","floor":48,"turns":4},{"damage":50,"enemies":"Donu and Deca","floor":50,"turns":4}],"seed_played":"-8661255909259737855","potions_obtained":[{"floor":1.0,"key":"LiquidBronze"},{"floor":7.0,"key":"EssenceOfSteel"},{"floor":12.0,"key":"SmokeBomb"},{"floor":21.0,"key":"Regen Potion"},{"floor":27.0,"key":"PowerPotion"},{"floor":30.0,"key":"Explosive Potion"},{"floor":31.0,"key":"Fire Potion"},{"floor":33.0,"key":"Fire Potion"},{"floor":37.0,"key":"Dexterity Potion"},{"floor":41.0,"key":"Dexterity Potion"}],"is_trial":false,"path_per_floor":["M","?","M","M","?","R","E","R","T","E","?","M","?","$","R","B",null,"M","M","M","M","?","R","E","R","T","E","M","R","M","?","R","B",null,"M","?","?","?","$","R","E","R","T","R","$","E","$","M","R","B",null],"character_chosen":"DEFECT","items_purchased":["Coolheaded","FocusPotion","Bandage Up","ClockworkSouvenir","Orichalcum","Runic Capacitor","Static Discharge+1","FocusPotion","Capacitor+1"],"campfire_rested":6,"item_purchase_floors":[14,14,14,39,39,45,45,45,47],"current_hp_per_floor":[67,52,51,51,56,56,36,60,60,38,38,38,38,38,38,39,80,80,50,51,38,38,62,53,77,77,37,22,46,35,41,65,64,80,62,80,80,80,80,80,34,58,65,65,65,62,62,52,52,31],"gold":54,"neow_bonus":"TRANSFORM_TWO_CARDS","is_prod":false,"is_daily":false,"chose_seed":false,"campfire_upgraded":5,"win_rate":0,"timestamp":1541785674,"path_taken":["M","?","M","M","?","R","E","R","T","E","?","M","?","$","R","BOSS","M","M","M","M","?","R","E","R","T","E","M","R","M","?","R","BOSS","M","?","?","?","$","R","E","R","T","R","?","E","$","?","R","BOSS"],"build_version":"2018-11-08","purchased_purges":2,"victory":true,"max_hp_per_floor":[75,75,75,75,80,80,80,80,80,80,80,80,80,80,80,80,80,80,80,80,80,80,80,80,80,80,80,80,80,80,80,80,80,80,80,80,80,80,80,80,80,80,87,87,87,87,87,87,87,87],"card_choices":[{"not_picked":["Recycle","Compile Driver"],"picked":"Rebound","floor":1.0},{"not_picked":["Ball Lightning","Recycle"],"picked":"Streamline","floor":3.0},{"not_picked":["Conserve Battery","Cold Snap"],"picked":"Defragment","floor":4.0},{"not_picked":["Coolheaded","Stack"],"picked":"Conserve Battery","floor":7.0},{"not_picked":["Compile Driver","Coolheaded"],"picked":"Core Surge","floor":10.0},{"not_picked":["Rebound","White Noise"],"picked":"Self Repair+1","floor":12.0},{"not_picked":["Reboot","Machine Learning+1"],"picked":"Electrodynamics+1","floor":16.0},{"not_picked":["Storm+1","Turbo"],"picked":"Go for the Eyes+1","floor":18.0},{"not_picked":["Lockon","Beam Cell+1"],"picked":"Hello World+1","floor":19.0},{"not_picked":["Beam Cell","Doom and Gloom"],"picked":"Consume","floor":20.0},{"not_picked":["Rebound+1","Hologram"],"picked":"Defragment+1","floor":21.0},{"not_picked":["Chill","Compile Driver+1","Redo"],"picked":"SKIP","floor":27.0},{"not_picked":["Steam","Coolheaded"],"picked":"White Noise","floor":28.0},{"not_picked":["Fusion+1","Cold Snap"],"picked":"Coolheaded+1","floor":30.0},{"not_picked":["Reboot","Meteor Strike"],"picked":"Amplify","floor":33.0},{"not_picked":["Ball Lightning","Barrage+1","Rebound+1"],"picked":"SKIP","floor":35.0},{"not_picked":["Turbo+1","Beam Cell"],"picked":"Streamline+1","floor":37.0},{"not_picked":["Genetic Algorithm+1","Rainbow"],"picked":"Leap+1","floor":41.0},{"not_picked":["BootSequence","Blizzard+1","Doom and Gloom+1"],"picked":"SKIP","floor":46.0},{"not_picked":["Leap","Tempest"],"picked":"White Noise+1","floor":48}],"player_experience":95686,"relics_obtained":[{"floor":7.0,"key":"Frozen Egg 2"},{"floor":9.0,"key":"Pantograph"},{"floor":10.0,"key":"Boot"},{"floor":26.0,"key":"Gremlin Horn"},{"floor":27.0,"key":"Matryoshka"},{"floor":31.0,"key":"Red Mask"},{"floor":37.0,"key":"FossilizedHelix"},{"floor":41.0,"key":"Shuriken"},{"floor":43.0,"key":"Lantern"},{"floor":43.0,"key":"Strawberry"},{"floor":46.0,"key":"Nunchaku"}],"event_choices":[{"damage_healed":0.0,"max_hp_gain":0.0,"max_hp_loss":0.0,"gold_gain":0.0,"event_name":"Shining Light","player_choice":"Entered Light","floor":2.0,"gold_loss":0.0,"damage_taken":15.0,"cards_upgraded":["Dualcast","Defend_B"]},{"damage_healed":0.0,"max_hp_gain":5.0,"max_hp_loss":0.0,"gold_gain":0.0,"event_name":"Big Fish","player_choice":"Donut","floor":5.0,"gold_loss":0.0,"damage_taken":0.0},{"damage_healed":0.0,"max_hp_gain":0.0,"max_hp_loss":0.0,"gold_gain":175.0,"event_name":"Liars Game","player_choice":"AGREE","floor":11.0,"gold_loss":0.0,"damage_taken":0.0,"cards_obtained":["Doubt"]},{"cards_removed":["Doubt"],"damage_healed":0.0,"max_hp_gain":0.0,"max_hp_loss":0.0,"gold_gain":0.0,"event_name":"Living Wall","player_choice":"Forget","floor":13.0,"gold_loss":0.0,"damage_taken":0.0},{"damage_healed":0.0,"max_hp_gain":0.0,"max_hp_loss":0.0,"gold_gain":99.0,"event_name":"Nest","player_choice":"Stole From Cult","floor":22.0,"gold_loss":0.0,"damage_taken":0.0},{"damage_healed":0.0,"max_hp_gain":0.0,"max_hp_loss":0.0,"gold_gain":0.0,"event_name":"Masked Bandits","player_choice":"Fought Bandits","floor":31.0,"gold_loss":0.0,"damage_taken":0.0},{"damage_healed":20.0,"max_hp_gain":0.0,"max_hp_loss":0.0,"gold_gain":0.0,"event_name":"Winding Halls","player_choice":"Writhe","floor":36.0,"gold_loss":0.0,"damage_taken":0.0,"cards_obtained":["Writhe"]},{"damage_healed":0.0,"max_hp_gain":0.0,"max_hp_loss":0.0,"gold_gain":0.0,"event_name":"MindBloom","player_choice":"Fight","floor":37.0,"gold_loss":0.0,"damage_taken":0.0},{"damage_healed":0.0,"max_hp_gain":0.0,"max_hp_loss":0.0,"gold_gain":222.0,"event_name":"Tomb of Lord Red Mask","player_choice":"Wore Mask","floor":38.0,"gold_loss":0.0,"damage_taken":0.0}],"is_beta":false,"boss_relics":[{"not_picked":["Pandora\u0027s Box","Velvet Choker"],"picked":"Inserter"},{"not_picked":["White Beast Statue","Astrolabe"],"picked":"Empty Cage"}],"items_purged_floors":[14,39],"is_endless":false,"potions_floor_spawned":[1,7,12,21,27,30,31,33,37,41,48],"ascension_level":3}