{"gold_per_floor":[113,124,124,124,124,162,87,106,136,175,198,229,229,270,270,360,360,376,63,113,113,156,192,192,225,251,292,292,332,247,283,283,376,376,400,290,333,347,91,127,127,170,247,285,165,199,324,324,324,324,324,324,324,62,101,101],"floor_reached":57,"playtime":3525,"items_purged":["Pain","Rip and Tear","Redo","Coolheaded","Go for the Eyes"],"score":4068,"play_id":"7cc64f0e-8e8a-439d-8c14-6010e647bc18","local_time":"20190313000730","daily_mods":["SealedDeck","DeadlyEvents","Elite Swarm"],"is_ascension_mode":true,"campfire_choices":[{"data":"Consume","floor":13.0,"key":"SMITH"},{"data":"Creative AI","floor":15.0,"key":"SMITH"},{"data":"Seek","floor":24.0,"key":"SMITH"},{"floor":28.0,"key":"REST"},{"data":"Coolheaded","floor":32.0,"key":"SMITH"},{"data":"Biased Cognition","floor":41.0,"key":"SMITH"},{"floor":49.0,"key":"RECALL"},{"data":"Reboot","floor":53.0,"key":"SMITH"}],"neow_cost":"","seed_source_timestamp":0,"circlet_count":0,"master_deck":["AscendersBane","Chill","Hologram","Double Energy","Turbo+1","Glacier","Biased Cognition+1","Electrodynamics","Coolheaded+1","Creative AI+1","Meteor Strike","Seek+1","Self Repair","Reboot+1","Fission","Skim","Machine Learning","Echo Form","Multi-Cast+1"],"special_seed":0,"relics":["Cracked Core","Blue Candle","Golden Idol","WarpedTongs","Incense Burner","Tiny Chest","Oddly Smooth Stone","Mummified Hand","Bottled Tornado","Orrery","OrangePellets","Lantern","The Courier","Pantograph","Art of War","Happy Flower","PreservedInsect","Letter Opener","Pen Nib","DataDisk","Empty Cage","Mango","Anchor","Bird Faced Urn","Gremlin Horn","Singing Bowl","Bronze Scales","Mercury Hourglass","Peace Pipe","Toxic Egg 2","Membership Card","Blood Vial"],"potions_floor_usage":[56,56],"damage_taken":[{"damage":0.0,"enemies":"Cultist","floor":1.0,"turns":3.0},{"damage":0.0,"enemies":"2 Louse","floor":2.0,"turns":2.0},{"damage":1.0,"enemies":"Lagavulin","floor":6.0,"turns":7.0},{"damage":0.0,"enemies":"Small Slimes","floor":8.0,"turns":3.0},{"damage":21.0,"enemies":"3 Sentries","floor":10.0,"turns":15.0},{"damage":5.0,"enemies":"Exordium Thugs","floor":11.0,"turns":4.0},{"damage":0.0,"enemies":"Lagavulin","floor":12.0,"turns":7.0},{"damage":2.0,"enemies":"3 Sentries","floor":14.0,"turns":3.0},{"damage":0.0,"enemies":"The Guardian","floor":16.0,"turns":6.0},{"damage":17.0,"enemies":"3 Byrds","floor":18.0,"turns":4.0},{"damage":15.0,"enemies":"Gremlin Leader","floor":22.0,"turns":4.0},{"damage":17.0,"enemies":"Slavers","floor":23.0,"turns":3.0},{"damage":4.0,"enemies":"Book of Stabbing","floor":25.0,"turns":3.0},{"damage":22.0,"enemies":"Gremlin Leader","floor":27.0,"turns":5.0},{"damage":0.0,"enemies":"Book of Stabbing","floor":29.0,"turns":4.0},{"damage":12.0,"enemies":"Slavers","floor":31.0,"turns":2.0},{"damage":0.0,"enemies":"Champ","floor":33.0,"turns":9.0},{"damage":0.0,"enemies":"3 Shapes","floor":35.0,"turns":1.0},{"damage":0.0,"enemies":"Giant Head","floor":37.0,"turns":5.0},{"damage":0.0,"enemies":"Orb Walker","floor":38.0,"turns":4.0},{"damage":1.0,"enemies":"Nemesis","floor":40.0,"turns":3.0},{"damage":0.0,"enemies":"Reptomancer","floor":42.0,"turns":1.0},{"damage":0.0,"enemies":"Nemesis","floor":44.0,"turns":7.0},{"damage":0.0,"enemies":"Reptomancer","floor":46.0,"turns":1.0},{"damage":0.0,"enemies":"Mind Bloom Boss Battle","floor":47.0,"turns":1.0},{"damage":0.0,"enemies":"Time Eater","floor":50.0,"turns":4.0},{"damage":0.0,"enemies":"Donu and Deca","floor":51.0,"turns":3.0},{"damage":0.0,"enemies":"Shield and Spear","floor":55.0,"turns":1.0},{"damage":32,"enemies":"The Heart","floor":56,"turns":5}],"seed_played":"-8558475549567172403","potions_obtained":[{"floor":2.0,"key":"FocusPotion"},{"floor":8.0,"key":"Energy Potion"},{"floor":18.0,"key":"PowerPotion"},{"floor":27.0,"key":"EssenceOfSteel"}],"is_trial":true,"path_per_floor":["M","M","T","?","?","E","$","M","T","E","M","E","R","E","R","B",null,"M","$","T","T","E","E","R","E","T","E","R","E","?","E","R","B",null,"M","?","E","M","$","E","R","E","T","E","$","E","?","T","R","B","B",null,"R","$","E","B",null],"character_chosen":"DEFECT","items_purchased":["OrangePellets","Skim","Anchor","Membership Card"],"campfire_rested":1,"item_purchase_floors":[19,39,39,54],"current_hp_per_floor":[64,64,64,64,64,63,63,63,63,42,37,37,37,35,35,35,57,50,50,50,50,45,38,38,41,41,29,48,55,55,43,43,64,64,64,64,78,78,78,78,78,78,78,80,80,80,82,82,82,82,82,82,82,82,82,64],"gold":101,"neow_bonus":"","is_prod":false,"is_daily":false,"chose_seed":false,"campfire_upgraded":6,"win_rate":0,"timestamp":1552406850,"path_taken":["M","M","?","?","?","E","$","M","T","E","M","E","R","E","R","BOSS","M","$","?","?","?","E","R","E","T","E","R","E","?","E","R","BOSS","M","?","?","M","$","E","R","E","T","E","$","E","?","?","R","BOSS","BOSS","R","$","E","BOSS"],"build_version":"2019-01-23","purchased_purges":5,"victory":true,"max_hp_per_floor":[71,71,71,64,64,64,64,64,64,64,64,64,64,64,64,64,64,64,64,64,64,64,64,64,64,64,64,64,64,64,64,64,64,64,64,64,78,78,78,78,78,78,78,80,80,80,82,82,82,82,82,82,82,82,82,82],"card_choices":[{"not_picked":["Compile Driver","Storm"],"picked":"Consume","floor":1.0},{"not_picked":["Auto Shields","Hologram","Rip and Tear"],"picked":"SKIP","floor":2.0},{"not_picked":["Auto Shields","Hologram","Rip and Tear"],"picked":"SKIP","floor":2.0},{"not_picked":["Auto Shields","Hologram","Rip and Tear"],"picked":"SKIP","floor":2.0},{"not_picked":["Multi-Cast","Creative AI"],"picked":"Biased Cognition","floor":6.0},{"not_picked":["Sweeping Beam","Beam Cell","Hologram"],"picked":"SKIP","floor":8.0},{"not_picked":["Creative AI","Biased Cognition"],"picked":"Electrodynamics","floor":10.0},{"not_picked":["Melter","Streamline"],"picked":"Coolheaded","floor":11.0},{"not_picked":["Multi-Cast","Seek"],"picked":"Creative AI","floor":12.0},{"not_picked":["Electrodynamics","Hyperbeam"],"picked":"Meteor Strike","floor":14.0},{"not_picked":["Multi-Cast","Reboot"],"picked":"Seek","floor":16.0},{"not_picked":["Redo","Compile Driver"],"picked":"Self Repair","floor":17.0},{"not_picked":["Beam Cell","Ball Lightning"],"picked":"Coolheaded","floor":17.0},{"not_picked":["Streamline","Static Discharge","Force Field+1"],"picked":"SKIP","floor":18.0},{"not_picked":["Amplify","Hyperbeam","Creative AI"],"picked":"SKIP","floor":22.0},{"not_picked":["Amplify","Hyperbeam","Creative AI"],"picked":"SKIP","floor":22.0},{"not_picked":["Creative AI","Buffer","Machine Learning"],"picked":"SKIP","floor":23.0},{"not_picked":["All For One","Thunder Strike","Seek"],"picked":"SKIP","floor":25.0},{"not_picked":["Multi-Cast","Rainbow"],"picked":"Reboot","floor":27.0},{"not_picked":["Amplify","Multi-Cast"],"picked":"Fission","floor":29.0},{"not_picked":["Creative AI","Multi-Cast","All For One"],"picked":"SKIP","floor":31.0},{"not_picked":["Hologram","Sweeping Beam","Rebound"],"picked":"SKIP","floor":35.0},{"not_picked":["Multi-Cast","Thunder Strike","Rainbow"],"picked":"SKIP","floor":37.0},{"not_picked":["Double Energy","Ball Lightning+1","Compile Driver"],"picked":"SKIP","floor":38.0},{"not_picked":["Thunder Strike","Seek","Electrodynamics"],"picked":"SKIP","floor":40.0},{"not_picked":["Biased Cognition","Seek"],"picked":"Machine Learning","floor":42.0},{"not_picked":["Reboot","Machine Learning","Buffer"],"picked":"Singing Bowl","floor":44.0},{"not_picked":["All For One","Biased Cognition"],"picked":"Echo Form","floor":46.0},{"not_picked":["Reprogram","Scrape+1","Sweeping Beam"],"picked":"Singing Bowl","floor":47.0},{"not_picked":["All For One","Creative AI"],"picked":"Multi-Cast+1","floor":55.0}],"player_experience":2806816,"relics_obtained":[{"floor":3.0,"key":"Blue Candle"},{"floor":6.0,"key":"Incense Burner"},{"floor":9.0,"key":"Tiny Chest"},{"floor":10.0,"key":"Oddly Smooth Stone"},{"floor":12.0,"key":"Mummified Hand"},{"floor":14.0,"key":"Bottled Tornado"},{"floor":20.0,"key":"Lantern"},{"floor":22.0,"key":"The Courier"},{"floor":23.0,"key":"Pantograph"},{"floor":25.0,"key":"Art of War"},{"floor":26.0,"key":"Happy Flower"},{"floor":27.0,"key":"PreservedInsect"},{"floor":29.0,"key":"Letter Opener"},{"floor":31.0,"key":"DataDisk"},{"floor":37.0,"key":"Mango"},{"floor":40.0,"key":"Bird Faced Urn"},{"floor":42.0,"key":"Gremlin Horn"},{"floor":43.0,"key":"Singing Bowl"},{"floor":44.0,"key":"Bronze Scales"},{"floor":46.0,"key":"Mercury Hourglass"},{"floor":47.0,"key":"Peace Pipe"},{"floor":48.0,"key":"Toxic Egg 2"},{"floor":55.0,"key":"Blood Vial"}],"event_choices":[{"damage_healed":0.0,"max_hp_gain":0.0,"max_hp_loss":7.0,"gold_gain":0.0,"event_name":"Golden Idol","player_choice":"Lose Max HP","floor":4.0,"gold_loss":0.0,"damage_taken":0.0,"relics_obtained":["Golden Idol"]},{"damage_healed":0.0,"max_hp_gain":0.0,"max_hp_loss":0.0,"gold_gain":0.0,"event_name":"Accursed Blacksmith","player_choice":"Rummage","floor":5.0,"gold_loss":0.0,"damage_taken":0.0,"relics_obtained":["WarpedTongs"],"cards_obtained":["Pain"]},{"damage_healed":0.0,"max_hp_gain":0.0,"max_hp_loss":0.0,"gold_gain":0.0,"event_name":"Addict","player_choice":"Obtained Relic","floor":30.0,"gold_loss":85.0,"damage_taken":0.0,"relics_obtained":["Pen Nib"]},{"cards_removed":["Cold Snap"],"damage_healed":0.0,"max_hp_gain":0.0,"max_hp_loss":0.0,"gold_gain":0.0,"event_name":"Designer","player_choice":"Upgrade and Remove","floor":36.0,"gold_loss":110.0,"damage_taken":0.0,"cards_upgraded":["Turbo"]},{"damage_healed":0.0,"max_hp_gain":0.0,"max_hp_loss":0.0,"gold_gain":0.0,"event_name":"MindBloom","player_choice":"Fight","floor":47.0,"gold_loss":0.0,"damage_taken":0.0}],"is_beta":false,"boss_relics":[{"not_picked":["FrozenCore","Ectoplasm"],"picked":"Orrery"},{"not_picked":["Philosopher\u0027s Stone","Runic Dome"],"picked":"Empty Cage"}],"items_purged_floors":[7,19,39,45,54],"is_endless":false,"potions_floor_spawned":[2,8,10,12,14,18,27,33,38,42,44,46],"ascension_level":20}