{"gold_per_floor":[109,119,119,69,69,94,94,111,134,309,320,62,73,103,103,203,203,220,170,186,186,201,201,229,241,291,291,291,291,307,327,327,428,428,444,81,81,81,92,92,112,131,131,131,149,99,99,99],"floor_reached":48,"playtime":6175,"items_purged":["Doubt","Warcry","Shame","Parasite"],"score":538,"play_id":"b0b08e8c-862d-4f60-a571-4a270d4ed644","local_time":"20190323164144","is_ascension_mode":true,"campfire_choices":[{"floor":15,"key":"REST"},{"data":"Double Tap","floor":23,"key":"SMITH"},{"data":"Whirlwind","floor":28,"key":"SMITH"},{"data":"Rage","floor":32,"key":"SMITH"},{"data":"Apotheosis","floor":40,"key":"SMITH"},{"data":"Immolate","floor":44,"key":"SMITH"},{"data":"Rampage","floor":47,"key":"SMITH"}],"neow_cost":"NONE","seed_source_timestamp":17170415726642,"circlet_count":0,"master_deck":["Strike_R","Strike_R","Strike_R","Defend_R","Defend_R","Defend_R","Defend_R","Bash","Rage+1","Whirlwind+1","Thunderclap","Rampage+1","Clash","Double Tap+1","Clash+1","Uppercut+1","Metallicize+1","Impervious","Immolate+1","Apotheosis+1","Cleave+1","Wild Strike+1"],"relics":["Burning Blood","Boot","Gremlin Horn","Smiling Mask","ClockworkSouvenir","Bag of Marbles","Sozu","Nloth\u0027s Gift","Lantern","PreservedInsect","Blue Candle","Bottled Flame","Mark of Pain","Bronze Scales","Mummified Hand","Regal Pillow"],"potions_floor_usage":[14,24],"damage_taken":[{"damage":0,"enemies":"Jaw Worm","floor":1,"turns":1},{"damage":0,"enemies":"Small Slimes","floor":2,"turns":1},{"damage":0,"enemies":"Lagavulin","floor":6,"turns":1},{"damage":1,"enemies":"Cultist","floor":8,"turns":3},{"damage":1,"enemies":"Looter","floor":11,"turns":4},{"damage":2,"enemies":"Blue Slaver","floor":13,"turns":5},{"damage":24,"enemies":"Gremlin Nob","floor":14,"turns":5},{"damage":42,"enemies":"The Guardian","floor":16,"turns":14},{"damage":10,"enemies":"Spheric Guardian","floor":18,"turns":4},{"damage":0,"enemies":"Chosen","floor":20,"turns":3},{"damage":14,"enemies":"Centurion and Healer","floor":22,"turns":4},{"damage":0,"enemies":"Gremlin Leader","floor":24,"turns":4},{"damage":0,"enemies":"Sentry and Sphere","floor":25,"turns":4},{"damage":6,"enemies":"Chosen and Byrds","floor":30,"turns":3},{"damage":1,"enemies":"Snake Plant","floor":31,"turns":2},{"damage":45,"enemies":"Champ","floor":33,"turns":14},{"damage":0,"enemies":"Orb Walker","floor":35,"turns":1},{"damage":0,"enemies":"3 Shapes","floor":39,"turns":1},{"damage":3,"enemies":"Writhing Mass","floor":41,"turns":5},{"damage":0,"enemies":"3 Darklings","floor":42,"turns":1},{"damage":5,"enemies":"4 Shapes","floor":45,"turns":1},{"damage":82,"enemies":"Transient","floor":48,"turns":5}],"seed_played":"-1465004801473956897","potions_obtained":[{"floor":1,"key":"Fire Potion"},{"floor":6,"key":"Energy Potion"},{"floor":8,"key":"Weak Potion"}],"is_trial":false,"path_per_floor":["M","M","$","?","?","E","?","M","T","?","M","$","M","E","R","B",null,"M","$","M","?","M","R","E","M","T","?","R","T","M","M","R","B",null,"M","$","?","?","M","R","M","M","T","R","M","$","R","M"],"character_chosen":"IRONCLAD","items_purchased":["ClockworkSouvenir","Apotheosis","Bronze Scales"],"campfire_rested":1,"item_purchase_floors":[12,36,36],"current_hp_per_floor":[80,80,80,80,77,80,80,80,80,80,80,80,80,62,80,44,80,76,76,80,80,72,72,78,80,80,80,80,80,80,80,80,41,80,80,80,80,80,80,80,80,80,80,80,80,77,77,0],"gold":99,"neow_bonus":"THREE_ENEMY_KILL","is_prod":false,"is_daily":false,"chose_seed":false,"campfire_upgraded":6,"win_rate":0,"timestamp":1553359304,"path_taken":["M","M","$","?","?","E","?","?","T","?","M","$","M","E","R","BOSS","M","$","M","?","?","R","E","?","T","?","R","?","?","M","R","BOSS","M","$","?","?","M","R","M","?","T","R","M","$","R","M"],"build_version":"2019-01-23","purchased_purges":4,"victory":false,"max_hp_per_floor":[80,80,80,80,80,80,80,80,80,80,80,80,80,80,80,80,80,80,80,80,80,80,80,80,80,80,80,80,80,80,80,80,80,80,80,80,80,80,80,80,80,80,80,80,80,77,77,77],"card_choices":[{"not_picked":["Pommel Strike","Entrench"],"picked":"Rage","floor":1},{"not_picked":["Cleave","Pommel Strike"],"picked":"Whirlwind","floor":2},{"not_picked":["Warcry","True Grit"],"picked":"Thunderclap","floor":6},{"not_picked":["Reckless Charge","Berserk"],"picked":"Shrug It Off","floor":8},{"not_picked":["Anger","True Grit"],"picked":"Rampage","floor":11},{"not_picked":["Warcry","True Grit","Shrug It Off"],"picked":"SKIP","floor":13},{"not_picked":["Disarm","Flame Barrier"],"picked":"Clash","floor":14},{"not_picked":["Limit Break","Dark Embrace"],"picked":"Double Tap","floor":16},{"not_picked":["Clothesline","Sword Boomerang"],"picked":"Clash+1","floor":18},{"not_picked":["Headbutt","Cleave"],"picked":"Uppercut+1","floor":20},{"not_picked":["Searing Blow","True Grit"],"picked":"Metallicize+1","floor":22},{"not_picked":["Pommel Strike","Reckless Charge+1"],"picked":"Impervious","floor":24},{"not_picked":["Clothesline","Evolve","Iron Wave"],"picked":"SKIP","floor":25},{"not_picked":["True Grit","Pommel Strike","Thunderclap"],"picked":"SKIP","floor":30},{"not_picked":["Intimidate","Havoc","Bloodletting"],"picked":"SKIP","floor":31},{"not_picked":["Fiend Fire","Barricade"],"picked":"Immolate","floor":33},{"not_picked":["Shrug It Off","Reckless Charge","Bloodletting"],"picked":"SKIP","floor":35},{"not_picked":["Twin Strike","Offering"],"picked":"Cleave+1","floor":39},{"not_picked":["Headbutt+1","Burning Pact","Wild Strike+1"],"picked":"SKIP","floor":41},{"not_picked":["Burning Pact+1","Thunderclap","Battle Trance+1"],"picked":"SKIP","floor":42},{"not_picked":["Reaper","Clash"],"picked":"Wild Strike+1","floor":45}],"player_experience":409191,"relics_obtained":[{"floor":6,"key":"Gremlin Horn"},{"floor":9,"key":"Smiling Mask"},{"floor":14,"key":"Bag of Marbles"},{"floor":24,"key":"Lantern"},{"floor":26,"key":"PreservedInsect"},{"floor":29,"key":"Bottled Flame"},{"floor":43,"key":"Regal Pillow"}],"event_choices":[{"cards_removed":["Strike_R"],"damage_healed":0,"gold_gain":0,"player_choice":"Card Removal","damage_taken":0,"max_hp_gain":0,"max_hp_loss":0,"event_name":"The Cleric","floor":4,"gold_loss":50},{"damage_healed":0,"gold_gain":0,"player_choice":"Success","damage_taken":3,"relics_obtained":["Boot"],"max_hp_gain":0,"max_hp_loss":0,"event_name":"Scrap Ooze","floor":5,"gold_loss":0},{"damage_healed":0,"gold_gain":0,"cards_transformed":["Strike_R"],"player_choice":"Transformed","damage_taken":0,"max_hp_gain":0,"max_hp_loss":0,"event_name":"Transmorgrifier","floor":7,"gold_loss":0,"cards_obtained":["Warcry"]},{"damage_healed":0,"gold_gain":175,"player_choice":"AGREE","damage_taken":0,"max_hp_gain":0,"max_hp_loss":0,"event_name":"Liars Game","floor":10,"gold_loss":0,"cards_obtained":["Doubt"]},{"damage_healed":0,"gold_gain":0,"player_choice":"Traded Relic","damage_taken":0,"relics_obtained":["Nloth\u0027s Gift"],"max_hp_gain":0,"max_hp_loss":0,"event_name":"N\u0027loth","floor":21,"relics_lost":["NeowsBlessing"],"gold_loss":0},{"damage_healed":0,"gold_gain":0,"player_choice":"Stole Relic","damage_taken":0,"relics_obtained":["Blue Candle"],"max_hp_gain":0,"max_hp_loss":0,"event_name":"Addict","floor":27,"gold_loss":0,"cards_obtained":["Shame"]},{"cards_removed":["Shrug It Off"],"damage_healed":0,"gold_gain":0,"player_choice":"Removed Skill","damage_taken":0,"max_hp_gain":0,"max_hp_loss":0,"event_name":"Falling","floor":37,"gold_loss":0},{"damage_healed":0,"gold_gain":0,"player_choice":"Gave Potion","damage_taken":0,"relics_obtained":["Mummified Hand"],"max_hp_gain":0,"max_hp_loss":0,"event_name":"WeMeetAgain","floor":38,"gold_loss":0}],"is_beta":false,"boss_relics":[{"not_picked":["Philosopher\u0027s Stone","Orrery"],"picked":"Sozu"},{"not_picked":["Tiny House","Calling Bell"],"picked":"Mark of Pain"}],"items_purged_floors":[12,19,36,46],"is_endless":false,"potions_floor_spawned":[1,6,8,11,18,24,25,33,35,42,45],"killed_by":"Transient","ascension_level":1}