{"gold_per_floor":[112,112,127,147,172,212,212,256,256,11,35,74,90,114,114,245,245,264,288,309,323,323,367,367,408,408,408,52,52,90,103,103,231,231,252,322,322,356,23,23,23,63,63,83,83,11,29,43,43,63],"floor_reached":50,"playtime":7211,"items_purged":["Clash"],"score":585,"play_id":"46bba22f-90eb-4fde-8d2a-8986c3c6ec8c","local_time":"20190509162438","is_ascension_mode":false,"campfire_choices":[{"data":"Body Slam","floor":7,"key":"SMITH"},{"floor":15,"key":"RECALL"},{"data":"Barricade","floor":24,"key":"SMITH"},{"floor":27,"key":"REST"},{"floor":32,"key":"REST"},{"data":"Discovery","floor":40,"key":"SMITH"},{"data":"Offering","floor":45,"key":"SMITH"},{"floor":49,"key":"REST"}],"neow_cost":"NONE","seed_source_timestamp":22157548251053,"circlet_count":0,"master_deck":["Strike_R+1","Strike_R+1","Strike_R+1","Strike_R+1","Strike_R+1","Defend_R+1","Defend_R+1","Defend_R+1","Defend_R+1","Bash","Twin Strike+1","Ghostly Armor","Headbutt","Body Slam+1","Armaments","Blind","Armaments","Headbutt","Barricade+1","Body Slam+1","Power Through","Battle Trance","Juggernaut","Clash+1","Intimidate","Evolve+1","Battle Trance","HandOfGreed","Bloodletting","Power Through","Feed","Shrug It Off+1","Offering+1","Entrench","HandOfGreed","Discovery+1","Panacea","Purity","Transmutation","Clothesline+1","Corruption+1","Shockwave+1","Bloodletting"],"relics":["Black Blood","Golden Idol","Lantern","Magic Flower","Ginger","Anchor","Pantograph","Omamori","Whetstone","Frozen Egg 2","Membership Card","Incense Burner","Mark of Pain","Strawberry","Pen Nib"],"potions_floor_usage":[6,6,6,12,16,18,21,25,33,50,50],"damage_taken":[{"damage":3,"enemies":"Small Slimes","floor":1,"turns":3},{"damage":1,"enemies":"Jaw Worm","floor":3,"turns":3},{"damage":2,"enemies":"2 Louse","floor":4,"turns":2},{"damage":0,"enemies":"Looter","floor":5,"turns":3},{"damage":19,"enemies":"3 Sentries","floor":6,"turns":10},{"damage":14,"enemies":"Gremlin Nob","floor":8,"turns":4},{"damage":0,"enemies":"3 Louse","floor":11,"turns":2},{"damage":23,"enemies":"3 Sentries","floor":12,"turns":8},{"damage":0,"enemies":"2 Fungi Beasts","floor":13,"turns":2},{"damage":2,"enemies":"Blue Slaver","floor":14,"turns":3},{"damage":17,"enemies":"Slime Boss","floor":16,"turns":11},{"damage":14,"enemies":"3 Byrds","floor":18,"turns":7},{"damage":4,"enemies":"Shell Parasite","floor":19,"turns":7},{"damage":21,"enemies":"Snake Plant","floor":20,"turns":6},{"damage":15,"enemies":"Centurion and Healer","floor":21,"turns":8},{"damage":20,"enemies":"Gremlin Leader","floor":23,"turns":9},{"damage":69,"enemies":"Slavers","floor":25,"turns":11},{"damage":16,"enemies":"Shelled Parasite and Fungi","floor":30,"turns":7},{"damage":17,"enemies":"Snake Plant","floor":31,"turns":3},{"damage":34,"enemies":"Collector","floor":33,"turns":14},{"damage":0,"enemies":"Orb Walker","floor":35,"turns":2},{"damage":4,"enemies":"3 Shapes","floor":36,"turns":4},{"damage":18,"enemies":"Maw","floor":38,"turns":7},{"damage":41,"enemies":"Spire Growth","floor":42,"turns":8},{"damage":12,"enemies":"Writhing Mass","floor":44,"turns":6},{"damage":14,"enemies":"Jaw Worm Horde","floor":47,"turns":4},{"damage":28,"enemies":"Transient","floor":48,"turns":5},{"damage":80,"enemies":"Awakened One","floor":50,"turns":13}],"seed_played":"7816267268932332293","potions_obtained":[{"floor":1,"key":"SpeedPotion"},{"floor":3,"key":"BloodPotion"},{"floor":5,"key":"SkillPotion"},{"floor":6,"key":"Explosive Potion"},{"floor":14,"key":"LiquidBronze"},{"floor":16,"key":"Regen Potion"},{"floor":18,"key":"Explosive Potion"},{"floor":23,"key":"GamblersBrew"},{"floor":30,"key":"SteroidPotion"},{"floor":31,"key":"LiquidBronze"},{"floor":36,"key":"LiquidBronze"},{"floor":47,"key":"Weak Potion"},{"floor":48,"key":"Weak Potion"}],"is_trial":false,"path_per_floor":["M","?","M","M","M","E","R","E","T","$","M","E","M","M","R","B",null,"M","M","M","M","?","E","R","E","T","R","$","?","M","M","R","B",null,"M","M","?","M","$","R","?","M","T","M","R","$","M","M","R","B"],"character_chosen":"IRONCLAD","items_purchased":["Anchor","Blind","Membership Card","Evolve+1","Battle Trance","HandOfGreed","Offering","Entrench","Strawberry","HandOfGreed","Discovery","Pen Nib"],"campfire_rested":3,"item_purchase_floors":[10,10,28,28,28,28,39,39,39,39,39,46],"current_hp_per_floor":[88,81,81,81,81,76,76,68,68,68,77,63,72,79,79,73,81,81,81,75,75,75,70,70,16,16,40,40,40,39,37,61,62,81,81,81,81,78,85,85,75,49,49,52,52,52,59,46,73,12],"gold":63,"neow_bonus":"TEN_PERCENT_HP_BONUS","is_prod":false,"is_daily":false,"chose_seed":false,"campfire_upgraded":4,"win_rate":0,"timestamp":1557386678,"path_taken":["M","?","M","M","M","E","R","E","T","$","M","E","M","M","R","BOSS","M","M","M","M","?","E","R","E","T","R","$","?","M","M","R","BOSS","M","M","?","M","$","R","?","M","T","M","R","$","M","M","R","BOSS"],"build_version":"2019-01-23","purchased_purges":1,"victory":false,"max_hp_per_floor":[88,81,81,81,81,81,81,81,81,81,81,81,81,81,81,81,81,81,81,81,81,81,81,81,81,81,81,81,81,81,81,81,81,81,81,81,81,81,88,88,88,88,88,88,88,88,92,92,92,92],"card_choices":[{"not_picked":["Fire Breathing","Wild Strike"],"picked":"Twin Strike","floor":1},{"not_picked":["Armaments","Infernal Blade"],"picked":"Clash","floor":3},{"not_picked":["Dropkick","Havoc"],"picked":"Ghostly Armor","floor":4},{"not_picked":["Clash","Inflame"],"picked":"Headbutt","floor":5},{"not_picked":["Warcry","Havoc"],"picked":"Body Slam","floor":6},{"not_picked":["Rampage","Infernal Blade"],"picked":"Armaments","floor":8},{"not_picked":["Flex","Twin Strike","Clothesline"],"picked":"SKIP","floor":11},{"not_picked":["Evolve","Rampage"],"picked":"Armaments","floor":12},{"not_picked":["Bloodletting","Heavy Blade","Rupture"],"picked":"SKIP","floor":13},{"not_picked":["Clash","Flex"],"picked":"Headbutt","floor":14},{"not_picked":["Fiend Fire","Exhume"],"picked":"Barricade","floor":16},{"not_picked":["Shrug It Off","Sentinel"],"picked":"Body Slam","floor":18},{"not_picked":["Sword Boomerang+1","Havoc+1"],"picked":"Power Through","floor":19},{"not_picked":["Thunderclap+1","Disarm+1"],"picked":"Battle Trance","floor":20},{"not_picked":["Pommel Strike","Whirlwind"],"picked":"Juggernaut","floor":21},{"not_picked":["Barricade","Evolve"],"picked":"Clash+1","floor":23},{"not_picked":["Thunderclap","Warcry"],"picked":"Intimidate","floor":25},{"not_picked":["Armaments","Rampage"],"picked":"Bloodletting","floor":30},{"not_picked":["Havoc+1","Clash"],"picked":"Power Through","floor":31},{"not_picked":["Exhume","Reaper"],"picked":"Feed","floor":33},{"not_picked":["Sword Boomerang+1","True Grit+1"],"picked":"Shrug It Off+1","floor":35},{"not_picked":["Cleave+1","Heavy Blade+1","Wild Strike+1"],"picked":"SKIP","floor":36},{"not_picked":["Clash","Pommel Strike","Fire Breathing+1"],"picked":"SKIP","floor":38},{"not_picked":["Discovery","Secret Weapon"],"picked":"Panacea","floor":41},{"not_picked":["Secret Technique","Mind Blast"],"picked":"Purity","floor":41},{"not_picked":["Madness","Impatience"],"picked":"Transmutation","floor":41},{"not_picked":["Rampage+1","Intimidate"],"picked":"Clothesline+1","floor":42},{"not_picked":["Reckless Charge","Burning Pact"],"picked":"Corruption+1","floor":44},{"not_picked":["Spot Weakness","Perfected Strike"],"picked":"Shockwave+1","floor":47},{"not_picked":["Reckless Charge","Hemokinesis"],"picked":"Bloodletting","floor":48}],"player_experience":141475,"relics_obtained":[{"floor":6,"key":"Lantern"},{"floor":8,"key":"Magic Flower"},{"floor":9,"key":"Ginger"},{"floor":12,"key":"Pantograph"},{"floor":23,"key":"Omamori"},{"floor":25,"key":"Whetstone"},{"floor":26,"key":"Frozen Egg 2"}],"event_choices":[{"damage_healed":0,"gold_gain":0,"player_choice":"Lose Max HP","damage_taken":0,"relics_obtained":["Golden Idol"],"max_hp_gain":0,"max_hp_loss":7,"event_name":"Golden Idol","floor":2,"gold_loss":0},{"damage_healed":0,"gold_gain":0,"player_choice":"Simplicity","damage_taken":0,"max_hp_gain":0,"max_hp_loss":0,"event_name":"Back to Basics","floor":22,"gold_loss":0,"cards_upgraded":["Strike_R","Strike_R","Strike_R","Strike_R","Strike_R","Defend_R","Defend_R","Defend_R","Defend_R"]},{"damage_healed":0,"gold_gain":0,"player_choice":"Opened","damage_taken":0,"relics_obtained":["Incense Burner"],"max_hp_gain":0,"max_hp_loss":0,"event_name":"The Mausoleum","floor":29,"gold_loss":0,"cards_obtained":["Writhe"]},{"damage_healed":0,"gold_gain":0,"player_choice":"Ignored","damage_taken":0,"max_hp_gain":0,"max_hp_loss":0,"event_name":"Tomb of Lord Red Mask","floor":37,"gold_loss":0},{"damage_healed":0,"gold_gain":0,"player_choice":"Memory 3","damage_taken":10,"max_hp_gain":0,"max_hp_loss":0,"event_name":"SensoryStone","floor":41,"gold_loss":0}],"is_beta":false,"boss_relics":[{"not_picked":["Astrolabe","Lizard Tail"],"picked":"Black Blood"},{"not_picked":["Tiny House","Busted Crown"],"picked":"Mark of Pain"}],"items_purged_floors":[39],"is_endless":false,"potions_floor_spawned":[1,3,5,6,14,16,18,23,30,31,36,47,48],"killed_by":"Awakened One","ascension_level":0}