{"gold_per_floor":[209,225,235,235,160,160,175,11,86,86,113,113,148,172,172,172],"floor_reached":16,"playtime":592,"items_purged":["Strike_G"],"score":189,"play_id":"65d40fc3-d50c-45de-9044-615f8de03d10","local_time":"20180918102103","is_ascension_mode":true,"campfire_choices":[{"data":"Neutralize","floor":6.0,"key":"SMITH"},{"data":"Dagger Spray","floor":10.0,"key":"SMITH"},{"floor":12.0,"key":"REST"},{"data":"Poisoned Stab","floor":15,"key":"SMITH"}],"neow_cost":"NONE","seed_source_timestamp":4192565939027,"circlet_count":0,"master_deck":["Defend_G","Defend_G","Defend_G","Defend_G","Defend_G","Strike_G","Strike_G","Strike_G","Strike_G","Survivor","Neutralize+1","AscendersBane","Slice","All Out Attack","Poisoned Stab+1","Dagger Spray+1","Die Die Die","Deflect","Leg Sweep","Well Laid Plans"],"special_seed":0,"relics":["Ring of the Snake","Darkstone Periapt","Bag of Preparation","Bottled Flame","Odd Mushroom"],"potions_floor_usage":[16],"damage_taken":[{"damage":2.0,"enemies":"2 Louse","floor":1.0,"turns":5.0},{"damage":0.0,"enemies":"Small Slimes","floor":2.0,"turns":4.0},{"damage":4.0,"enemies":"Jaw Worm","floor":3.0,"turns":3.0},{"damage":13.0,"enemies":"Large Slime","floor":7.0,"turns":8.0},{"damage":2.0,"enemies":"Gremlin Nob","floor":11.0,"turns":3.0},{"damage":32.0,"enemies":"Lagavulin","floor":13.0,"turns":7.0},{"damage":0,"enemies":"The Mushroom Lair","floor":14,"turns":2},{"damage":25,"enemies":"Hexaghost","floor":16,"turns":13}],"seed_played":"-3795938678918860399","potions_obtained":[{"floor":1.0,"key":"FearPotion"},{"floor":3.0,"key":"Ancient Potion"},{"floor":13,"key":"Fire Potion"}],"is_trial":false,"path_per_floor":["M","M","M","?","$","R","M","$","T","R","E","R","E","?","R"],"character_chosen":"THE_SILENT","items_purchased":["Die Die Die"],"campfire_rested":1,"item_purchase_floors":[8],"current_hp_per_floor":[57,57,53,53,53,53,40,40,40,40,38,57,25,25,25,0],"gold":172,"neow_bonus":"HUNDRED_GOLD","is_prod":false,"is_daily":false,"chose_seed":false,"campfire_upgraded":3,"win_rate":0,"timestamp":1537291263,"path_taken":["M","M","M","?","$","R","M","$","T","R","E","R","E","?","R","BOSS"],"build_version":"2018-09-06","purchased_purges":1,"victory":false,"max_hp_per_floor":[66,66,66,66,66,66,66,66,66,66,66,66,66,66,66,66],"card_choices":[{"not_picked":["Caltrops","Blade Dance"],"picked":"Slice","floor":1.0},{"not_picked":["Prepared","Dodge and Roll"],"picked":"All Out Attack","floor":2.0},{"not_picked":["Blade Dance","Quick Slash"],"picked":"Poisoned Stab","floor":3.0},{"not_picked":["Tactician","Dagger Throw"],"picked":"Dagger Spray","floor":7.0},{"not_picked":["All Out Attack","Sucker Punch"],"picked":"Deflect","floor":11.0},{"not_picked":["Slice","Tactician"],"picked":"Leg Sweep","floor":13},{"not_picked":["Slice","Outmaneuver"],"picked":"Well Laid Plans","floor":14}],"player_experience":1159112,"relics_obtained":[{"floor":9.0,"key":"Darkstone Periapt"},{"floor":11.0,"key":"Bag of Preparation"},{"floor":13,"key":"Bottled Flame"},{"floor":14,"key":"Odd Mushroom"}],"event_choices":[{"event_name":"Golden Idol","player_choice":"Ignored","floor":4.0,"damage_taken":0.0},{"event_name":"Mushrooms","player_choice":"Fought Mushrooms","floor":14,"damage_taken":0}],"is_beta":false,"boss_relics":[],"items_purged_floors":[5],"is_endless":false,"potions_floor_spawned":[1,3,13],"killed_by":"Hexaghost","ascension_level":15}