{"gold_per_floor":[119,119,119,136,136,136,164,164,243,168,194,194,208,208,208,284,284,304,6,6,21,21,21,48,59,59,59,59,91,106,122,122,122],"floor_reached":33,"playtime":907,"items_purged":["Strike_R"],"score":582,"play_id":"e55b6ea4-49be-4554-a69a-20e1adaa3037","local_time":"25620227211414","is_ascension_mode":true,"campfire_choices":[{"data":"Bash","floor":8.0,"key":"SMITH"},{"floor":12,"key":"REST"},{"floor":15,"key":"REST"},{"floor":23,"key":"RECALL"},{"floor":27,"key":"REST"},{"data":"Hemokinesis","floor":32,"key":"SMITH"}],"neow_cost":"NONE","seed_source_timestamp":1589076197950,"circlet_count":0,"master_deck":["AscendersBane","Strike_R+1","Strike_R+1","Strike_R+1","Defend_R+1","Defend_R+1","Defend_R+1","Defend_R+1","Bash+1","Wild Strike+1","jedi:fear+1","Immolate+1","Seeing Red+1","Offering+1","Disarm+1","Shockwave+1","Reaper+1","Hemokinesis+1","Immolate+1","Spot Weakness+1"],"special_seed":0,"relics":["Burning Blood","aspiration:Nostalgia","Iron Core","Toxic Egg 2","strawberrySpire:Rotfruit","Golden Egg","Tiny Chest","conspire:TopHat","hubris:BottledRain","jedi:hotpepper","Sling","infinitespire:Eraser","War Paint"],"potions_floor_usage":[16,16,24,33],"damage_taken":[{"damage":10.0,"enemies":"2 Louse","floor":1.0,"turns":3.0},{"damage":14.0,"enemies":"Jaw Worm","floor":4.0,"turns":5.0},{"damage":30.0,"enemies":"3 Sentries","floor":7.0,"turns":7.0},{"damage":20.0,"enemies":"Lagavulin","floor":11.0,"turns":6.0},{"damage":0,"enemies":"Small Slimes","floor":13,"turns":2},{"damage":20,"enemies":"Slime Boss","floor":16,"turns":9},{"damage":6,"enemies":"Spheric Guardian","floor":18,"turns":3},{"damage":6,"enemies":"conspire:FuzzyDice","floor":21,"turns":3},{"damage":18,"enemies":"Book of Stabbing","floor":24,"turns":3},{"damage":6,"enemies":"3 Cultists","floor":25,"turns":3},{"damage":17,"enemies":"Nightmare","floor":29,"turns":6},{"damage":9,"enemies":"Sentry and Sphere","floor":30,"turns":2},{"damage":6,"enemies":"Cultist and Chosen","floor":31,"turns":2},{"damage":55,"enemies":"conspire:MysteriousRune","floor":33,"turns":3}],"seed_played":"-5726592890262297234","potions_obtained":[{"floor":4.0,"key":"PowerPotion"},{"floor":7.0,"key":"Block Potion"},{"floor":11,"key":"BloodPotion"},{"floor":21,"key":"Strength Potion"},{"floor":24,"key":"AttackPotion"},{"floor":29,"key":"infinitespire:BlackPotion"},{"floor":29,"key":"Fire Potion"}],"is_trial":false,"path_per_floor":["M","?","?","M","?","R","E","R","T","?","E","R","M","?","R","B",null,"M","$","?","M","?","R","E","M","T","R","?","NM","M","M","R","B"],"character_chosen":"IRONCLAD","items_purchased":["Sling"],"campfire_rested":3,"item_purchase_floors":[19],"current_hp_per_floor":[64,64,64,56,56,56,32,32,32,32,18,40,46,23,45,38,46,46,46,46,46,46,46,34,34,34,48,48,43,48,48,48,0],"gold":122,"neow_bonus":"NOSTALGIA","is_prod":false,"is_daily":false,"chose_seed":false,"campfire_upgraded":2,"win_rate":0,"timestamp":1551276854,"path_taken":["M","?","?","M","?","R","E","R","T","?","E","R","M","?","R","BOSS","M","$","?","M","?","R","E","M","T","R","?","NM","M","?","R","BOSS"],"build_version":"2019-01-23","purchased_purges":1,"victory":false,"max_hp_per_floor":[75,75,75,75,75,75,75,75,75,75,75,75,75,75,75,75,48,48,48,48,48,48,48,48,48,48,48,48,48,48,48,48,48],"card_choices":[{"not_picked":["strawberrySpire:DebrisPile","ReplayTheSpireMod:Strike From Hell"],"picked":"Wild Strike","floor":1.0},{"not_picked":["conspire:Purge+1","Pommel Strike"],"picked":"jedi:fear+1","floor":4.0},{"not_picked":["strawberrySpire:DebrisPile+1","jedi:suffering","Beam Cell"],"picked":"SKIP","floor":7.0},{"not_picked":["Replay:Undeath\u0027s Touch","Shrug It Off+1"],"picked":"Immolate","floor":11},{"not_picked":["strawberrySpire:Overwork+1","Warcry+1"],"picked":"Seeing Red+1","floor":13},{"not_picked":["Exhume+1","jedi:unlimitedpower"],"picked":"Offering+1","floor":16},{"not_picked":["strawberrySpire:DraftPunk+1","ReplayTheSpireMod:Strike From Hell","Wild Strike+1"],"picked":"SKIP","floor":18},{"not_picked":["strawberrySpire:GettingOverIt+1","Replay:Undeath\u0027s Touch"],"picked":"Disarm+1","floor":21},{"not_picked":["Clash+1","strawberrySpire:FireDrill"],"picked":"Shockwave+1","floor":24},{"not_picked":["jedi:fear+1","strawberrySpire:Taunt+1"],"picked":"Reaper","floor":25},{"not_picked":["jedi:collectorstrike","strawberrySpire:ZonePlayer"],"picked":"Hemokinesis","floor":29},{"not_picked":["strawberrySpire:ZonePlayer","conspire:Charge"],"picked":"Immolate","floor":30},{"not_picked":["Rampage","Sword Boomerang"],"picked":"Spot Weakness+1","floor":31}],"player_experience":411787,"relics_obtained":[{"floor":6.0,"key":"strawberrySpire:Rotfruit"},{"floor":7.0,"key":"Golden Egg"},{"floor":9.0,"key":"Tiny Chest"},{"floor":11,"key":"conspire:TopHat"},{"floor":24,"key":"infinitespire:Eraser"},{"floor":29,"key":"War Paint"}],"event_choices":[{"cards_removed":["Injury"],"damage_healed":0.0,"max_hp_gain":0.0,"max_hp_loss":0.0,"gold_gain":0.0,"event_name":"Living Wall","player_choice":"Forget","floor":5.0,"gold_loss":0.0,"damage_taken":0.0},{"cards_removed":["Clumsy"],"damage_healed":0.0,"max_hp_gain":0.0,"max_hp_loss":0.0,"gold_gain":0.0,"event_name":"The Cleric","player_choice":"Card Removal","floor":10.0,"gold_loss":75.0,"damage_taken":0.0},{"damage_healed":0,"gold_gain":0,"player_choice":"Entered Light","damage_taken":23,"max_hp_gain":0,"max_hp_loss":0,"event_name":"Shining Light","floor":14,"gold_loss":0,"cards_upgraded":["Defend_R","Wild Strike"]},{"damage_healed":0,"gold_gain":0,"player_choice":"Simplicity","damage_taken":0,"max_hp_gain":0,"max_hp_loss":0,"event_name":"Back to Basics","floor":20,"gold_loss":0,"cards_upgraded":["Strike_R","Strike_R","Strike_R","Strike_R","Defend_R","Defend_R","Defend_R"]},{"cards_removed":["Strike_R"],"damage_healed":0,"gold_gain":0,"player_choice":"Offered Basic","damage_taken":0,"max_hp_gain":0,"max_hp_loss":0,"event_name":"Bonfire Elementals","floor":28,"gold_loss":0}],"is_beta":false,"boss_relics":[{"not_picked":["conspire:SeveredTorchhead","Ooze Armor"],"picked":"jedi:hotpepper"}],"items_purged_floors":[19],"is_endless":false,"potions_floor_spawned":[4,7,11,13,21,24,29,31],"killed_by":"conspire:MysteriousRune","ascension_level":20}