{"gold_per_floor":[113,113,5,22,36,36,61,80,110,124,124,85,85,112,112,184,184,197,122,142,155,174,174,24,24,51,51,76,76,88,88,88,161,161,174,188,14,14,26,26,42,75,75,91,111,111,60,80,80,80],"floor_reached":51,"playtime":2247,"items_purged":["Strike_G","Strike_G"],"score":1291,"play_id":"4b855593-a978-4771-a383-ba3957f1ba98","local_time":"20181215102656","is_ascension_mode":true,"campfire_choices":[{"data":"Noxious Fumes","floor":6.0,"key":"SMITH"},{"data":"Catalyst","floor":11.0,"key":"SMITH"},{"data":"Bouncing Flask","floor":13.0,"key":"SMITH"},{"data":"Noxious Fumes","floor":15.0,"key":"SMITH"},{"floor":23.0,"key":"REST"},{"floor":25.0,"key":"REST"},{"data":"Catalyst","floor":27.0,"key":"SMITH"},{"data":"Deadly Poison","floor":32,"key":"SMITH"},{"data":"Footwork","floor":40,"key":"SMITH"},{"floor":49,"key":"REST"}],"neow_cost":"NONE","seed_source_timestamp":9088513240363,"circlet_count":0,"master_deck":["AscendersBane","Defend_G+1","Defend_G","Defend_G","Defend_G","Defend_G","Strike_G","Strike_G","Survivor","Neutralize+1","Flying Knee","Noxious Fumes+1","Predator","Backflip+1","Catalyst+1","Corpse Explosion","Bouncing Flask+1","Noxious Fumes+1","Dodge and Roll+1","PiercingWail","Catalyst+1","Deadly Poison+1","Night Terror","Prepared","Escape Plan","Footwork+1","Finesse","Prepared+1","Backflip+1","Backflip+1","Deadly Poison"],"special_seed":0,"relics":["Ring of the Snake","Bag of Preparation","Tiny Chest","Bottled Flame","Snecko Eye","Snake Skull","Art of War","Juzu Bracelet","Enchiridion","HoveringKite","War Paint","Pear"],"potions_floor_usage":[30,41,42,48],"damage_taken":[{"damage":0.0,"enemies":"Small Slimes","floor":1.0,"turns":4.0},{"damage":0.0,"enemies":"Cultist","floor":4.0,"turns":4.0},{"damage":2.0,"enemies":"Jaw Worm","floor":5.0,"turns":5.0},{"damage":20.0,"enemies":"3 Sentries","floor":7.0,"turns":7.0},{"damage":4.0,"enemies":"3 Louse","floor":8.0,"turns":4.0},{"damage":2.0,"enemies":"Looter","floor":10.0,"turns":4.0},{"damage":15.0,"enemies":"Gremlin Nob","floor":14.0,"turns":3.0},{"damage":2.0,"enemies":"The Guardian","floor":16.0,"turns":6.0},{"damage":16.0,"enemies":"Shell Parasite","floor":18.0,"turns":5.0},{"damage":13.0,"enemies":"Spheric Guardian","floor":20.0,"turns":6.0},{"damage":0.0,"enemies":"Snecko","floor":21.0,"turns":3.0},{"damage":14.0,"enemies":"Centurion and Healer","floor":22.0,"turns":7.0},{"damage":0.0,"enemies":"Book of Stabbing","floor":28.0,"turns":3.0},{"damage":3,"enemies":"Shelled Parasite and Fungi","floor":30,"turns":4},{"damage":32,"enemies":"Champ","floor":33,"turns":8},{"damage":1,"enemies":"Orb Walker","floor":35,"turns":3},{"damage":6,"enemies":"3 Darklings","floor":36,"turns":3},{"damage":0,"enemies":"Writhing Mass","floor":39,"turns":2},{"damage":0,"enemies":"Spire Growth","floor":41,"turns":3},{"damage":4,"enemies":"Giant Head","floor":42,"turns":5},{"damage":0,"enemies":"Transient","floor":44,"turns":2},{"damage":24,"enemies":"Maw","floor":45,"turns":3},{"damage":0,"enemies":"Sphere and 2 Shapes","floor":48,"turns":3},{"damage":39,"enemies":"Donu and Deca","floor":50,"turns":7}],"seed_played":"5274680486603915059","potions_obtained":[{"floor":4.0,"key":"Poison Potion"},{"floor":14.0,"key":"Weak Potion"},{"floor":16.0,"key":"LiquidBronze"},{"floor":18.0,"key":"PowerPotion"},{"floor":22.0,"key":"Poison Potion"},{"floor":30,"key":"Energy Potion"},{"floor":33,"key":"GamblersBrew"},{"floor":42,"key":"SteroidPotion"},{"floor":44,"key":"Explosive Potion"}],"is_trial":false,"path_per_floor":["M","?","$","M","M","R","E","M","T","M","R","$","R","E","R","B",null,"M","$","M","M","M","R","$","R","T","R","E","?","M","?","R","B",null,"M","M","$","?","M","R","M","E","T","M","M","?","$","M","R","B",null],"character_chosen":"THE_SILENT","items_purchased":["Noxious Fumes","Predator","Bouncing Flask","Snake Skull","Footwork","Poison Potion"],"campfire_rested":3,"item_purchase_floors":[3,3,12,24,37,47],"current_hp_per_floor":[65,65,65,65,63,63,43,39,39,37,37,37,37,22,22,20,59,43,43,30,30,16,37,37,58,58,58,58,37,34,48,48,16,58,57,51,51,51,51,51,51,47,57,57,33,33,33,33,57,18],"gold":80,"neow_bonus":"TEN_PERCENT_HP_BONUS","is_prod":false,"is_daily":false,"chose_seed":false,"campfire_upgraded":7,"win_rate":0,"timestamp":1544898416,"path_taken":["M","?","$","M","M","R","E","M","T","M","R","?","R","E","R","BOSS","M","$","M","M","M","R","$","R","T","R","E","?","M","?","R","BOSS","M","M","$","?","M","R","M","E","T","M","M","?","$","M","R","BOSS"],"build_version":"2018-12-13","purchased_purges":2,"victory":true,"max_hp_per_floor":[72,72,72,72,72,72,72,72,72,72,72,72,72,72,72,72,72,72,72,72,72,72,72,72,72,72,72,72,72,72,72,72,72,72,72,72,72,72,72,72,72,72,82,82,82,82,82,82,82,82],"card_choices":[{"not_picked":["Prepared","Bane"],"picked":"Flying Knee","floor":1.0},{"not_picked":["Flying Knee","Riddle With Holes"],"picked":"Backflip","floor":4.0},{"not_picked":["Backflip","Quick Slash"],"picked":"Catalyst","floor":5.0},{"not_picked":["Distraction","Dodge and Roll","Backflip"],"picked":"SKIP","floor":7.0},{"not_picked":["Dagger Throw","Eviscerate","Tactician"],"picked":"SKIP","floor":8.0},{"not_picked":["Concentrate","Quick Slash"],"picked":"Corpse Explosion","floor":10.0},{"not_picked":["Outmaneuver","Slice"],"picked":"Noxious Fumes","floor":14.0},{"not_picked":["Cloak And Dagger","Calculated Gamble"],"picked":"Dodge and Roll+1","floor":18.0},{"not_picked":["Flying Knee","Slice"],"picked":"PiercingWail","floor":20.0},{"not_picked":["Dagger Spray","Slice"],"picked":"Catalyst","floor":21.0},{"not_picked":["Reflex","Underhanded Strike"],"picked":"Deadly Poison","floor":22.0},{"not_picked":["Unload","Deflect+1","Masterful Stab"],"picked":"SKIP","floor":28.0},{"not_picked":["Riddle With Holes+1","Blade Dance","Masterful Stab+1"],"picked":"SKIP","floor":30},{"not_picked":["Glass Knife","A Thousand Cuts"],"picked":"Night Terror","floor":33},{"not_picked":["Quick Slash+1","Dagger Throw+1"],"picked":"Prepared","floor":35},{"not_picked":["Tactician","Dash"],"picked":"Escape Plan","floor":36},{"not_picked":["Dark Shackles","Impatience"],"picked":"Finesse","floor":38},{"not_picked":["Dagger Throw+1","Dagger Spray+1","Poisoned Stab"],"picked":"SKIP","floor":39},{"not_picked":["Quick Slash","Outmaneuver"],"picked":"Prepared+1","floor":41},{"not_picked":["Endless Agony+1","Flechettes"],"picked":"Backflip+1","floor":42},{"not_picked":["Outmaneuver+1","Blade Dance"],"picked":"Backflip+1","floor":44},{"not_picked":["Concentrate","Slice","Flying Knee"],"picked":"SKIP","floor":45},{"not_picked":["Cloak And Dagger","Phantasmal Killer"],"picked":"Deadly Poison","floor":48}],"player_experience":1807686,"relics_obtained":[{"floor":7.0,"key":"Bag of Preparation"},{"floor":9.0,"key":"Tiny Chest"},{"floor":14.0,"key":"Bottled Flame"},{"floor":26.0,"key":"Art of War"},{"floor":28.0,"key":"Juzu Bracelet"},{"floor":29.0,"key":"Enchiridion"},{"floor":42,"key":"War Paint"},{"floor":43,"key":"Pear"}],"event_choices":[{"damage_healed":0.0,"max_hp_gain":0.0,"max_hp_loss":0.0,"gold_gain":0.0,"event_name":"Upgrade Shrine","player_choice":"Upgraded","floor":2.0,"gold_loss":0.0,"damage_taken":0.0,"cards_upgraded":["Neutralize"]},{"damage_healed":0.0,"max_hp_gain":0.0,"max_hp_loss":0.0,"gold_gain":0.0,"event_name":"Cursed Tome","player_choice":"Obtained Book","floor":29.0,"gold_loss":0.0,"damage_taken":21.0},{"damage_healed":14,"gold_gain":0,"player_choice":"Heal","damage_taken":0,"max_hp_gain":0,"max_hp_loss":0,"event_name":"The Library","floor":31,"gold_loss":0},{"damage_healed":0,"gold_gain":0,"player_choice":"Memory 1","damage_taken":0,"max_hp_gain":0,"max_hp_loss":0,"event_name":"SensoryStone","floor":38,"gold_loss":0},{"cards_removed":["Strike_G"],"damage_healed":0,"gold_gain":0,"player_choice":"Purged","damage_taken":0,"max_hp_gain":0,"max_hp_loss":0,"event_name":"Purifier","floor":46,"gold_loss":0}],"is_beta":false,"boss_relics":[{"not_picked":["Runic Pyramid","Cursed Key"],"picked":"Snecko Eye"},{"not_picked":["White Beast Statue","WristBlade"],"picked":"HoveringKite"}],"items_purged_floors":[19,37],"is_endless":false,"potions_floor_spawned":[4,14,16,18,22,30,33,36,39,42,44],"ascension_level":15}