{"gold_per_floor":[117,42,61,61,77,77,91,23,23,40,51,51,26,53,53,156,156,96,96,23,23,23,23,23,23,23,23,23,23,23,23,23,23,23,23,23,23,23,23,23,23,23,23,23,23,23,23,23,23,23],"floor_reached":51,"playtime":2065,"items_purged":[],"score":913,"play_id":"b4c14bb3-d37b-4860-af37-6cec5720a5d1","local_time":"20181103123624","is_ascension_mode":true,"campfire_choices":[{"data":"Zap","floor":6,"key":"SMITH"},{"data":"Go for the Eyes","floor":12,"key":"SMITH"},{"data":"Reinforced Body","floor":15,"key":"SMITH"},{"data":"Electrodynamics","floor":23,"key":"SMITH"},{"data":"Storm","floor":25,"key":"SMITH"},{"data":"Dualcast","floor":27,"key":"SMITH"},{"floor":32,"key":"REST"},{"floor":40,"key":"REST"},{"floor":42,"key":"REST"},{"data":"Thunder Strike","floor":49,"key":"SMITH"}],"neow_cost":"NONE","seed_source_timestamp":37035186382041,"circlet_count":0,"master_deck":["Strike_B","Strike_B","Strike_B","Strike_B","Defend_B","Defend_B","Defend_B","Defend_B","Zap+1","Dualcast+1","Tempest","Storm","Coolheaded","Reinforced Body+1","Coolheaded","Storm+1","Ball Lightning","Go for the Eyes+1","Conserve Battery","Ball Lightning","Electrodynamics+1","Hello World","Steam Power","Double Energy+1","Go for the Eyes","Turbo","Fusion+1","Thunder Strike+1","Hello World","Steam+1","Reprogram+1","White Noise+1"],"relics":["Cracked Core","CultistMask","Mercury Hourglass","Odd Mushroom","Ectoplasm","Singing Bowl","Busted Crown","Potion Belt","Juzu Bracelet"],"potions_floor_usage":[16,24,33,33,35,41,45,50,50],"damage_taken":[{"damage":0,"enemies":"Small Slimes","floor":1,"turns":3},{"damage":1,"enemies":"Cultist","floor":3,"turns":3},{"damage":12,"enemies":"Jaw Worm","floor":5,"turns":3},{"damage":0,"enemies":"Large Slime","floor":7,"turns":5},{"damage":4,"enemies":"Looter","floor":10,"turns":3},{"damage":5,"enemies":"Lots of Slimes","floor":11,"turns":2},{"damage":9,"enemies":"The Mushroom Lair","floor":14,"turns":4},{"damage":23,"enemies":"The Guardian","floor":16,"turns":13},{"damage":8,"enemies":"2 Thieves","floor":18,"turns":3},{"damage":4,"enemies":"Shell Parasite","floor":22,"turns":5},{"damage":15,"enemies":"Snake Plant","floor":24,"turns":4},{"damage":7,"enemies":"Cultist and Chosen","floor":28,"turns":4},{"damage":6,"enemies":"Shelled Parasite and Fungi","floor":29,"turns":6},{"damage":14,"enemies":"Snake Plant","floor":31,"turns":3},{"damage":55,"enemies":"Collector","floor":33,"turns":9},{"damage":9,"enemies":"3 Darklings","floor":35,"turns":4},{"damage":22,"enemies":"Orb Walker","floor":36,"turns":3},{"damage":13,"enemies":"Spire Growth","floor":38,"turns":3},{"damage":18,"enemies":"3 Darklings","floor":39,"turns":3},{"damage":0,"enemies":"Transient","floor":41,"turns":5},{"damage":37,"enemies":"Sphere and 2 Shapes","floor":44,"turns":5},{"damage":9,"enemies":"Writhing Mass","floor":45,"turns":4},{"damage":10,"enemies":"Jaw Worm Horde","floor":47,"turns":2},{"damage":85,"enemies":"Time Eater","floor":50,"turns":7}],"seed_played":"-6291277900916914776","potions_obtained":[{"floor":1,"key":"Poison Potion"},{"floor":11,"key":"GamblersBrew"},{"floor":14,"key":"LiquidBronze"},{"floor":16,"key":"Swift Potion"},{"floor":28,"key":"PowerPotion"},{"floor":33,"key":"AttackPotion"},{"floor":36,"key":"SpeedPotion"},{"floor":37,"key":"Dexterity Potion"},{"floor":39,"key":"Ancient Potion"},{"floor":44,"key":"SkillPotion"}],"is_trial":false,"path_per_floor":["M","$","M","?","M","R","M","$","T","M","M","R","$","?","R","B",null,"M","?","$","?","M","R","M","R","T","R","M","M","$","M","R","B",null,"M","M","?","M","M","R","M","R","T","M","M","T","M","?","R","B",null],"character_chosen":"DEFECT","items_purchased":["Storm","Storm","Conserve Battery","Steam Power"],"campfire_rested":3,"item_purchase_floors":[2,8,13,20],"current_hp_per_floor":[68,68,67,67,55,55,55,55,55,51,46,46,46,37,37,14,60,52,38,38,90,86,86,71,71,71,71,64,58,58,44,71,16,72,65,43,43,32,16,44,44,72,72,37,28,28,18,86,86,1],"gold":23,"neow_bonus":"ONE_RANDOM_RARE_CARD","is_prod":false,"is_daily":false,"chose_seed":false,"campfire_upgraded":7,"win_rate":0,"timestamp":1541244984,"path_taken":["M","$","M","?","M","R","M","$","T","M","M","R","?","?","R","BOSS","M","?","$","?","?","R","M","R","T","R","M","M","?","?","R","BOSS","M","M","?","?","M","R","M","R","T","M","M","?","M","?","R","BOSS"],"build_version":"2018-11-01","purchased_purges":0,"victory":true,"max_hp_per_floor":[75,75,75,75,75,75,75,75,75,75,75,75,75,75,75,75,75,75,80,80,90,90,90,90,90,90,90,90,90,90,90,90,90,90,92,92,92,94,96,96,96,96,96,98,98,98,98,86,86,86],"card_choices":[{"not_picked":["Sweeping Beam","Beam Cell"],"picked":"Tempest","floor":1},{"not_picked":["Sweeping Beam","Melter"],"picked":"Coolheaded","floor":3},{"not_picked":["Fusion","Steam"],"picked":"Reinforced Body","floor":5},{"not_picked":["Beam Cell","Rebound"],"picked":"Coolheaded","floor":7},{"not_picked":["Consume","Gash"],"picked":"Ball Lightning","floor":10},{"not_picked":["Beam Cell","Rebound"],"picked":"Go for the Eyes","floor":11},{"not_picked":["Undo","Reboot"],"picked":"Ball Lightning","floor":14},{"not_picked":["Meteor Strike","Seek"],"picked":"Electrodynamics","floor":16},{"not_picked":["Conserve Battery+1","Coolheaded"],"picked":"Hello World","floor":18},{"not_picked":["Beam Cell","Barrage+1"],"picked":"Double Energy+1","floor":22},{"not_picked":["Cold Snap","Recycle","Gash"],"picked":"SKIP","floor":24},{"not_picked":["Melter","Streamline"],"picked":"Go for the Eyes","floor":28},{"not_picked":["Beam Cell","Darkness"],"picked":"Turbo","floor":29},{"not_picked":["Streamline","Self Repair+1"],"picked":"Fusion+1","floor":31},{"not_picked":["Biased Cognition","Multi-Cast"],"picked":"Thunder Strike","floor":33},{"not_picked":["Chaos+1"],"picked":"Singing Bowl","floor":35},{"not_picked":[],"picked":"Hello World","floor":36},{"not_picked":["Beam Cell"],"picked":"Singing Bowl","floor":38},{"not_picked":["Genetic Algorithm+1"],"picked":"Singing Bowl","floor":39},{"not_picked":[],"picked":"Steam+1","floor":41},{"not_picked":["Cold Snap"],"picked":"Singing Bowl","floor":44},{"not_picked":[],"picked":"Reprogram+1","floor":45},{"not_picked":[],"picked":"White Noise+1","floor":47}],"player_experience":307191,"relics_obtained":[{"floor":9,"key":"Mercury Hourglass"},{"floor":14,"key":"Odd Mushroom"},{"floor":26,"key":"Singing Bowl"},{"floor":43,"key":"Potion Belt"},{"floor":46,"key":"Juzu Bracelet"}],"event_choices":[{"damage_healed":0,"gold_gain":0,"player_choice":"Trade","damage_taken":0,"relics_obtained":["CultistMask"],"max_hp_gain":0,"max_hp_loss":0,"event_name":"FaceTrader","floor":4,"gold_loss":0},{"damage_healed":0,"gold_gain":0,"player_choice":"Fought Mushrooms","damage_taken":0,"max_hp_gain":0,"max_hp_loss":0,"event_name":"Mushrooms","floor":14,"gold_loss":0},{"damage_healed":0,"gold_gain":0,"player_choice":"Shed Blood","damage_taken":19,"max_hp_gain":5,"max_hp_loss":0,"event_name":"Forgotten Altar","floor":19,"gold_loss":0},{"cards_removed":["Meteor Strike"],"damage_healed":42,"gold_gain":0,"player_choice":"Offered Rare","damage_taken":0,"max_hp_gain":10,"max_hp_loss":0,"event_name":"Bonfire Elementals","floor":21,"gold_loss":0},{"damage_healed":0,"gold_gain":0,"player_choice":"Got Potions","damage_taken":0,"max_hp_gain":0,"max_hp_loss":0,"event_name":"Lab","floor":37,"gold_loss":0},{"damage_healed":86,"gold_gain":0,"player_choice":"Heal","damage_taken":0,"max_hp_gain":0,"max_hp_loss":12,"event_name":"The Moai Head","floor":48,"gold_loss":0}],"is_beta":false,"boss_relics":[{"not_picked":["Lizard Tail","Nuclear Battery"],"picked":"Ectoplasm"},{"not_picked":["Runic Pyramid","Snecko Eye"],"picked":"Busted Crown"}],"items_purged_floors":[],"is_endless":false,"potions_floor_spawned":[1,11,14,16,28,33,36,39,44],"ascension_level":9}