{"gold_per_floor":[115,115,36,46,62,62,93,105,105,124,124,124,124,138,138,236,236,252,221,221,146,86,86,86],"floor_reached":24,"playtime":621,"items_purged":["Defend_B"],"score":284,"play_id":"172465fb-f3bc-4862-a930-9b3fc6b71119","local_time":"25611208204430","is_ascension_mode":true,"campfire_choices":[{"data":"Loop","floor":6,"key":"SMITH"},{"data":"Machine Learning","floor":13,"key":"SMITH"},{"floor":15,"key":"REST"},{"floor":23,"key":"REST"}],"neow_cost":"NONE","seed_source_timestamp":27262790735324,"circlet_count":0,"master_deck":["Strike_B","Strike_B","Strike_B","Defend_B","Defend_B","Defend_B","Zap+1","Dualcast","Steam","Loop+1","Capacitor+1","Machine Learning+1","Glacier","Fission"],"relics":["Cracked Core","Art of War","Omamori","Pear","The Courier","Eternal Feather","Gremlin Horn"],"potions_floor_usage":[5,14,16,19,24],"damage_taken":[{"damage":0,"enemies":"Jaw Worm","floor":1,"turns":3},{"damage":1,"enemies":"Cultist","floor":4,"turns":3},{"damage":6,"enemies":"Small Slimes","floor":5,"turns":2},{"damage":36,"enemies":"Gremlin Nob","floor":7,"turns":4},{"damage":4,"enemies":"Red Slaver","floor":8,"turns":4},{"damage":0,"enemies":"3 Louse","floor":10,"turns":5},{"damage":10,"enemies":"Blue Slaver","floor":14,"turns":3},{"damage":35,"enemies":"Hexaghost","floor":16,"turns":11},{"damage":14,"enemies":"Chosen","floor":18,"turns":6},{"damage":36,"enemies":"2 Thieves","floor":19,"turns":5},{"damage":31,"enemies":"Slavers","floor":24,"turns":2}],"seed_played":"-6406492222892722264","potions_obtained":[{"floor":4,"key":"Explosive Potion"},{"floor":7,"key":"FearPotion"},{"floor":8,"key":"AttackPotion"},{"floor":16,"key":"LiquidBronze"},{"floor":19,"key":"SkillPotion"}],"is_trial":false,"path_per_floor":["M","?","$","M","M","R","E","M","T","M","T","?","R","M","R","B",null,"M","M","T","?","$","R","E"],"character_chosen":"DEFECT","items_purchased":["Loop"],"campfire_rested":2,"item_purchase_floors":[3],"current_hp_per_floor":[68,68,68,67,61,61,25,21,31,31,31,31,31,21,46,11,67,53,17,17,17,17,48,17],"gold":86,"neow_bonus":"RANDOM_COMMON_RELIC","is_prod":false,"is_daily":false,"chose_seed":false,"campfire_upgraded":2,"win_rate":0,"timestamp":1544276670,"path_taken":["M","?","?","M","?","R","E","M","T","M","?","?","R","M","R","BOSS","M","M","?","?","?","R","E"],"build_version":"2018-12-06","purchased_purges":1,"victory":false,"max_hp_per_floor":[75,75,75,75,75,75,75,75,85,85,85,85,85,85,85,85,85,85,85,85,85,85,85,85],"card_choices":[{"not_picked":["Compile Driver","Undo"],"picked":"Steam","floor":1},{"not_picked":["Fusion","Steam"],"picked":"Capacitor","floor":4},{"not_picked":["Stack","Conserve Battery"],"picked":"Machine Learning","floor":5},{"not_picked":["Machine Learning","Reinforced Body"],"picked":"Glacier","floor":7},{"not_picked":["Steam","BootSequence","Streamline"],"picked":"SKIP","floor":8},{"not_picked":["Coolheaded","Stack","Double Energy"],"picked":"SKIP","floor":10},{"not_picked":["Lockon","Beam Cell","Steam"],"picked":"SKIP","floor":14},{"not_picked":["Meteor Strike","Rainbow"],"picked":"Fission","floor":16},{"not_picked":["Coolheaded+1","Rip and Tear+1","Beam Cell"],"picked":"SKIP","floor":18},{"not_picked":["Gash","Cold Snap","Go for the Eyes"],"picked":"SKIP","floor":19}],"player_experience":196885,"relics_obtained":[{"floor":7,"key":"Omamori"},{"floor":9,"key":"Pear"},{"floor":11,"key":"The Courier"},{"floor":20,"key":"Gremlin Horn"}],"event_choices":[{"damage_healed":0,"gold_gain":0,"player_choice":"Upgraded","damage_taken":0,"max_hp_gain":0,"max_hp_loss":0,"event_name":"Upgrade Shrine","floor":2,"gold_loss":0,"cards_upgraded":["Zap"]},{"damage_healed":0,"gold_gain":0,"player_choice":"Forge","damage_taken":0,"max_hp_gain":0,"max_hp_loss":0,"event_name":"Accursed Blacksmith","floor":12,"gold_loss":0,"cards_upgraded":["Capacitor"]},{"cards_removed":["Strike_B"],"damage_healed":0,"gold_gain":0,"player_choice":"Gave Gold","damage_taken":0,"max_hp_gain":0,"max_hp_loss":0,"event_name":"Beggar","floor":21,"gold_loss":75}],"is_beta":false,"boss_relics":[{"not_picked":["Velvet Choker","White Beast Statue"],"picked":"Eternal Feather"}],"items_purged_floors":[22],"is_endless":false,"potions_floor_spawned":[4,7,8,16,19],"killed_by":"Slavers","ascension_level":9}