{"gold_per_floor":[111,111,111,122,136,136,149,149,149,166,166,185,215,226,226,299,299,319,319,17,17,30,30,44,44,44,54,65,93,93,124,124,195,195,206,218,228,246,170,170,230,242,242,260,79,112,112,123,123,123],"floor_reached":51,"playtime":2591,"items_purged":["Underhanded Strike"],"score":1374,"play_id":"decaaa46-cf56-416e-be0b-b707df179845","local_time":"20181017144103","is_ascension_mode":true,"campfire_choices":[{"data":"Poisoned Stab","floor":6,"key":"SMITH"},{"data":"Cloak And Dagger","floor":8,"key":"SMITH"},{"data":"Deadly Poison","floor":11,"key":"SMITH"},{"data":"Poisoned Stab","floor":15,"key":"SMITH"},{"data":"Cloak And Dagger","floor":23,"key":"SMITH"},{"data":"Cloak And Dagger","floor":25,"key":"SMITH"},{"floor":32,"key":"REST"},{"data":"Crippling Poison","floor":40,"key":"SMITH"},{"data":"Footwork","floor":47,"key":"SMITH"},{"data":"Envenom","floor":49,"key":"SMITH"}],"neow_cost":"TEN_PERCENT_HP_LOSS","seed_source_timestamp":18811942051103,"circlet_count":0,"master_deck":["Survivor","Neutralize+1","AscendersBane","After Image","Backflip","Deadly Poison+1","Poisoned Stab+1","Cloak And Dagger+1","Backstab","Poisoned Stab+1","Blur","Envenom+1","Flying Knee","Blur","Setup","Cloak And Dagger+1","Flying Knee","Acrobatics","Dagger Spray","Dagger Spray","Cloak And Dagger+1","Footwork+1","Finisher","Dodge and Roll+1","PiercingWail","Corpse Explosion","Backflip","Crippling Poison+1","Leg Sweep","Sucker Punch","Cloak And Dagger"],"relics":["Ring of the Snake","Singing Bowl","Strawberry","Pandora\u0027s Box","MutagenicStrength","Lantern","Paper Crane","PreservedInsect","Dodecahedron","Coffee Dripper","Tiny Chest","Mummified Hand","Happy Flower"],"potions_floor_usage":[29,31,33,37,41,42,48,50,50],"damage_taken":[{"damage":2,"enemies":"Cultist","floor":1,"turns":6},{"damage":3,"enemies":"Jaw Worm","floor":4,"turns":5},{"damage":0,"enemies":"Small Slimes","floor":5,"turns":4},{"damage":4,"enemies":"Blue Slaver","floor":7,"turns":4},{"damage":2,"enemies":"Looter","floor":10,"turns":4},{"damage":0,"enemies":"Exordium Thugs","floor":12,"turns":5},{"damage":16,"enemies":"3 Sentries","floor":13,"turns":10},{"damage":9,"enemies":"Red Slaver","floor":14,"turns":2},{"damage":5,"enemies":"Hexaghost","floor":16,"turns":9},{"damage":0,"enemies":"3 Byrds","floor":18,"turns":5},{"damage":0,"enemies":"Chosen","floor":22,"turns":3},{"damage":14,"enemies":"Snecko","floor":24,"turns":6},{"damage":5,"enemies":"Shelled Parasite and Fungi","floor":27,"turns":6},{"damage":3,"enemies":"Centurion and Healer","floor":28,"turns":7},{"damage":2,"enemies":"Slavers","floor":29,"turns":3},{"damage":17,"enemies":"Book of Stabbing","floor":31,"turns":4},{"damage":41,"enemies":"Automaton","floor":33,"turns":12},{"damage":6,"enemies":"3 Darklings","floor":35,"turns":6},{"damage":7,"enemies":"Orb Walker","floor":36,"turns":3},{"damage":6,"enemies":"3 Darklings","floor":37,"turns":3},{"damage":12,"enemies":"Transient","floor":38,"turns":5},{"damage":19,"enemies":"Nemesis","floor":41,"turns":9},{"damage":7,"enemies":"4 Shapes","floor":42,"turns":3},{"damage":0,"enemies":"3 Darklings","floor":44,"turns":2},{"damage":23,"enemies":"Giant Head","floor":46,"turns":8},{"damage":2,"enemies":"Transient","floor":48,"turns":5},{"damage":21,"enemies":"Donu and Deca","floor":50,"turns":8}],"seed_played":"5879852964876853589","potions_obtained":[{"floor":4,"key":"Weak Potion"},{"floor":5,"key":"LiquidBronze"},{"floor":18,"key":"PowerPotion"},{"floor":31,"key":"Explosive Potion"},{"floor":35,"key":"AttackPotion"},{"floor":41,"key":"Energy Potion"},{"floor":44,"key":"Dexterity Potion"},{"floor":46,"key":"Regen Potion"},{"floor":48,"key":"Weak Potion"}],"is_trial":false,"path_per_floor":["M","?","?","M","M","R","M","R","T","M","R","M","E","M","R","B",null,"M","?","$","?","M","R","M","R","T","M","M","E","?","E","R","B",null,"M","M","M","M","$","R","E","M","T","M","$","E","R","M","R","B"],"character_chosen":"THE_SILENT","items_purchased":["Footwork","Lantern","Regen Potion","Leg Sweep","Sucker Punch","SteroidPotion"],"campfire_rested":1,"item_purchase_floors":[20,20,39,45,45,45],"current_hp_per_floor":[57,62,62,59,59,59,55,55,55,55,55,55,46,37,37,32,64,64,64,64,64,66,66,52,52,52,47,46,46,46,31,55,14,65,59,54,50,38,38,38,36,31,31,33,33,10,10,25,25,4],"gold":123,"neow_bonus":"THREE_RARE_CARDS","is_prod":false,"is_daily":false,"chose_seed":false,"campfire_upgraded":9,"win_rate":0,"timestamp":1539812463,"path_taken":["M","?","?","M","M","R","M","R","T","M","R","?","E","M","R","BOSS","M","?","$","?","M","R","?","R","T","M","M","E","?","E","R","BOSS","M","M","?","M","$","R","E","M","T","M","?","E","R","M","R","BOSS"],"build_version":"2018-10-11","purchased_purges":1,"victory":true,"max_hp_per_floor":[60,65,65,65,65,65,65,65,65,67,67,67,74,74,74,74,74,74,74,74,74,76,76,76,76,76,76,78,80,80,82,82,82,82,82,84,86,86,86,86,88,90,90,92,92,92,92,94,94,94],"card_choices":[{"not_picked":["A Thousand Cuts","Glass Knife"],"picked":"After Image","floor":0},{"not_picked":["Concentrate","PiercingWail"],"picked":"Backflip","floor":1},{"not_picked":["Well Laid Plans","Caltrops"],"picked":"Deadly Poison","floor":4},{"not_picked":["Outmaneuver","Acrobatics"],"picked":"Poisoned Stab","floor":5},{"not_picked":["Blade Dance","Quick Slash"],"picked":"Cloak And Dagger","floor":7},{"not_picked":["Dodge and Roll","Well Laid Plans","Slice"],"picked":"Singing Bowl","floor":10},{"not_picked":["Outmaneuver","Quick Slash"],"picked":"Backstab","floor":12},{"not_picked":["Outmaneuver","Quick Slash"],"picked":"Poisoned Stab","floor":13},{"not_picked":["Cloak And Dagger","Escape Plan"],"picked":"Blur","floor":14},{"not_picked":["Glass Knife","Wraith Form v2"],"picked":"Envenom","floor":16},{"not_picked":["Flying Knee","Backflip"],"picked":"Cloak And Dagger","floor":18},{"not_picked":["Quick Slash","Terror","Dagger Throw"],"picked":"Singing Bowl","floor":22},{"not_picked":["Venomology","Acrobatics"],"picked":"Dodge and Roll+1","floor":24},{"not_picked":["Dagger Throw","Deflect"],"picked":"PiercingWail","floor":27},{"not_picked":["Sucker Punch","Tactician","A Thousand Cuts"],"picked":"Singing Bowl","floor":28},{"not_picked":["Choke","Masterful Stab","Expertise+1"],"picked":"Singing Bowl","floor":29},{"not_picked":["Expertise+1","Deadly Poison","Acrobatics"],"picked":"Singing Bowl","floor":31},{"not_picked":["Burst","Venomology"],"picked":"Corpse Explosion","floor":33},{"not_picked":["Blade Dance","Heel Hook+1"],"picked":"Backflip","floor":35},{"not_picked":["Quick Slash","Dagger Throw+1","Bouncing Flask+1"],"picked":"Singing Bowl","floor":36},{"not_picked":["Finisher","Sucker Punch","Bane"],"picked":"Singing Bowl","floor":37},{"not_picked":["Reflex","PiercingWail"],"picked":"Crippling Poison","floor":38},{"not_picked":["Slice","Outmaneuver","Corpse Explosion"],"picked":"Singing Bowl","floor":41},{"not_picked":["Bane","Dagger Throw","Calculated Gamble"],"picked":"Singing Bowl","floor":42},{"not_picked":["Blade Dance","Deflect","After Image"],"picked":"Singing Bowl","floor":44},{"not_picked":["Blade Dance+1","Dagger Throw"],"picked":"Cloak And Dagger","floor":46},{"not_picked":["Slice","Cloak And Dagger","Acrobatics"],"picked":"Singing Bowl","floor":48}],"player_experience":1376386,"relics_obtained":[{"floor":9,"key":"Singing Bowl"},{"floor":13,"key":"Strawberry"},{"floor":26,"key":"Paper Crane"},{"floor":29,"key":"PreservedInsect"},{"floor":31,"key":"Dodecahedron"},{"floor":41,"key":"Tiny Chest"},{"floor":43,"key":"Mummified Hand"},{"floor":46,"key":"Happy Flower"}],"event_choices":[{"event_name":"Big Fish","player_choice":"Donut","floor":2,"damage_taken":0},{"event_name":"Living Wall","player_choice":"Grow","floor":3,"damage_taken":0},{"event_name":"Drug Dealer","player_choice":"Inject Mutagens","floor":19,"damage_taken":0},{"event_name":"The Library","player_choice":"Read","floor":21,"damage_taken":0},{"event_name":"Back to Basics","player_choice":"Elegance","floor":30,"damage_taken":0}],"is_beta":false,"boss_relics":[{"not_picked":["Snecko Eye","Runic Pyramid"],"picked":"Pandora\u0027s Box"},{"not_picked":["Philosopher\u0027s Stone","WristBlade"],"picked":"Coffee Dripper"}],"items_purged_floors":[20],"is_endless":false,"potions_floor_spawned":[4,5,10,14,18,24,27,31,35,41,44,46,48],"ascension_level":15}