{"gold_per_floor":[116,131,131,150,168,168,197,197,197,230,245,245,258,275,275,354,354,372,383,383,394,319,319,345,345,345,370,370,96,108,135,135,211,211,228,45,145,195,195,195,221,233,293,324,353,11,40,58,58,58],"floor_reached":51,"playtime":1918,"items_purged":["Strike_R"],"score":1256,"play_id":"03c27134-b3d2-4430-b956-6941d5d61138","local_time":"20181030103847","is_ascension_mode":true,"campfire_choices":[{"data":"Bludgeon","floor":6.0,"key":"SMITH"},{"data":"Uppercut","floor":8.0,"key":"SMITH"},{"data":"Feel No Pain","floor":12.0,"key":"SMITH"},{"floor":15.0,"key":"REST"},{"data":"Havoc","floor":23.0,"key":"SMITH"},{"floor":25.0,"key":"REST"},{"data":"Bash","floor":28.0,"key":"SMITH"},{"floor":32.0,"key":"REST"},{"data":"1","floor":40.0,"key":"LIFT"},{"data":"2","floor":42.0,"key":"LIFT"},{"floor":49,"key":"REST"}],"neow_cost":"NONE","seed_source_timestamp":81956685497475,"circlet_count":0,"master_deck":["Strike_R","Strike_R","Strike_R+1","Defend_R","Defend_R","Defend_R","Defend_R","Bash+1","AscendersBane","Bludgeon+1","Shrug It Off","Havoc+1","Feel No Pain+1","Pommel Strike+1","Uppercut+1","Armaments+1","Reckless Charge","Spot Weakness+1","Shrug It Off+1","Offering+1","True Grit+1","Havoc+1","Spot Weakness+1","True Grit+1","Pommel Strike","Cleave","Pummel","Impervious+1","Heavy Blade","Reaper","Evolve","Disarm+1","Warcry+1","Power Through+1","Headbutt+1","Shockwave+1"],"special_seed":0,"relics":["Burning Blood","Art of War","Question Card","Toxic Egg 2","Velvet Choker","Mercury Hourglass","Dodecahedron","Whetstone","Strawberry","Regal Pillow","Lizard Tail","Girya","MawBank","Dream Catcher","Bronze Scales","Potion Belt","Oddly Smooth Stone"],"potions_floor_usage":[47,50],"damage_taken":[{"damage":3.0,"enemies":"2 Louse","floor":1.0,"turns":3.0},{"damage":4.0,"enemies":"Jaw Worm","floor":2.0,"turns":4.0},{"damage":6.0,"enemies":"Small Slimes","floor":4.0,"turns":2.0},{"damage":11.0,"enemies":"Looter","floor":5.0,"turns":2.0},{"damage":37.0,"enemies":"Gremlin Nob","floor":7.0,"turns":5.0},{"damage":17.0,"enemies":"3 Sentries","floor":10.0,"turns":9.0},{"damage":9.0,"enemies":"Large Slime","floor":11.0,"turns":4.0},{"damage":18.0,"enemies":"3 Louse","floor":13.0,"turns":5.0},{"damage":6.0,"enemies":"Blue Slaver","floor":14.0,"turns":2.0},{"damage":21.0,"enemies":"Slime Boss","floor":16.0,"turns":9.0},{"damage":11.0,"enemies":"Shell Parasite","floor":18.0,"turns":6.0},{"damage":13.0,"enemies":"Spheric Guardian","floor":19.0,"turns":4.0},{"damage":8.0,"enemies":"Centurion and Healer","floor":21.0,"turns":5.0},{"damage":26.0,"enemies":"Gremlin Leader","floor":24.0,"turns":6.0},{"damage":13.0,"enemies":"3 Cultists","floor":30.0,"turns":4.0},{"damage":32.0,"enemies":"Slavers","floor":31.0,"turns":5.0},{"damage":59.0,"enemies":"Collector","floor":33.0,"turns":8.0},{"damage":3.0,"enemies":"Orb Walker","floor":35.0,"turns":4.0},{"damage":33.0,"enemies":"Mind Bloom Boss Battle","floor":37.0,"turns":7.0},{"damage":33.0,"enemies":"3 Darklings","floor":44.0,"turns":5.0},{"damage":10.0,"enemies":"4 Shapes","floor":45.0,"turns":7.0},{"damage":33,"enemies":"Reptomancer","floor":47,"turns":7},{"damage":33,"enemies":"Transient","floor":48,"turns":5},{"damage":38,"enemies":"Donu and Deca","floor":50,"turns":9}],"seed_played":"-6088369173281120096","potions_obtained":[{"floor":2.0,"key":"Strength Potion"},{"floor":4.0,"key":"Ancient Potion"},{"floor":24.0,"key":"FearPotion"},{"floor":37.0,"key":"AttackPotion"},{"floor":44.0,"key":"FearPotion"},{"floor":47,"key":"Weak Potion"}],"is_trial":false,"path_per_floor":["M","M","?","M","M","R","E","R","T","E","M","R","M","M","R","B",null,"M","M","?","M","?","R","E","R","T","T","R","$","M","E","R","B",null,"M","$","?","?","?","R","T","R","T","M","M","$","E","M","R","B"],"character_chosen":"IRONCLAD","items_purchased":["Strawberry","Pommel Strike","Reaper","Evolve","Bronze Scales","Potion Belt","SkillPotion"],"campfire_rested":4,"item_purchase_floors":[29,29,36,36,46,46,46],"current_hp_per_floor":[71,73,78,78,73,73,42,42,42,31,28,28,16,16,40,25,66,61,54,54,52,52,52,32,56,56,56,56,63,56,30,71,18,70,73,73,58,58,58,58,58,58,58,57,73,73,75,48,83,72],"gold":58,"neow_bonus":"ONE_RANDOM_RARE_CARD","is_prod":false,"is_daily":false,"chose_seed":false,"campfire_upgraded":5,"win_rate":0,"timestamp":1540921127,"path_taken":["M","M","?","M","M","R","E","R","T","E","M","R","M","M","R","BOSS","M","M","?","M","?","R","E","R","T","?","R","$","M","E","R","BOSS","M","$","?","?","?","R","?","R","T","?","M","$","E","?","R","BOSS"],"build_version":"2018-10-25v2","purchased_purges":1,"victory":true,"max_hp_per_floor":[75,75,80,80,80,80,80,80,80,80,80,80,80,80,80,80,80,80,80,80,80,80,80,80,80,80,80,80,87,87,87,87,87,87,87,87,87,87,83,83,83,83,83,83,83,83,83,83,83,83],"card_choices":[{"not_picked":["Warcry","Corruption"],"picked":"Shrug It Off","floor":1.0},{"not_picked":["Rage","Flex"],"picked":"Havoc","floor":2.0},{"not_picked":["Burning Pact","Blood for Blood"],"picked":"Feel No Pain","floor":4.0},{"not_picked":["Twin Strike","Heavy Blade"],"picked":"Pommel Strike","floor":5.0},{"not_picked":["Seeing Red","Second Wind"],"picked":"Uppercut","floor":7.0},{"not_picked":["Rampage","Burning Pact","Cleave"],"picked":"Armaments","floor":10.0},{"not_picked":["Pommel Strike","Power Through+1","Clothesline"],"picked":"Reckless Charge","floor":11.0},{"not_picked":["Heavy Blade","Berserk","Perfected Strike"],"picked":"Spot Weakness+1","floor":13.0},{"not_picked":["Dual Wield+1","Combust","Entrench+1"],"picked":"Shrug It Off+1","floor":14.0},{"not_picked":["Limit Break+1","Berserk","Double Tap+1"],"picked":"Offering+1","floor":16.0},{"not_picked":["Flex+1","Entrench+1","Ghostly Armor+1"],"picked":"True Grit+1","floor":18.0},{"not_picked":["Headbutt","Carnage","Clothesline"],"picked":"Havoc+1","floor":19.0},{"not_picked":["Second Wind+1","Feel No Pain","Havoc+1"],"picked":"Spot Weakness+1","floor":21.0},{"not_picked":["Infernal Blade+1","Pommel Strike","Blood for Blood"],"picked":"True Grit+1","floor":24.0},{"not_picked":["Wild Strike","Clothesline","Infernal Blade+1"],"picked":"Cleave","floor":30.0},{"not_picked":["Dropkick","Shrug It Off+1","Wild Strike"],"picked":"Pummel","floor":31.0},{"not_picked":["Barricade","Double Tap+1","Juggernaut"],"picked":"Impervious+1","floor":33.0},{"not_picked":["Clash","Thunderclap","Cleave"],"picked":"Heavy Blade","floor":35.0},{"not_picked":["Searing Blow","Iron Wave","Intimidate+1"],"picked":"Disarm+1","floor":37.0},{"not_picked":["Cleave","Armaments+1","Sever Soul"],"picked":"Warcry+1","floor":44.0},{"not_picked":["Havoc+1","Thunderclap","Entrench+1","Pommel Strike+1"],"picked":"SKIP","floor":45.0},{"not_picked":["Battle Trance+1","Double Tap+1","Wild Strike+1"],"picked":"Power Through+1","floor":47},{"not_picked":["Entrench+1","Body Slam","True Grit+1"],"picked":"Headbutt+1","floor":48},{"not_picked":["True Grit+1","Sword Boomerang+1","Combust"],"picked":"Shockwave+1","floor":49}],"player_experience":1520674,"relics_obtained":[{"floor":7.0,"key":"Art of War"},{"floor":9.0,"key":"Question Card"},{"floor":10.0,"key":"Toxic Egg 2"},{"floor":24.0,"key":"Mercury Hourglass"},{"floor":26.0,"key":"Dodecahedron"},{"floor":27.0,"key":"Whetstone"},{"floor":31.0,"key":"Regal Pillow"},{"floor":37.0,"key":"Girya"},{"floor":41.0,"key":"MawBank"},{"floor":43.0,"key":"Dream Catcher"},{"floor":47,"key":"Oddly Smooth Stone"}],"event_choices":[{"damage_healed":0.0,"max_hp_gain":5.0,"max_hp_loss":0.0,"gold_gain":0.0,"event_name":"Big Fish","player_choice":"Donut","floor":3.0,"gold_loss":0.0,"damage_taken":0.0},{"damage_healed":0.0,"max_hp_gain":0.0,"max_hp_loss":0.0,"gold_gain":0.0,"event_name":"The Mausoleum","player_choice":"Ignored","floor":20.0,"gold_loss":0.0,"damage_taken":0.0},{"cards_removed":["Strike_R"],"damage_healed":0.0,"max_hp_gain":0.0,"max_hp_loss":0.0,"gold_gain":0.0,"event_name":"Beggar","player_choice":"Gave Gold","floor":22.0,"gold_loss":75.0,"damage_taken":0.0},{"damage_healed":0.0,"max_hp_gain":0.0,"max_hp_loss":0.0,"gold_gain":0.0,"event_name":"MindBloom","player_choice":"Fight","floor":37.0,"gold_loss":0.0,"damage_taken":0.0},{"damage_healed":0.0,"max_hp_gain":0.0,"max_hp_loss":0.0,"gold_gain":100.0,"event_name":"Golden Shrine","player_choice":"Pray","floor":38.0,"gold_loss":0.0,"damage_taken":0.0},{"damage_healed":0.0,"max_hp_gain":0.0,"max_hp_loss":4.0,"gold_gain":0.0,"event_name":"Winding Halls","player_choice":"Max HP","floor":39.0,"gold_loss":0.0,"damage_taken":0.0}],"is_beta":false,"boss_relics":[{"not_picked":["Philosopher\u0027s Stone","Runic Pyramid"],"picked":"Velvet Choker"},{"not_picked":["White Beast Statue","Orrery"],"picked":"Lizard Tail"}],"items_purged_floors":[29],"is_endless":false,"potions_floor_spawned":[2,4,11,18,24,37,44,47],"ascension_level":15}