{"gold_per_floor":[117,130,62,77,77,77,105,119,119,144,155,181,70,129,129,226,226,240,1,19,19,37,72,72,83,106,106,121,121,140,65,65,160,160,176,192,36,36,36,36,70,70],"floor_reached":42,"playtime":2817,"items_purged":[],"score":724,"play_id":"7cbe9734-ab14-4e93-a8a3-cab4e5a597b7","local_time":"20181227050224","is_ascension_mode":true,"campfire_choices":[{"data":"Zap","floor":6.0,"key":"SMITH"},{"data":"Go for the Eyes","floor":15.0,"key":"SMITH"},{"floor":24.0,"key":"REST"},{"floor":27.0,"key":"REST"},{"data":"White Noise","floor":29.0,"key":"SMITH"},{"floor":32.0,"key":"REST"},{"floor":40.0,"key":"REST"}],"neow_cost":"NONE","seed_source_timestamp":49323187691345,"circlet_count":0,"master_deck":["AscendersBane","Strike_B","Defend_B","Defend_B","Defend_B","Zap+1","Dualcast","Go for the Eyes+1","Force Field","Defragment","Glacier","Consume","Hologram","Rip and Tear+1","Capacitor","Electrodynamics","Darkness","Melter","Core Surge","Streamline+1","Metamorphosis","Ball Lightning","Fusion","Sweeping Beam","Chill","Redo","White Noise+1","Double Energy","Consume+1","Echo Form","Force Field","Go for the Eyes+1","FTL+1","Blind","Stack"],"special_seed":0,"relics":["Cracked Core","Anchor","Mercury Hourglass","Shuriken","Blue Candle","Empty Cage","Blood Vial","Vajra","Sozu","Whetstone"],"potions_floor_usage":[],"damage_taken":[{"damage":2.0,"enemies":"Jaw Worm","floor":1.0,"turns":3.0},{"damage":0.0,"enemies":"Cultist","floor":2.0,"turns":3.0},{"damage":0.0,"enemies":"Small Slimes","floor":4.0,"turns":3.0},{"damage":17.0,"enemies":"3 Sentries","floor":7.0,"turns":11.0},{"damage":0.0,"enemies":"Blue Slaver","floor":8.0,"turns":4.0},{"damage":16.0,"enemies":"Gremlin Nob","floor":10.0,"turns":5.0},{"damage":0.0,"enemies":"Lots of Slimes","floor":11.0,"turns":3.0},{"damage":8.0,"enemies":"Lagavulin","floor":12.0,"turns":6.0},{"damage":21.0,"enemies":"Hexaghost","floor":16.0,"turns":7.0},{"damage":2.0,"enemies":"3 Byrds","floor":18.0,"turns":2.0},{"damage":0.0,"enemies":"Chosen","floor":20.0,"turns":4.0},{"damage":13.0,"enemies":"Snecko","floor":22.0,"turns":5.0},{"damage":49.0,"enemies":"Book of Stabbing","floor":23.0,"turns":7.0},{"damage":6.0,"enemies":"Sentry and Sphere","floor":25.0,"turns":3.0},{"damage":25.0,"enemies":"Snake Plant","floor":28.0,"turns":4.0},{"damage":2.0,"enemies":"Cultist and Chosen","floor":30.0,"turns":4.0},{"damage":60.0,"enemies":"Champ","floor":33.0,"turns":12.0},{"damage":11.0,"enemies":"3 Darklings","floor":35.0,"turns":5.0},{"damage":15.0,"enemies":"Orb Walker","floor":36.0,"turns":3.0},{"damage":49.0,"enemies":"Reptomancer","floor":41.0,"turns":8.0},{"damage":21,"enemies":"Transient","floor":42,"turns":5}],"seed_played":"-2406350445520320954","potions_obtained":[{"floor":1.0,"key":"PowerPotion"},{"floor":2.0,"key":"FearPotion"},{"floor":4.0,"key":"SteroidPotion"},{"floor":10.0,"key":"SkillPotion"},{"floor":12.0,"key":"PowerPotion"},{"floor":16.0,"key":"SpeedPotion"},{"floor":22.0,"key":"Regen Potion"},{"floor":23.0,"key":"Energy Potion"},{"floor":25.0,"key":"SpeedPotion"}],"is_trial":false,"path_per_floor":["M","M","$","M","?","R","E","M","T","E","M","E","$","?","R","B",null,"M","$","M","M","E","R","M","T","R","M","R","M","?","R","B",null,"M","M","$","?","?","R","E"],"character_chosen":"DEFECT","items_purchased":["Defragment","Darkness","Melter","Metamorphosis","Ball Lightning","FTL","Blind"],"campfire_rested":4,"item_purchase_floors":[3,13,13,19,19,37,37],"current_hp_per_floor":[73,73,73,73,73,73,56,56,56,40,40,32,32,32,32,11,64,62,62,62,62,49,15,39,35,35,59,36,36,36,36,60,2,62,53,40,40,40,40,64,17,0],"gold":70,"neow_bonus":"TEN_PERCENT_HP_BONUS","is_prod":false,"is_daily":false,"chose_seed":false,"campfire_upgraded":3,"win_rate":0,"timestamp":1545883344,"path_taken":["M","M","$","M","?","R","E","M","T","E","?","E","$","?","R","BOSS","M","$","M","?","M","E","R","M","T","R","M","R","?","?","R","BOSS","M","M","$","?","?","R","E","?"],"build_version":"2018-12-25","purchased_purges":0,"victory":false,"max_hp_per_floor":[82,82,82,82,82,82,82,82,82,82,82,82,82,82,82,82,82,82,82,82,82,82,82,82,82,82,82,82,82,82,82,82,82,82,82,82,82,82,82,82,82,82],"card_choices":[{"not_picked":["Auto Shields","Force Field"],"picked":"Go for the Eyes","floor":1.0},{"not_picked":["Recycle","Turbo"],"picked":"Force Field","floor":2.0},{"not_picked":["Ball Lightning","Rip and Tear"],"picked":"Glacier","floor":4.0},{"not_picked":["Stack","White Noise"],"picked":"Consume","floor":7.0},{"not_picked":["Coolheaded","Turbo"],"picked":"Hologram","floor":8.0},{"not_picked":["Sweeping Beam","Stack"],"picked":"Rip and Tear","floor":10.0},{"not_picked":["BootSequence","Compile Driver"],"picked":"Capacitor","floor":11.0},{"not_picked":["FTL","Steam"],"picked":"Electrodynamics","floor":12.0},{"not_picked":["Machine Learning","Electrodynamics"],"picked":"Core Surge","floor":16.0},{"not_picked":["Static Discharge","Go for the Eyes"],"picked":"Streamline+1","floor":18.0},{"not_picked":["Go for the Eyes","Capacitor"],"picked":"Fusion","floor":20.0},{"not_picked":["Hologram","Force Field"],"picked":"Chill","floor":22.0},{"not_picked":["Gash","Cold Snap"],"picked":"Redo","floor":23.0},{"not_picked":["Lockon","Static Discharge"],"picked":"White Noise","floor":25.0},{"not_picked":["Sweeping Beam+1","Compile Driver"],"picked":"Double Energy","floor":28.0},{"not_picked":["Redo","Go for the Eyes+1"],"picked":"Consume+1","floor":30.0},{"not_picked":["Biased Cognition","Electrodynamics"],"picked":"Echo Form","floor":33.0},{"not_picked":["Tempest","Streamline"],"picked":"Force Field","floor":35.0},{"not_picked":["Coolheaded+1","Steam+1"],"picked":"Go for the Eyes+1","floor":36.0},{"not_picked":["Rebound+1","Steam"],"picked":"Stack","floor":41.0}],"player_experience":307065,"relics_obtained":[{"floor":7.0,"key":"Anchor"},{"floor":9.0,"key":"Mercury Hourglass"},{"floor":10.0,"key":"Shuriken"},{"floor":12.0,"key":"Blue Candle"},{"floor":23.0,"key":"Blood Vial"},{"floor":26.0,"key":"Vajra"},{"floor":41.0,"key":"Whetstone"}],"event_choices":[{"cards_removed":["Strike_B"],"damage_healed":0.0,"max_hp_gain":0.0,"max_hp_loss":0.0,"gold_gain":0.0,"event_name":"Purifier","player_choice":"Purged","floor":5.0,"gold_loss":0.0,"damage_taken":0.0},{"damage_healed":0.0,"max_hp_gain":0.0,"max_hp_loss":0.0,"gold_gain":59.0,"event_name":"Golden Wing","player_choice":"Gained Gold","floor":14.0,"gold_loss":0.0,"damage_taken":0.0},{"damage_healed":0.0,"max_hp_gain":0.0,"max_hp_loss":0.0,"gold_gain":0.0,"event_name":"Match and Keep!","player_choice":"2 cards matched","floor":21.0,"gold_loss":0.0,"damage_taken":0.0,"cards_obtained":["Hyperbeam","Sweeping Beam"]},{"cards_removed":["Strike_B"],"damage_healed":0.0,"max_hp_gain":0.0,"max_hp_loss":0.0,"gold_gain":0.0,"event_name":"Beggar","player_choice":"Gave Gold","floor":31.0,"gold_loss":75.0,"damage_taken":0.0},{"cards_removed":["Hyperbeam"],"damage_healed":0.0,"max_hp_gain":0.0,"max_hp_loss":0.0,"gold_gain":0.0,"event_name":"Falling","player_choice":"Removed Attack","floor":38.0,"gold_loss":0.0,"damage_taken":0.0},{"damage_healed":0.0,"max_hp_gain":0.0,"max_hp_loss":0.0,"gold_gain":0.0,"event_name":"Lab","player_choice":"Got Potions","floor":39.0,"gold_loss":0.0,"damage_taken":0.0}],"is_beta":true,"boss_relics":[{"not_picked":["Velvet Choker","Cursed Key"],"picked":"Empty Cage"},{"not_picked":["Inserter","Fusion Hammer"],"picked":"Sozu"}],"items_purged_floors":[],"is_endless":false,"potions_floor_spawned":[1,2,4,10,12,16,22,23,25,41],"killed_by":"Transient","ascension_level":10}