{"gold_per_floor":[115,115,190,190,210,225,26,26,53,65,77,103,131,158,170,285,297,325,369,381,376,13,13,45,60,60,76,93,93,106,117,117,219,219,229,243,243,261,122,122,344,362,362,362,362,362,381,39,39,39],"floor_reached":51,"playtime":4552,"items_purged":["Defend_G","Strike_G"],"score":798,"play_id":"fc3479f7-1a47-48c0-82cf-b70a828a3aa3","local_time":"20181013021411","is_ascension_mode":true,"campfire_choices":[{"data":"Backflip","floor":8,"key":"SMITH"},{"data":"Flechettes","floor":11,"key":"SMITH"},{"data":"Deadly Poison","floor":15,"key":"SMITH"},{"floor":23,"key":"REST"},{"data":"Noxious Fumes","floor":29,"key":"SMITH"},{"floor":32,"key":"REST"},{"data":"Envenom","floor":40,"key":"SMITH"},{"data":"Leg Sweep","floor":45,"key":"SMITH"},{"data":"Footwork","floor":49,"key":"SMITH"}],"neow_cost":"NONE","seed_source_timestamp":195788159094604,"circlet_count":0,"master_deck":["Defend_G","Defend_G","Defend_G","Defend_G","Strike_G","Survivor","Neutralize","Catalyst+1","Burst+1","Unload+1","Backflip+1","Flying Knee","Deadly Poison+1","Envenom+1","Dodge and Roll","Noxious Fumes+1","PiercingWail+1","Deadly Poison","Leg Sweep+1","Catalyst+1","Footwork+1"],"relics":["Astrolabe","TheAbacus","MawBank","Velvet Choker","Red Mask","The Specimen","Bottled Tornado","Dodecahedron","Lizard Tail","Ice Cream","Unceasing Top","Mummified Hand"],"potions_floor_usage":[16,16,33,37,37,47,50],"damage_taken":[{"damage":1,"enemies":"Cultist","floor":1,"turns":4},{"damage":0,"enemies":"2 Louse","floor":5,"turns":3},{"damage":0,"enemies":"Jaw Worm","floor":6,"turns":4},{"damage":3,"enemies":"Large Slime","floor":12,"turns":7},{"damage":2,"enemies":"2 Fungi Beasts","floor":13,"turns":3},{"damage":4,"enemies":"Exordium Wildlife","floor":14,"turns":3},{"damage":0,"enemies":"Hexaghost","floor":16,"turns":7},{"damage":10,"enemies":"3 Byrds","floor":18,"turns":7},{"damage":29,"enemies":"Masked Bandits","floor":19,"turns":8},{"damage":3,"enemies":"2 Thieves","floor":21,"turns":4},{"damage":17,"enemies":"Book of Stabbing","floor":24,"turns":5},{"damage":2,"enemies":"Snecko","floor":25,"turns":4},{"damage":10,"enemies":"Cultist and Chosen","floor":27,"turns":5},{"damage":1,"enemies":"Sentry and Sphere","floor":28,"turns":4},{"damage":5,"enemies":"Snecko","floor":30,"turns":5},{"damage":0,"enemies":"Shelled Parasite and Fungi","floor":31,"turns":4},{"damage":0,"enemies":"Automaton","floor":33,"turns":6},{"damage":11,"enemies":"Orb Walker","floor":35,"turns":3},{"damage":2,"enemies":"3 Shapes","floor":36,"turns":5},{"damage":0,"enemies":"Mind Bloom Boss Battle","floor":37,"turns":5},{"damage":3,"enemies":"3 Darklings","floor":38,"turns":5},{"damage":9,"enemies":"Reptomancer","floor":42,"turns":5},{"damage":1,"enemies":"Transient","floor":47,"turns":5},{"damage":29,"enemies":"Donu and Deca","floor":50,"turns":6}],"seed_played":"8947207226704844235","potions_obtained":[{"floor":1,"key":"Strength Potion"},{"floor":5,"key":"SpeedPotion"},{"floor":13,"key":"Swift Potion"},{"floor":21,"key":"PowerPotion"},{"floor":25,"key":"Fire Potion"},{"floor":30,"key":"Dexterity Potion"},{"floor":33,"key":"AttackPotion"},{"floor":38,"key":"Weak Potion"},{"floor":42,"key":"SteroidPotion"},{"floor":47,"key":"SpeedPotion"}],"is_trial":false,"path_per_floor":["M","?","?","?","M","M","$","R","T","?","R","M","M","M","R","B",null,"M","?","?","M","$","R","E","M","T","M","M","R","M","M","R","B",null,"M","M","?","M","$","R","?","M","T","?","R","?","M","$","R","B"],"character_chosen":"THE_SILENT","items_purchased":["TheAbacus","The Specimen","Leg Sweep","Mummified Hand","Footwork"],"campfire_rested":2,"item_purchase_floors":[7,22,39,48,48],"current_hp_per_floor":[69,69,58,58,58,58,58,58,58,58,58,55,53,49,49,49,70,60,31,31,28,28,49,32,30,30,20,19,19,14,14,35,35,70,59,57,57,54,54,54,54,45,45,45,45,45,44,44,44,15],"gold":39,"neow_bonus":"BOSS_RELIC","is_prod":false,"is_daily":false,"chose_seed":false,"campfire_upgraded":7,"win_rate":0,"timestamp":1539411251,"path_taken":["M","?","?","?","M","M","$","R","T","?","R","M","?","M","R","BOSS","M","?","?","M","$","R","E","M","T","?","M","R","M","M","R","BOSS","M","M","?","M","?","R","?","M","T","?","R","?","M","?","R","BOSS"],"build_version":"2018-09-27","purchased_purges":2,"victory":true,"max_hp_per_floor":[70,70,70,70,70,70,70,70,70,70,70,70,70,70,70,70,70,70,70,70,70,70,70,70,70,70,70,70,70,70,70,70,70,70,70,70,70,70,70,70,70,70,70,70,70,70,70,70,70,70],"card_choices":[{"not_picked":["Predator","Caltrops"],"picked":"Backflip","floor":1},{"not_picked":["Blur","Caltrops","Accuracy"],"picked":"SKIP","floor":5},{"not_picked":["Endless Agony","Heel Hook"],"picked":"Flechettes","floor":6},{"not_picked":["Slice","Dash","Bane"],"picked":"SKIP","floor":12},{"not_picked":["Slice","Night Terror"],"picked":"Flying Knee","floor":13},{"not_picked":["Bane","Leg Sweep"],"picked":"Deadly Poison","floor":14},{"not_picked":["Doppelganger","Phantasmal Killer"],"picked":"Envenom","floor":16},{"not_picked":["Dagger Throw","Flying Knee+1","Outmaneuver"],"picked":"SKIP","floor":18},{"not_picked":["Blade Dance+1","Bane+1"],"picked":"Dodge and Roll","floor":19},{"not_picked":["Predator+1","Cloak And Dagger"],"picked":"Noxious Fumes","floor":21},{"not_picked":["Cloak And Dagger","Unload","Dagger Throw"],"picked":"SKIP","floor":24},{"not_picked":["Underhanded Strike+1","Backflip"],"picked":"PiercingWail+1","floor":25},{"not_picked":["Heel Hook","Blade Dance","Reflex"],"picked":"SKIP","floor":27},{"not_picked":["Tactician+1","Distraction","Terror+1"],"picked":"SKIP","floor":28},{"not_picked":["Underhanded Strike+1","Poisoned Stab","Deflect"],"picked":"SKIP","floor":30},{"not_picked":["Prepared","Blade Dance+1","Underhanded Strike"],"picked":"SKIP","floor":31},{"not_picked":["Blade Dance","Expertise+1","Well Laid Plans"],"picked":"SKIP","floor":35},{"not_picked":["Flechettes","Dagger Throw"],"picked":"Deadly Poison","floor":36},{"not_picked":["Prepared","Flying Knee","Dagger Throw+1"],"picked":"SKIP","floor":38},{"not_picked":["Slice","Underhanded Strike+1"],"picked":"Catalyst+1","floor":42},{"not_picked":["Quick Slash","Bullet Time","Finisher+1"],"picked":"SKIP","floor":47}],"player_experience":42175,"relics_obtained":[{"floor":9,"key":"MawBank"},{"floor":19,"key":"Red Mask"},{"floor":24,"key":"Bottled Tornado"},{"floor":26,"key":"Dodecahedron"},{"floor":37,"key":"Ice Cream"},{"floor":43,"key":"Unceasing Top"}],"event_choices":[{"event_name":"Scrap Ooze","player_choice":"unsuccessful","floor":2,"damage_taken":0},{"event_name":"World of Goop","player_choice":"Gather Gold","floor":3,"damage_taken":0},{"event_name":"Liars Game","player_choice":"disagreed","floor":4,"damage_taken":0},{"event_name":"Match and Keep!","player_choice":"0 cards matched","floor":10,"damage_taken":0},{"event_name":"Masked Bandits","player_choice":"Fought Bandits","floor":19,"damage_taken":0},{"event_name":"Ghosts","player_choice":"Ignored","floor":20,"damage_taken":0},{"event_name":"MindBloom","player_choice":"Fight","floor":37,"damage_taken":0},{"event_name":"Tomb of Lord Red Mask","player_choice":"Wore Mask","floor":41,"damage_taken":0},{"event_name":"Falling","player_choice":"Removed Attack","floor":44,"damage_taken":0},{"event_name":"Mysterious Sphere","player_choice":"Ignore","floor":46,"damage_taken":0}],"is_beta":false,"boss_relics":[{"not_picked":["Calling Bell","Fusion Hammer"],"picked":"Velvet Choker"},{"not_picked":["Runic Pyramid","Cursed Key"],"picked":"Lizard Tail"}],"items_purged_floors":[22,39],"is_endless":false,"potions_floor_spawned":[1,5,13,21,25,30,33,36,38,42,47],"ascension_level":1}