{"gold_per_floor":[114,129,139,150,165,193,193,143,143,160,67,67,67,29,29,158,158,181,205,205,226,250,250,60,60],"floor_reached":25,"playtime":1205,"items_purged":[],"score":256,"play_id":"a44e4166-b95d-4435-a131-f8a4cd3bdd28","local_time":"25611024181744","is_ascension_mode":true,"campfire_choices":[{"floor":7.0,"key":"REST"},{"data":"Cloak And Dagger","floor":12.0,"key":"SMITH"},{"data":"Footwork","floor":15.0,"key":"SMITH"},{"floor":23,"key":"REST"}],"neow_cost":"NONE","seed_source_timestamp":30554942752929,"circlet_count":0,"master_deck":["Defend_G","Defend_G","Defend_G","Defend_G","Strike_G","Strike_G","Strike_G","Strike_G","Strike_G","Survivor","Neutralize","Concentrate","Cloak And Dagger","Escape Plan","Backflip","Well Laid Plans","Choke","Cloak And Dagger+1","Accuracy","Injury","Footwork+1","Envenom","Blade Dance","Blur","Masterful Stab"],"special_seed":0,"relics":["Ring of the Snake","Regal Pillow","Singing Bowl","Golden Idol","WristBlade","Vajra"],"potions_floor_usage":[21,21,25],"damage_taken":[{"damage":3.0,"enemies":"Cultist","floor":1.0,"turns":4.0},{"damage":4.0,"enemies":"Small Slimes","floor":2.0,"turns":4.0},{"damage":4.0,"enemies":"Jaw Worm","floor":3.0,"turns":5.0},{"damage":3.0,"enemies":"Exordium Thugs","floor":4.0,"turns":5.0},{"damage":5.0,"enemies":"Red Slaver","floor":5.0,"turns":5.0},{"damage":41.0,"enemies":"Lagavulin","floor":6.0,"turns":7.0},{"damage":3.0,"enemies":"Blue Slaver","floor":10.0,"turns":5.0},{"damage":12.0,"enemies":"The Guardian","floor":16.0,"turns":13.0},{"damage":19.0,"enemies":"3 Byrds","floor":18.0,"turns":7.0},{"damage":10.0,"enemies":"Shell Parasite","floor":19.0,"turns":7.0},{"damage":16,"enemies":"Snecko","floor":21,"turns":6},{"damage":14,"enemies":"Chosen and Byrds","floor":22,"turns":8},{"damage":54,"enemies":"Book of Stabbing","floor":25,"turns":6}],"seed_played":"5974246566173984390","potions_obtained":[{"floor":2.0,"key":"Fire Potion"},{"floor":3.0,"key":"SteroidPotion"},{"floor":5.0,"key":"LiquidBronze"},{"floor":6.0,"key":"LiquidBronze"},{"floor":10.0,"key":"Explosive Potion"},{"floor":16.0,"key":"Ancient Potion"},{"floor":19.0,"key":"Energy Potion"},{"floor":22,"key":"Energy Potion"}],"is_trial":false,"path_per_floor":["M","M","M","M","M","E","R","?","T","M","$","R","?","$","R","B",null,"M","M","?","M","M","R","$"],"character_chosen":"THE_SILENT","items_purchased":["Cloak And Dagger","Accuracy","Footwork","Vajra","Masterful Stab"],"campfire_rested":2,"item_purchase_floors":[11,11,14,24,24],"current_hp_per_floor":[74,70,66,63,58,17,55,55,55,52,52,52,52,52,52,40,68,49,41,41,27,13,52,52,0],"gold":60,"neow_bonus":"TEN_PERCENT_HP_BONUS","is_prod":false,"is_daily":false,"chose_seed":false,"campfire_upgraded":2,"win_rate":0,"timestamp":1540379864,"path_taken":["M","?","M","M","M","E","R","?","T","?","$","R","?","$","R","BOSS","M","M","?","M","M","R","$","E"],"build_version":"2018-10-18","purchased_purges":0,"victory":false,"max_hp_per_floor":[77,77,77,77,77,77,77,77,77,77,77,77,77,77,77,77,77,77,79,79,81,81,81,81,81],"card_choices":[{"not_picked":["Slice","Deadly Poison"],"picked":"Concentrate","floor":1.0},{"not_picked":["PiercingWail","Slice"],"picked":"Cloak And Dagger","floor":2.0},{"not_picked":["Underhanded Strike","Quick Slash"],"picked":"Escape Plan","floor":3.0},{"not_picked":["Prepared","Expertise","Quick Slash"],"picked":"SKIP","floor":4.0},{"not_picked":["Setup","Dodge and Roll"],"picked":"Backflip","floor":5.0},{"not_picked":["Deadly Poison","Eviscerate"],"picked":"Well Laid Plans","floor":6.0},{"not_picked":["Quick Slash","Prepared"],"picked":"Choke","floor":10.0},{"not_picked":["Die Die Die","Tools of the Trade"],"picked":"Envenom","floor":16.0},{"not_picked":["Deflect","Flying Knee"],"picked":"Blade Dance","floor":18.0},{"not_picked":["Backstab","Dodge and Roll","Deflect+1"],"picked":"Singing Bowl","floor":19.0},{"not_picked":["Skewer","Flying Knee+1","Tactician"],"picked":"Singing Bowl","floor":21},{"not_picked":["Sucker Punch","Eviscerate"],"picked":"Blur","floor":22}],"player_experience":224525,"relics_obtained":[{"floor":6.0,"key":"Regal Pillow"},{"floor":9.0,"key":"Singing Bowl"}],"event_choices":[{"cards_removed":["Defend_G"],"damage_healed":0.0,"max_hp_gain":0.0,"max_hp_loss":0.0,"gold_gain":0.0,"event_name":"The Cleric","player_choice":"Card Removal","floor":8.0,"gold_loss":50.0,"damage_taken":0.0},{"damage_healed":0.0,"max_hp_gain":0.0,"max_hp_loss":0.0,"gold_gain":0.0,"event_name":"Golden Idol","player_choice":"Take Wound","floor":13.0,"gold_loss":0.0,"damage_taken":0.0,"relics_obtained":["Golden Idol"],"cards_obtained":["Injury"]},{"damage_healed":0.0,"max_hp_gain":0.0,"max_hp_loss":0.0,"gold_gain":0.0,"event_name":"Ghosts","player_choice":"Ignored","floor":20.0,"gold_loss":0.0,"damage_taken":0.0}],"is_beta":false,"boss_relics":[{"not_picked":["White Beast Statue","Pandora\u0027s Box"],"picked":"WristBlade"}],"items_purged_floors":[],"is_endless":false,"potions_floor_spawned":[2,3,5,6,10,16,19,22],"killed_by":"Book of Stabbing","ascension_level":5}