{"gold_per_floor":[118,193,193,118,130,130,160,175,175,5,5,22,22,38,38,109,109,122,135,135,135],"floor_reached":21,"playtime":841,"items_purged":[],"score":377,"play_id":"970103f1-6e5d-4272-92b4-0742ac3370cf","local_time":"20190104025029","is_ascension_mode":true,"campfire_choices":[{"data":"True Grit","floor":6,"key":"SMITH"},{"data":"Fiend Fire","floor":11,"key":"SMITH"},{"data":"Inflame","floor":15,"key":"SMITH"}],"neow_cost":"NONE","seed_source_timestamp":1208261579119551,"circlet_count":0,"master_deck":["AscendersBane","Strike_R","Strike_R","Strike_R","Strike_R","Defend_R","Defend_R","Defend_R","Defend_R","Bash","True Grit+1","Ghostly Armor","Clothesline","Twin Strike","Fiend Fire+1","Flame Barrier","Rampage+1","Inflame+1","Demon Form","Flame Barrier+1","Disarm"],"relics":["Burning Blood","NeowsBlessing","Champion Belt","Pen Nib","Torii","Fusion Hammer"],"potions_floor_usage":[14,21],"damage_taken":[{"damage":0,"enemies":"2 Louse","floor":1,"turns":1},{"damage":0,"enemies":"Jaw Worm","floor":5,"turns":1},{"damage":0,"enemies":"Lagavulin","floor":7,"turns":2},{"damage":4,"enemies":"Small Slimes","floor":8,"turns":5},{"damage":20,"enemies":"2 Fungi Beasts","floor":12,"turns":4},{"damage":2,"enemies":"Lots of Slimes","floor":14,"turns":6},{"damage":19,"enemies":"Hexaghost","floor":16,"turns":14},{"damage":9,"enemies":"2 Thieves","floor":18,"turns":5},{"damage":2,"enemies":"Spheric Guardian","floor":19,"turns":5},{"damage":75,"enemies":"Masked Bandits","floor":21,"turns":5}],"seed_played":"6040065109383301068","potions_obtained":[{"floor":5,"key":"AttackPotion"},{"floor":16,"key":"FearPotion"}],"is_trial":false,"path_per_floor":["M","?","?","?","M","R","E","M","T","$","R","M","?","M","R","B",null,"M","M","?","?"],"character_chosen":"IRONCLAD","items_purchased":["Fiend Fire","Flame Barrier"],"campfire_rested":0,"item_purchase_floors":[10,10],"current_hp_per_floor":[74,63,37,37,43,43,49,51,51,51,51,37,37,41,41,28,63,60,64,64,0],"gold":135,"neow_bonus":"THREE_ENEMY_KILL","is_prod":false,"is_daily":false,"chose_seed":false,"campfire_upgraded":3,"win_rate":0,"timestamp":1546566629,"path_taken":["M","?","?","?","M","R","E","M","T","$","R","M","?","M","R","BOSS","M","?","?","?"],"build_version":"2018-12-20","purchased_purges":0,"victory":false,"max_hp_per_floor":[75,75,75,75,75,75,75,75,75,75,75,75,75,75,75,75,75,75,75,75,75],"card_choices":[{"not_picked":["Clash","Body Slam"],"picked":"True Grit","floor":1},{"not_picked":["Body Slam","Headbutt"],"picked":"Ghostly Armor","floor":5},{"not_picked":["Pommel Strike","Anger"],"picked":"Clothesline","floor":7},{"not_picked":["Iron Wave","Pommel Strike"],"picked":"Twin Strike","floor":8},{"not_picked":["Entrench","Iron Wave"],"picked":"Rampage","floor":12},{"not_picked":["Pommel Strike","Body Slam"],"picked":"Inflame","floor":14},{"not_picked":["Berserk","Offering"],"picked":"Demon Form","floor":16},{"not_picked":["Headbutt","Havoc"],"picked":"Flame Barrier+1","floor":18},{"not_picked":["Thunderclap","Armaments","Anger"],"picked":"SKIP","floor":19}],"player_experience":398571,"relics_obtained":[{"floor":7,"key":"Pen Nib"},{"floor":9,"key":"Torii"}],"event_choices":[{"damage_healed":0,"gold_gain":75,"player_choice":"Gather Gold","damage_taken":11,"max_hp_gain":0,"max_hp_loss":0,"event_name":"World of Goop","floor":2,"gold_loss":0},{"damage_healed":0,"gold_gain":0,"player_choice":"Success","damage_taken":26,"relics_obtained":["Champion Belt"],"max_hp_gain":0,"max_hp_loss":0,"event_name":"Scrap Ooze","floor":3,"gold_loss":0},{"cards_removed":["Strike_R"],"damage_healed":0,"gold_gain":0,"player_choice":"Card Removal","damage_taken":0,"max_hp_gain":0,"max_hp_loss":0,"event_name":"The Cleric","floor":4,"gold_loss":75},{"damage_healed":0,"gold_gain":0,"player_choice":"Forge","damage_taken":0,"max_hp_gain":0,"max_hp_loss":0,"event_name":"Accursed Blacksmith","floor":13,"gold_loss":0,"cards_upgraded":["Rampage"]},{"damage_healed":0,"gold_gain":0,"player_choice":"Read","damage_taken":0,"max_hp_gain":0,"max_hp_loss":0,"event_name":"The Library","floor":20,"gold_loss":0,"cards_obtained":["Disarm"]},{"damage_healed":0,"gold_gain":0,"player_choice":"Fought Bandits","damage_taken":0,"max_hp_gain":0,"max_hp_loss":0,"event_name":"Masked Bandits","floor":21,"gold_loss":0}],"is_beta":false,"boss_relics":[{"not_picked":["Eternal Feather","Lizard Tail"],"picked":"Fusion Hammer"}],"items_purged_floors":[],"is_endless":false,"potions_floor_spawned":[5,16],"killed_by":"Masked Bandits","ascension_level":17}