{"gold_per_floor":[124,136,168,198,230,242,282,294,358,370,400,442,467,493,505,594,606,631,662,674,736,475,475,502,8,88,120,131,142,168,87,87,160,160,179,22,122,122,134,134,168,168,168,187,239,254,271,24,24,24],"floor_reached":51,"playtime":2810,"items_purged":["Strike_G","Strike_G","Clumsy"],"score":1357,"play_id":"cb3d6d54-7897-43f5-beb2-8362054bcf9c","local_time":"20181031140424","is_ascension_mode":true,"campfire_choices":[{"data":"Neutralize","floor":6.0,"key":"SMITH"},{"floor":8.0,"key":"REST"},{"data":"Cloak And Dagger","floor":10.0,"key":"SMITH"},{"floor":15.0,"key":"REST"},{"data":"Cloak And Dagger","floor":23.0,"key":"SMITH"},{"floor":32.0,"key":"REST"},{"data":"Footwork","floor":40.0,"key":"SMITH"},{"floor":49,"key":"REST"}],"neow_cost":"NONE","seed_source_timestamp":180002402636184,"circlet_count":0,"master_deck":["Defend_G+1","Defend_G","Defend_G+1","Defend_G","Defend_G","Strike_G","Strike_G","Strike_G+1","Survivor","Neutralize+1","AscendersBane","Cloak And Dagger+1","Poisoned Stab","Dagger Spray","Cloak And Dagger+1","Caltrops","Well Laid Plans","After Image","Backflip","Backflip+1","Venomology","Bouncing Flask+1","Cloak And Dagger+1","Footwork+1","Leg Sweep","Accuracy","Choke+1","Parasite","Dodge and Roll","Footwork"],"special_seed":0,"relics":["Ring of the Snake","MawBank","Matryoshka","Potion Belt","Ancient Tea Set","Pen Nib","Cursed Key","TwistedFunnel","Centennial Puzzle","Ninja Scroll","War Paint","Pear","Darkstone Periapt","Anchor","Bottled Lightning","Lizard Tail","Vajra","Ginger","Bronze Scales","Thread and Needle"],"potions_floor_usage":[45,45,50,50,50,50],"damage_taken":[{"damage":1.0,"enemies":"Cultist","floor":1.0,"turns":5.0},{"damage":0.0,"enemies":"Jaw Worm","floor":3.0,"turns":4.0},{"damage":10.0,"enemies":"Small Slimes","floor":4.0,"turns":4.0},{"damage":9.0,"enemies":"Exordium Thugs","floor":5.0,"turns":5.0},{"damage":7.0,"enemies":"3 Sentries","floor":7.0,"turns":6.0},{"damage":1.0,"enemies":"Large Slime","floor":11.0,"turns":7.0},{"damage":8.0,"enemies":"Gremlin Nob","floor":12.0,"turns":4.0},{"damage":10.0,"enemies":"Gremlin Gang","floor":13.0,"turns":4.0},{"damage":0.0,"enemies":"2 Fungi Beasts","floor":14.0,"turns":3.0},{"damage":18.0,"enemies":"Slime Boss","floor":16.0,"turns":12.0},{"damage":0.0,"enemies":"3 Byrds","floor":18.0,"turns":4.0},{"damage":0.0,"enemies":"Chosen","floor":19.0,"turns":5.0},{"damage":11.0,"enemies":"Slavers","floor":24.0,"turns":5.0},{"damage":25.0,"enemies":"Gremlin Leader","floor":27.0,"turns":8.0},{"damage":0.0,"enemies":"Centurion and Healer","floor":28.0,"turns":7.0},{"damage":5.0,"enemies":"Snake Plant","floor":29.0,"turns":5.0},{"damage":1.0,"enemies":"Slavers","floor":30.0,"turns":4.0},{"damage":25.0,"enemies":"Champ","floor":33.0,"turns":12.0},{"damage":0.0,"enemies":"3 Darklings","floor":35.0,"turns":9.0},{"damage":0.0,"enemies":"Mind Bloom Boss Battle","floor":37.0,"turns":8.0},{"damage":0.0,"enemies":"Orb Walker","floor":39.0,"turns":3.0},{"damage":14.0,"enemies":"Nemesis","floor":41.0,"turns":9.0},{"damage":12.0,"enemies":"Jaw Worm Horde","floor":44.0,"turns":3.0},{"damage":2,"enemies":"2 Orb Walkers","floor":45,"turns":6},{"damage":1,"enemies":"Sphere and 2 Shapes","floor":46,"turns":6},{"damage":4,"enemies":"Writhing Mass","floor":47,"turns":6},{"damage":0,"enemies":"Time Eater","floor":50,"turns":14}],"seed_played":"8064274007166557794","potions_obtained":[{"floor":3.0,"key":"PowerPotion"},{"floor":5.0,"key":"Explosive Potion"},{"floor":7.0,"key":"GhostInAJar"},{"floor":11.0,"key":"SpeedPotion"},{"floor":14.0,"key":"Swift Potion"},{"floor":16.0,"key":"Swift Potion"},{"floor":24.0,"key":"EssenceOfSteel"},{"floor":28.0,"key":"Strength Potion"},{"floor":29.0,"key":"Energy Potion"},{"floor":45,"key":"Strength Potion"}],"is_trial":false,"path_per_floor":["M","?","M","M","M","R","E","R","T","R","M","E","M","M","R","B",null,"M","M","?","?","$","R","E","$","T","E","M","M","E","$","R","B",null,"M","$","?","T","M","R","E","?","T","M","?","M","M","$","R","B"],"character_chosen":"THE_SILENT","items_purchased":["TwistedFunnel","Ninja Scroll","War Paint","Footwork","Vajra","Dodge and Roll","Footwork"],"campfire_rested":4,"item_purchase_floors":[22,25,25,31,36,48,48],"current_hp_per_floor":[58,38,38,28,19,19,12,31,31,31,30,22,12,12,31,13,53,53,53,47,47,47,47,36,36,46,21,21,16,15,15,37,12,60,60,60,60,60,60,60,46,46,46,34,32,31,33,33,57,57],"gold":24,"neow_bonus":"RANDOM_COMMON_RELIC","is_prod":false,"is_daily":false,"chose_seed":false,"campfire_upgraded":4,"win_rate":0,"timestamp":1541019864,"path_taken":["M","?","M","?","M","R","E","R","T","R","M","E","M","M","R","BOSS","M","M","?","?","$","R","E","$","T","E","M","M","E","$","R","BOSS","M","$","?","?","M","R","E","?","T","?","?","M","M","$","R","BOSS"],"build_version":"2018-10-25v2","purchased_purges":3,"victory":true,"max_hp_per_floor":[66,66,66,66,66,66,66,66,66,66,66,66,66,66,66,66,66,66,66,66,66,66,66,66,66,76,76,76,76,76,76,76,76,76,76,76,76,76,76,76,76,76,76,76,76,76,82,82,82,82],"card_choices":[{"not_picked":["Outmaneuver","Underhanded Strike"],"picked":"Cloak And Dagger","floor":1.0},{"not_picked":["Acrobatics","Blade Dance"],"picked":"Poisoned Stab","floor":3.0},{"not_picked":["Blade Dance","Crippling Poison"],"picked":"Dagger Spray","floor":4.0},{"not_picked":["Eviscerate","All Out Attack"],"picked":"Cloak And Dagger","floor":5.0},{"not_picked":["Setup","Bane","Underhanded Strike"],"picked":"SKIP","floor":7.0},{"not_picked":["Grand Finale","Dagger Spray","Deadly Poison"],"picked":"SKIP","floor":11.0},{"not_picked":["PiercingWail","Quick Slash","Bouncing Flask"],"picked":"SKIP","floor":12.0},{"not_picked":["Flechettes","Concentrate"],"picked":"Caltrops","floor":13.0},{"not_picked":["Dagger Throw","Tactician"],"picked":"Well Laid Plans","floor":14.0},{"not_picked":["Tools of the Trade","Die Die Die"],"picked":"After Image","floor":16.0},{"not_picked":["Bouncing Flask+1","Outmaneuver","Dagger Spray"],"picked":"SKIP","floor":18.0},{"not_picked":["Underhanded Strike","Outmaneuver"],"picked":"Backflip","floor":19.0},{"not_picked":["Unload","Slice"],"picked":"Backflip","floor":24.0},{"not_picked":["Grand Finale","PiercingWail"],"picked":"Venomology","floor":27.0},{"not_picked":["Reflex","Flying Knee"],"picked":"Bouncing Flask+1","floor":28.0},{"not_picked":["Blade Dance+1","Quick Slash","Poisoned Stab"],"picked":"SKIP","floor":29.0},{"not_picked":["Endless Agony","Eviscerate"],"picked":"Cloak And Dagger+1","floor":30.0},{"not_picked":["Terror+1","Tactician","Bouncing Flask"],"picked":"SKIP","floor":35.0},{"not_picked":["Well Laid Plans","Flying Knee"],"picked":"Leg Sweep","floor":37.0},{"not_picked":["Dagger Spray","Skewer"],"picked":"Prepared+1","floor":39.0},{"not_picked":["Riddle With Holes","Calculated Gamble","Unload"],"picked":"SKIP","floor":41.0},{"not_picked":["Underhanded Strike+1","Flechettes+1"],"picked":"Accuracy","floor":44.0},{"not_picked":["Prepared","Quick Slash"],"picked":"Choke+1","floor":45},{"not_picked":["Flying Knee+1","Quick Slash","Bane+1"],"picked":"SKIP","floor":46},{"not_picked":["Blade Dance","Dagger Spray","Eviscerate"],"picked":"SKIP","floor":47}],"player_experience":1534720,"relics_obtained":[{"floor":7.0,"key":"Matryoshka"},{"floor":9.0,"key":"Potion Belt"},{"floor":9.0,"key":"Ancient Tea Set"},{"floor":12.0,"key":"Pen Nib"},{"floor":24.0,"key":"Centennial Puzzle"},{"floor":26.0,"key":"Pear"},{"floor":26.0,"key":"Darkstone Periapt"},{"floor":27.0,"key":"Anchor"},{"floor":30.0,"key":"Bottled Lightning"},{"floor":37.0,"key":"Ginger"},{"floor":41.0,"key":"Bronze Scales"},{"floor":45,"key":"Thread and Needle"}],"event_choices":[{"damage_healed":0.0,"max_hp_gain":0.0,"max_hp_loss":0.0,"gold_gain":0.0,"event_name":"Shining Light","player_choice":"Entered Light","floor":2.0,"gold_loss":0.0,"damage_taken":20.0,"cards_upgraded":["Defend_G","Strike_G"]},{"damage_healed":0.0,"max_hp_gain":0.0,"max_hp_loss":0.0,"gold_gain":0.0,"event_name":"Knowing Skull","player_choice":"","floor":20.0,"potions_obtained":[],"gold_loss":0.0,"damage_taken":6.0,"cards_obtained":[]},{"damage_healed":0.0,"max_hp_gain":0.0,"max_hp_loss":0.0,"gold_gain":100.0,"event_name":"Golden Shrine","player_choice":"Pray","floor":21.0,"gold_loss":0.0,"damage_taken":0.0},{"damage_healed":0.0,"max_hp_gain":0.0,"max_hp_loss":0.0,"gold_gain":0.0,"event_name":"MindBloom","player_choice":"Fight","floor":37.0,"gold_loss":0.0,"damage_taken":0.0},{"cards_removed":["Prepared"],"damage_healed":0.0,"max_hp_gain":0.0,"max_hp_loss":0.0,"gold_gain":0.0,"event_name":"Falling","player_choice":"Removed Skill","floor":42.0,"gold_loss":0.0,"damage_taken":0.0},{"damage_healed":0,"gold_gain":0,"player_choice":"Fight","damage_taken":0,"max_hp_gain":0,"max_hp_loss":0,"event_name":"Mysterious Sphere","floor":45,"gold_loss":0}],"is_beta":false,"boss_relics":[{"not_picked":["Tiny House","WristBlade"],"picked":"Cursed Key"},{"not_picked":["White Beast Statue","Runic Dome"],"picked":"Lizard Tail"}],"items_purged_floors":[22,25,48],"is_endless":false,"potions_floor_spawned":[3,5,7,11,14,16,24,28,29,30,39,44,45,46,47],"ascension_level":15}