{"gold_per_floor":[116,134,134,309,309,309,319,319,343,375,400,440,464,492,504,620,632,632,36,0,0,0,0,0,0,0,0,0,0,0,0,0,0],"floor_reached":33,"playtime":1113,"items_purged":["Doubt"],"score":336,"play_id":"e564bd27-f16e-478b-8baa-65e6e635f7fb","local_time":"25611024220505","is_ascension_mode":true,"campfire_choices":[{"data":"Neutralize","floor":6.0,"key":"SMITH"},{"data":"Survivor","floor":8.0,"key":"SMITH"},{"floor":15.0,"key":"REST"},{"floor":23.0,"key":"REST"},{"data":"Glass Knife","floor":27.0,"key":"SMITH"},{"floor":29.0,"key":"REST"},{"floor":32.0,"key":"REST"}],"neow_cost":"NONE","seed_source_timestamp":44539951651771,"circlet_count":0,"master_deck":["Defend_G","Defend_G","Defend_G","Defend_G","Defend_G","Strike_G","Strike_G","Strike_G","Strike_G","Strike_G","Survivor+1","Neutralize+1","Quick Slash","Bane","Poisoned Stab","Well Laid Plans","Masterful Stab","Escape Plan","Glass Knife+1","Blur+1","Accuracy","Footwork","Sucker Punch+1","Parasite","Necronomicurse"],"special_seed":0,"relics":["Cursed Key","Meat on the Bone","MawBank","Matryoshka","Ectoplasm","TwistedFunnel","Ninja Scroll","Ancient Tea Set","Bag of Preparation","Sundial","Necronomicon"],"potions_floor_usage":[33,33],"damage_taken":[{"damage":4.0,"enemies":"2 Louse","floor":1.0,"turns":3.0},{"damage":2.0,"enemies":"Jaw Worm","floor":2.0,"turns":4.0},{"damage":0.0,"enemies":"Cultist","floor":7.0,"turns":3.0},{"damage":3.0,"enemies":"Looter","floor":10.0,"turns":3.0},{"damage":4.0,"enemies":"Blue Slaver","floor":11.0,"turns":3.0},{"damage":31.0,"enemies":"Gremlin Nob","floor":12.0,"turns":5.0},{"damage":1.0,"enemies":"2 Fungi Beasts","floor":13.0,"turns":4.0},{"damage":4.0,"enemies":"Looter","floor":14.0,"turns":4.0},{"damage":12.0,"enemies":"The Guardian","floor":16.0,"turns":15.0},{"damage":19.0,"enemies":"Shell Parasite","floor":18.0,"turns":6.0},{"damage":10.0,"enemies":"2 Thieves","floor":20.0,"turns":3.0},{"damage":22.0,"enemies":"Snecko","floor":21.0,"turns":4.0},{"damage":27.0,"enemies":"Snake Plant","floor":22.0,"turns":6.0},{"damage":11.0,"enemies":"3 Cultists","floor":25.0,"turns":5.0},{"damage":6.0,"enemies":"Slavers","floor":30.0,"turns":6.0},{"damage":89,"enemies":"Champ","floor":33,"turns":11}],"seed_played":"577902754067045531","potions_obtained":[{"floor":1.0,"key":"SpeedPotion"},{"floor":2.0,"key":"Regen Potion"},{"floor":13.0,"key":"Regen Potion"},{"floor":14.0,"key":"PowerPotion"},{"floor":18.0,"key":"Regen Potion"},{"floor":22.0,"key":"Ancient Potion"}],"is_trial":false,"path_per_floor":["M","M","?","?","?","R","M","R","T","M","M","E","M","M","R","B",null,"M","$","M","M","M","R","?","M","T","R","$","R","E","?","R"],"character_chosen":"THE_SILENT","items_purchased":["TwistedFunnel","Ninja Scroll","Accuracy"],"campfire_rested":4,"item_purchase_floors":[19,19,19],"current_hp_per_floor":[66,64,57,57,57,57,57,57,57,54,50,45,44,40,61,49,65,46,46,36,35,20,41,41,42,42,42,42,63,57,41,62,0],"gold":0,"neow_bonus":"BOSS_RELIC","is_prod":false,"is_daily":false,"chose_seed":false,"campfire_upgraded":3,"win_rate":0,"timestamp":1540393505,"path_taken":["M","M","?","?","?","R","M","R","T","M","M","E","M","?","R","BOSS","M","$","M","M","?","R","?","?","T","R","$","R","E","?","R","BOSS"],"build_version":"2018-10-18","purchased_purges":1,"victory":false,"max_hp_per_floor":[70,70,70,70,70,70,70,70,70,70,70,70,70,70,70,70,70,70,70,70,70,70,70,70,70,70,70,70,70,70,70,70,70],"card_choices":[{"not_picked":["Setup","Concentrate"],"picked":"Quick Slash","floor":1.0},{"not_picked":["Acrobatics","Dodge and Roll"],"picked":"Bane","floor":2.0},{"not_picked":["Deadly Poison","Flying Knee"],"picked":"Poisoned Stab","floor":7.0},{"not_picked":["Outmaneuver","Dagger Spray","Acrobatics"],"picked":"SKIP","floor":10.0},{"not_picked":["Dagger Spray","Sucker Punch"],"picked":"Well Laid Plans","floor":11.0},{"not_picked":["Prepared","Skewer","Reflex"],"picked":"SKIP","floor":12.0},{"not_picked":["Prepared","Setup"],"picked":"Masterful Stab","floor":13.0},{"not_picked":["Deflect","Blade Dance"],"picked":"Escape Plan","floor":14.0},{"not_picked":["Die Die Die","Storm of Steel"],"picked":"Glass Knife","floor":16.0},{"not_picked":["PiercingWail","Flying Knee"],"picked":"Blur+1","floor":18.0},{"not_picked":["Backflip","Crippling Poison","Outmaneuver"],"picked":"SKIP","floor":20.0},{"not_picked":["Dagger Throw+1","Finisher"],"picked":"Footwork","floor":21.0},{"not_picked":["Heel Hook","Deflect"],"picked":"Sucker Punch+1","floor":22.0},{"not_picked":["Well Laid Plans","Cloak And Dagger","Dagger Throw"],"picked":"SKIP","floor":25.0},{"not_picked":["Venomology","Underhanded Strike","Choke"],"picked":"SKIP","floor":30.0}],"player_experience":226712,"relics_obtained":[{"floor":9.0,"key":"MawBank"},{"floor":12.0,"key":"Matryoshka"},{"floor":26.0,"key":"Ancient Tea Set"},{"floor":26.0,"key":"Bag of Preparation"},{"floor":30.0,"key":"Sundial"},{"floor":31.0,"key":"Necronomicon"}],"event_choices":[{"damage_healed":0.0,"max_hp_gain":0.0,"max_hp_loss":0.0,"gold_gain":0.0,"event_name":"Scrap Ooze","player_choice":"Success","floor":3.0,"gold_loss":0.0,"damage_taken":7.0,"relics_obtained":["Meat on the Bone"]},{"damage_healed":0.0,"max_hp_gain":0.0,"max_hp_loss":0.0,"gold_gain":175.0,"event_name":"Liars Game","player_choice":"AGREE","floor":4.0,"gold_loss":0.0,"damage_taken":0.0,"cards_obtained":["Doubt"]},{"cards_removed":["Doubt"],"damage_healed":0.0,"max_hp_gain":0.0,"max_hp_loss":0.0,"gold_gain":0.0,"event_name":"Living Wall","player_choice":"Forget","floor":5.0,"gold_loss":0.0,"damage_taken":0.0},{"damage_healed":0.0,"max_hp_gain":0.0,"max_hp_loss":0.0,"gold_gain":0.0,"event_name":"Ghosts","player_choice":"Ignored","floor":24.0,"gold_loss":0.0,"damage_taken":0.0},{"damage_healed":0.0,"max_hp_gain":0.0,"max_hp_loss":0.0,"gold_gain":0.0,"event_name":"Cursed Tome","player_choice":"Obtained Book","floor":31.0,"gold_loss":0.0,"damage_taken":16.0}],"is_beta":false,"boss_relics":[{"not_picked":["Empty Cage","Coffee Dripper"],"picked":"Ectoplasm"}],"items_purged_floors":[19],"is_endless":false,"potions_floor_spawned":[1,2,13,14,18,22],"killed_by":"Champ","ascension_level":5}