{"gold_per_floor":[109,121,121,137,137,164,164,189,189,204,204,237,57,75,75,149,149,167,167,179,27,27,62,79,110,110,126,152,152,163,189,189,261,261,281,281,296,296,347,347,380,480,480,497,531,542,542,267,267,267,267,267,19,50,50],"floor_reached":56,"playtime":3088,"items_purged":["Strike_B","Rip and Tear"],"score":2449,"play_id":"2e380c12-7b8f-41e9-a7c7-69153feb135b","local_time":"20190323223955","is_ascension_mode":true,"campfire_choices":[{"data":"Zap","floor":7,"key":"SMITH"},{"data":"Barrage","floor":11,"key":"SMITH"},{"data":"Defragment","floor":15,"key":"SMITH"},{"data":"Coolheaded","floor":29,"key":"SMITH"},{"data":"Biased Cognition","floor":32,"key":"SMITH"},{"data":"Loop","floor":40,"key":"SMITH"},{"floor":49,"key":"RECALL"},{"data":"Defragment","floor":52,"key":"SMITH"}],"neow_cost":"NONE","seed_source_timestamp":0,"circlet_count":0,"master_deck":["AscendersBane","Zap+1","Dualcast","Coolheaded+1","Glacier","Barrage+1","Fusion+1","Defragment+1","Darkness+1","Hologram+1","Biased Cognition+1","Self Repair","Chaos+1","All For One","Compile Driver","Coolheaded+1","Steam Power+1","Turbo+1","Steam+1","Reboot+1","Amplify+1","Go for the Eyes+1","Fission+1","Secret Technique+1","Loop+1","Defragment+1","Recycle+1","Stack+1"],"relics":["Cracked Core","NeowsBlessing","Art of War","Toxic Egg 2","Vajra","Centennial Puzzle","Pandora\u0027s Box","PreservedInsect","DataDisk","Singing Bowl","Regal Pillow","Inserter","Torii","Mercury Hourglass","Peace Pipe","Strawberry","Orichalcum","Runic Capacitor","Medical Kit","Blue Candle"],"potions_floor_usage":[8,18,24,25,33,50,54,55],"damage_taken":[{"damage":0,"enemies":"2 Louse","floor":1,"turns":1},{"damage":0,"enemies":"Jaw Worm","floor":2,"turns":1},{"damage":0,"enemies":"Cultist","floor":4,"turns":1},{"damage":0,"enemies":"3 Sentries","floor":6,"turns":12},{"damage":9,"enemies":"Gremlin Nob","floor":8,"turns":3},{"damage":4,"enemies":"Looter","floor":10,"turns":2},{"damage":26,"enemies":"3 Sentries","floor":12,"turns":8},{"damage":0,"enemies":"Blue Slaver","floor":14,"turns":2},{"damage":6,"enemies":"Hexaghost","floor":16,"turns":7},{"damage":4,"enemies":"Shell Parasite","floor":18,"turns":3},{"damage":0,"enemies":"Spheric Guardian","floor":20,"turns":3},{"damage":9,"enemies":"Book of Stabbing","floor":23,"turns":3},{"damage":2,"enemies":"Centurion and Healer","floor":24,"turns":4},{"damage":5,"enemies":"Gremlin Leader","floor":25,"turns":4},{"damage":0,"enemies":"Shelled Parasite and Fungi","floor":27,"turns":2},{"damage":0,"enemies":"Slavers","floor":28,"turns":2},{"damage":0,"enemies":"Snecko","floor":30,"turns":3},{"damage":16,"enemies":"Gremlin Leader","floor":31,"turns":3},{"damage":0,"enemies":"Collector","floor":33,"turns":6},{"damage":9,"enemies":"3 Shapes","floor":35,"turns":4},{"damage":0,"enemies":"Orb Walker","floor":37,"turns":1},{"damage":0,"enemies":"2 Orb Walkers","floor":39,"turns":2},{"damage":0,"enemies":"Giant Head","floor":41,"turns":4},{"damage":0,"enemies":"Mind Bloom Boss Battle","floor":42,"turns":2},{"damage":0,"enemies":"Jaw Worm Horde","floor":44,"turns":2},{"damage":0,"enemies":"Reptomancer","floor":45,"turns":4},{"damage":0,"enemies":"3 Darklings","floor":46,"turns":4},{"damage":0,"enemies":"Donu and Deca","floor":50,"turns":7},{"damage":16,"enemies":"Shield and Spear","floor":54,"turns":3},{"damage":15,"enemies":"The Heart","floor":55,"turns":8}],"seed_played":"1487514961949058463","potions_obtained":[{"floor":1,"key":"Explosive Potion"},{"floor":4,"key":"SteroidPotion"},{"floor":10,"key":"Regen Potion"},{"floor":20,"key":"Block Potion"},{"floor":24,"key":"EssenceOfSteel"},{"floor":27,"key":"SteroidPotion"},{"floor":28,"key":"Swift Potion"},{"floor":41,"key":"Poison Potion"},{"floor":45,"key":"GamblersBrew"}],"is_trial":false,"path_per_floor":["M","M","?","M","?","E","R","E","T","M","R","E","$","M","R","B",null,"M","?","M","$","?","E","M","E","T","M","E","R","M","E","R","B",null,"M","?","M","?","?","R","E","?","T","M","E","M","?","$","R","B",null,"R","$","E","B",null],"character_chosen":"DEFECT","items_purchased":["Defragment","Darkness+1","Turbo+1","Runic Capacitor","Recycle+1","Medical Kit","SkillPotion"],"campfire_rested":0,"item_purchase_floors":[13,13,21,48,48,53,53],"current_hp_per_floor":[64,64,64,64,64,64,64,55,55,51,51,25,25,25,25,19,58,63,63,70,70,70,61,66,68,68,71,71,71,73,64,64,71,73,75,69,69,69,81,81,83,85,92,94,94,96,96,96,96,96,96,96,96,87,79],"gold":50,"neow_bonus":"THREE_ENEMY_KILL","is_prod":false,"is_daily":false,"chose_seed":true,"campfire_upgraded":7,"win_rate":0,"timestamp":1553351995,"path_taken":["M","M","?","M","?","E","R","E","T","M","R","E","$","?","R","BOSS","M","?","?","$","?","E","M","E","T","M","E","R","M","E","R","BOSS","M","?","M","?","?","R","E","?","T","?","E","M","?","$","R","BOSS","R","$","E","BOSS"],"build_version":"2019-01-23","purchased_purges":2,"victory":true,"max_hp_per_floor":[71,71,71,71,71,71,71,71,71,71,71,71,71,71,71,71,71,71,71,71,71,71,71,71,71,71,71,71,71,73,73,73,73,73,75,79,79,79,81,81,83,85,92,94,94,96,96,96,96,96,96,96,96,96,96],"card_choices":[{"not_picked":["Redo","Chaos"],"picked":"Cold Snap","floor":1},{"not_picked":["Scrape","Auto Shields"],"picked":"FTL","floor":2},{"not_picked":["Go for the Eyes","Heatsinks"],"picked":"Coolheaded","floor":4},{"not_picked":["Rebound","Undo"],"picked":"Ball Lightning","floor":6},{"not_picked":["Reinforced Body","Stack"],"picked":"Barrage","floor":8},{"not_picked":["Stack+1","Heatsinks","Compile Driver"],"picked":"SKIP","floor":10},{"not_picked":["Heatsinks","Gash"],"picked":"Fusion+1","floor":12},{"not_picked":["Conserve Battery+1","Go for the Eyes"],"picked":"Hologram+1","floor":14},{"not_picked":["Buffer","Rainbow+1"],"picked":"Biased Cognition","floor":16},{"not_picked":["Darkness+1","Hologram+1"],"picked":"Coolheaded+1","floor":18},{"not_picked":["Compile Driver","Beam Cell"],"picked":"Steam Power+1","floor":20},{"not_picked":["Conserve Battery+1","Darkness+1"],"picked":"Steam+1","floor":23},{"not_picked":["Self Repair+1","Cold Snap"],"picked":"Reboot+1","floor":24},{"not_picked":["Cold Snap","FTL","Steam+1"],"picked":"SKIP","floor":25},{"not_picked":["Turbo+1","Genetic Algorithm+1","Storm+1"],"picked":"SKIP","floor":27},{"not_picked":["Melter","Rebound+1"],"picked":"Amplify+1","floor":28},{"not_picked":["Gash","Compile Driver+1","Lockon"],"picked":"Singing Bowl","floor":30},{"not_picked":["Tempest+1","Chill+1"],"picked":"Go for the Eyes+1","floor":31},{"not_picked":["All For One","Machine Learning"],"picked":"Fission+1","floor":33},{"not_picked":["Conserve Battery+1","Sweeping Beam+1","Streamline"],"picked":"Singing Bowl","floor":35},{"not_picked":["Trip+1","Enlightenment+1","Secret Weapon+1"],"picked":"Singing Bowl","floor":36},{"not_picked":["Dark Shackles+1","Dramatic Entrance"],"picked":"Secret Technique+1","floor":36},{"not_picked":["Violence+1","Madness+1","Thinking Ahead+1"],"picked":"Singing Bowl","floor":36},{"not_picked":["Gash+1","Redo+1"],"picked":"Loop","floor":37},{"not_picked":["Hologram+1","Gash","Compile Driver"],"picked":"Singing Bowl","floor":39},{"not_picked":["Meteor Strike","Barrage","Steam Power+1"],"picked":"Singing Bowl","floor":41},{"not_picked":["Genetic Algorithm+1","FTL+1","Hologram+1"],"picked":"Singing Bowl","floor":42},{"not_picked":["Cold Snap","Gash+1","Hologram+1"],"picked":"Singing Bowl","floor":44},{"not_picked":["Streamline","BootSequence+1"],"picked":"Defragment","floor":45},{"not_picked":["Gash","Sunder","Ball Lightning"],"picked":"Singing Bowl","floor":46},{"not_picked":["Cold Snap+1","Darkness+1"],"picked":"Stack+1","floor":54}],"player_experience":2877715,"relics_obtained":[{"floor":6,"key":"Art of War"},{"floor":8,"key":"Toxic Egg 2"},{"floor":9,"key":"Vajra"},{"floor":12,"key":"Centennial Puzzle"},{"floor":23,"key":"PreservedInsect"},{"floor":25,"key":"DataDisk"},{"floor":28,"key":"Singing Bowl"},{"floor":31,"key":"Regal Pillow"},{"floor":39,"key":"Torii"},{"floor":41,"key":"Mercury Hourglass"},{"floor":42,"key":"Peace Pipe"},{"floor":43,"key":"Strawberry"},{"floor":45,"key":"Orichalcum"},{"floor":54,"key":"Blue Candle"}],"event_choices":[{"damage_healed":0,"gold_gain":0,"player_choice":"Ignored","damage_taken":0,"max_hp_gain":0,"max_hp_loss":0,"event_name":"Liars Game","floor":3,"gold_loss":0},{"damage_healed":0,"gold_gain":0,"cards_transformed":["Strike_B"],"player_choice":"Change","damage_taken":0,"max_hp_gain":0,"max_hp_loss":0,"event_name":"Living Wall","floor":5,"gold_loss":0,"cards_obtained":["Glacier"]},{"cards_removed":["Rebound"],"damage_healed":0,"gold_gain":0,"player_choice":"Card Removal","damage_taken":0,"max_hp_gain":0,"max_hp_loss":0,"event_name":"Wheel of Change","floor":19,"gold_loss":0},{"cards_removed":["Ball Lightning"],"damage_healed":0,"gold_gain":0,"player_choice":"Elegance","damage_taken":0,"max_hp_gain":0,"max_hp_loss":0,"event_name":"Back to Basics","floor":22,"gold_loss":0},{"damage_healed":0,"gold_gain":0,"player_choice":"Memory 3","damage_taken":10,"max_hp_gain":0,"max_hp_loss":0,"event_name":"SensoryStone","floor":36,"gold_loss":0},{"cards_removed":["Cold Snap"],"damage_healed":0,"gold_gain":0,"player_choice":"Removed Attack","damage_taken":0,"max_hp_gain":0,"max_hp_loss":0,"event_name":"Falling","floor":38,"gold_loss":0},{"damage_healed":0,"gold_gain":0,"player_choice":"Fight","damage_taken":0,"max_hp_gain":0,"max_hp_loss":0,"event_name":"Mysterious Sphere","floor":39,"gold_loss":0},{"damage_healed":0,"gold_gain":0,"player_choice":"Fight","damage_taken":0,"max_hp_gain":0,"max_hp_loss":0,"event_name":"MindBloom","floor":42,"gold_loss":0},{"cards_removed":["FTL"],"damage_healed":0,"gold_gain":0,"player_choice":"Purged","damage_taken":0,"max_hp_gain":0,"max_hp_loss":0,"event_name":"Purifier","floor":47,"gold_loss":0}],"is_beta":false,"boss_relics":[{"not_picked":["Busted Crown","Black Star"],"picked":"Pandora\u0027s Box"},{"not_picked":["Velvet Choker","Astrolabe"],"picked":"Inserter"}],"items_purged_floors":[13,21],"is_endless":false,"potions_floor_spawned":[1,4,6,10,20,24,27,28,41,42,45],"ascension_level":15}