{"gold_per_floor":[115,134,150,225,238,238,263,263,287,348,378,395,395,375,375,375],"floor_reached":16,"playtime":925,"items_purged":[],"score":220,"play_id":"1a391c8b-3921-4cfd-836e-ebc9d745601a","local_time":"20190402045403","is_ascension_mode":true,"campfire_choices":[{"data":"Bludgeon","floor":6,"key":"SMITH"},{"data":"Bash","floor":8,"key":"SMITH"},{"data":"True Grit","floor":13,"key":"SMITH"},{"data":"Headbutt","floor":15,"key":"SMITH"}],"neow_cost":"NONE","seed_source_timestamp":1117097194173000,"circlet_count":0,"master_deck":["AscendersBane","Strike_R","Strike_R","Strike_R","Strike_R","Strike_R","Defend_R","Defend_R","Defend_R","Defend_R","Bash+1","Bludgeon+1","Battle Trance","Warcry","Metallicize","Reaper","True Grit+1","Headbutt+1","Flame Barrier"],"relics":["Burning Blood","Bronze Scales","Strawberry","Orichalcum","Bag of Preparation"],"potions_floor_usage":[10,16,16],"damage_taken":[{"damage":6,"enemies":"Small Slimes","floor":1,"turns":2},{"damage":1,"enemies":"Cultist","floor":2,"turns":3},{"damage":0,"enemies":"Jaw Worm","floor":3,"turns":3},{"damage":11,"enemies":"Looter","floor":5,"turns":2},{"damage":23,"enemies":"Lagavulin","floor":7,"turns":6},{"damage":25,"enemies":"Gremlin Nob","floor":10,"turns":4},{"damage":5,"enemies":"3 Sentries","floor":11,"turns":7},{"damage":4,"enemies":"Large Slime","floor":12,"turns":5},{"damage":54,"enemies":"Slime Boss","floor":16,"turns":9}],"seed_played":"-397561357435712774","potions_obtained":[{"floor":2,"key":"Strength Potion"},{"floor":3,"key":"SpeedPotion"},{"floor":10,"key":"Poison Potion"}],"is_trial":false,"path_per_floor":["M","M","M","?","M","R","E","R","T","?","E","M","R","?","R","B"],"character_chosen":"IRONCLAD","items_purchased":[],"campfire_rested":0,"item_purchase_floors":[],"current_hp_per_floor":[68,73,75,64,59,59,42,42,49,30,39,49,49,49,49,0],"gold":375,"neow_bonus":"ONE_RANDOM_RARE_CARD","is_prod":false,"is_daily":false,"chose_seed":false,"campfire_upgraded":4,"win_rate":0,"timestamp":1554177243,"path_taken":["M","M","M","?","M","R","E","R","T","?","E","M","R","?","R","BOSS"],"build_version":"2019-01-23","purchased_purges":0,"victory":false,"max_hp_per_floor":[75,75,75,75,75,75,75,75,82,82,82,82,82,82,82,82],"card_choices":[{"not_picked":["Shrug It Off","Carnage"],"picked":"Battle Trance","floor":1},{"not_picked":["Clash","Seeing Red"],"picked":"Warcry","floor":2},{"not_picked":["Flex","Clash","Wild Strike"],"picked":"SKIP","floor":3},{"not_picked":["Armaments","Twin Strike"],"picked":"Metallicize","floor":5},{"not_picked":["Body Slam","Clothesline"],"picked":"Reaper","floor":7},{"not_picked":["Anger","Havoc"],"picked":"True Grit","floor":10},{"not_picked":["Armaments","Anger"],"picked":"Headbutt","floor":11},{"not_picked":["Flex","Blood for Blood"],"picked":"Flame Barrier","floor":12}],"player_experience":2446886,"relics_obtained":[{"floor":7,"key":"Bronze Scales"},{"floor":9,"key":"Strawberry"},{"floor":10,"key":"Orichalcum"},{"floor":11,"key":"Bag of Preparation"}],"event_choices":[{"damage_healed":0,"gold_gain":75,"player_choice":"Gather Gold","damage_taken":11,"max_hp_gain":0,"max_hp_loss":0,"event_name":"World of Goop","floor":4,"gold_loss":0},{"damage_healed":0,"gold_gain":0,"player_choice":"Searched \u00271\u0027 times","damage_taken":0,"max_hp_gain":0,"max_hp_loss":0,"event_name":"Dead Adventurer","floor":10,"gold_loss":0},{"damage_healed":0,"gold_gain":0,"player_choice":"Bought 1 Potion","damage_taken":0,"max_hp_gain":0,"max_hp_loss":0,"event_name":"The Woman in Blue","floor":14,"gold_loss":0}],"is_beta":false,"boss_relics":[],"items_purged_floors":[],"is_endless":false,"potions_floor_spawned":[2,3,10,11,12],"killed_by":"Slime Boss","ascension_level":20}