{"gold_per_floor":[110,123,138,138,138,138,168,183,183,195,195,229,243,261,261,359,359,373,386,454,189,203,215,215,233,309,309,309,309,309,334,334,433,433,445,445,98,98,117,148,160,160,183,214,234,3,3,3],"floor_reached":48,"playtime":1983,"items_purged":["Injury","Injury"],"score":910,"play_id":"baddbec7-470b-4bb0-847d-2b6ff9d685cd","local_time":"25620301193211","is_ascension_mode":true,"campfire_choices":[{"data":"Glacier","floor":6.0,"key":"SMITH"},{"data":"Loop","floor":11.0,"key":"SMITH"},{"floor":15.0,"key":"DIG"},{"floor":24.0,"key":"DIG"},{"data":"Fission","floor":27.0,"key":"SMITH"},{"data":"Capacitor","floor":29.0,"key":"SMITH"},{"floor":32.0,"key":"REST"},{"floor":42,"key":"REST"},{"data":"Seek","floor":47,"key":"SMITH"}],"neow_cost":"NONE","seed_source_timestamp":5906153672670,"circlet_count":0,"master_deck":["AscendersBane","Defend_B","Defend_B","Defend_B","Defend_B","Zap","Dualcast","Rainbow+1","Glacier+1","Conserve Battery","Machine Learning","Genetic Algorithm","Loop+1","Storm","Capacitor+1","Self Repair","Compile Driver","Multi-Cast","BootSequence","Stack+1","Fission+1","Loop","Chill","Core Surge","Coolheaded","Steam","Electrodynamics+1","Tempest","Thunder Strike","Fusion+1","Recycle+1","Thunder Strike+1","Skim+1","Chaos+1","The Bomb","Self Repair+1","Barrage+1","Fission","Clumsy","Capacitor","Defragment","Seek+1"],"special_seed":0,"relics":["Cracked Core","Singing Bowl","Prayer Wheel","Shovel","Potion Belt","Cursed Key","Bottled Tornado","Question Card","Pear","Lantern","Astrolabe","Art of War","PreservedInsect","Letter Opener"],"potions_floor_usage":[40,44,45],"damage_taken":[{"damage":0.0,"enemies":"Cultist","floor":1.0,"turns":4.0},{"damage":13.0,"enemies":"2 Louse","floor":2.0,"turns":3.0},{"damage":0.0,"enemies":"Jaw Worm","floor":3.0,"turns":4.0},{"damage":15.0,"enemies":"3 Sentries","floor":7.0,"turns":10.0},{"damage":11.0,"enemies":"Exordium Thugs","floor":8.0,"turns":6.0},{"damage":0.0,"enemies":"Red Slaver","floor":10.0,"turns":3.0},{"damage":6.0,"enemies":"Lagavulin","floor":12.0,"turns":6.0},{"damage":22.0,"enemies":"Lots of Slimes","floor":13.0,"turns":6.0},{"damage":10.0,"enemies":"Looter","floor":14.0,"turns":5.0},{"damage":12.0,"enemies":"Hexaghost","floor":16.0,"turns":7.0},{"damage":15.0,"enemies":"Spheric Guardian","floor":18.0,"turns":4.0},{"damage":34.0,"enemies":"2 Thieves","floor":19.0,"turns":5.0},{"damage":5.0,"enemies":"Snecko","floor":22.0,"turns":7.0},{"damage":21.0,"enemies":"Snake Plant","floor":23.0,"turns":5.0},{"damage":3.0,"enemies":"Centurion and Healer","floor":25.0,"turns":7.0},{"damage":8.0,"enemies":"Book of Stabbing","floor":31.0,"turns":5.0},{"damage":29.0,"enemies":"Automaton","floor":33.0,"turns":12.0},{"damage":29.0,"enemies":"Orb Walker","floor":35.0,"turns":5.0},{"damage":0,"enemies":"3 Shapes","floor":39,"turns":6},{"damage":65,"enemies":"Giant Head","floor":40,"turns":8},{"damage":26,"enemies":"Jaw Worm Horde","floor":41,"turns":4},{"damage":6,"enemies":"Nemesis","floor":44,"turns":5},{"damage":15,"enemies":"Writhing Mass","floor":45,"turns":4},{"damage":93,"enemies":"4 Shapes","floor":48,"turns":3}],"seed_played":"8524690444446826003","potions_obtained":[{"floor":1.0,"key":"FearPotion"},{"floor":3.0,"key":"Regen Potion"},{"floor":10.0,"key":"Weak Potion"},{"floor":13.0,"key":"EssenceOfSteel"},{"floor":19.0,"key":"LiquidBronze"},{"floor":23.0,"key":"Weak Potion"},{"floor":25.0,"key":"SneckoOil"},{"floor":35.0,"key":"Ancient Potion"},{"floor":41,"key":"EssenceOfSteel"},{"floor":44,"key":"Swift Potion"}],"is_trial":false,"path_per_floor":["M","M","M","?","?","R","E","M","T","M","R","E","M","M","R","B",null,"M","M","T","$","M","M","R","M","T","R","?","R","?","E","R","B",null,"M","?","$","?","M","E","M","R","T","E","M","$","R","M"],"character_chosen":"DEFECT","items_purchased":["Explosive Potion","Fission","Loop","Chaos","The Bomb","Defragment","Seek"],"campfire_rested":2,"item_purchase_floors":[21,21,21,37,37,46,46],"current_hp_per_floor":[68,55,55,60,60,60,60,51,51,51,51,45,25,24,24,19,69,63,38,38,38,42,30,30,34,44,44,44,44,44,43,74,52,91,71,71,71,71,78,30,15,48,48,61,65,65,65,0],"gold":3,"neow_bonus":"ONE_RANDOM_RARE_CARD","is_prod":false,"is_daily":false,"chose_seed":false,"campfire_upgraded":5,"win_rate":0,"timestamp":1551443531,"path_taken":["M","M","?","?","?","R","E","M","T","M","R","E","M","?","R","BOSS","M","M","?","$","M","M","R","?","T","R","?","R","?","E","R","BOSS","M","?","$","?","?","E","M","R","T","E","M","$","R","M"],"build_version":"2019-01-23","purchased_purges":2,"victory":false,"max_hp_per_floor":[75,75,75,80,80,80,80,82,82,82,82,82,84,86,86,86,86,88,90,90,90,92,94,94,94,104,104,104,104,104,104,104,104,104,106,106,106,106,106,106,110,110,110,112,114,114,114,114],"card_choices":[{"not_picked":["Go for the Eyes","Scrape"],"picked":"Glacier","floor":1.0},{"not_picked":["Compile Driver","Coolheaded"],"picked":"Conserve Battery","floor":2.0},{"not_picked":["Cold Snap","Reprogram"],"picked":"Machine Learning","floor":3.0},{"not_picked":["Self Repair","Ball Lightning"],"picked":"Genetic Algorithm","floor":7.0},{"not_picked":["Conserve Battery","Recycle","FTL"],"picked":"Singing Bowl","floor":8.0},{"not_picked":["Steam","Melter"],"picked":"Loop","floor":10.0},{"not_picked":["Gash","BootSequence"],"picked":"Storm","floor":10.0},{"not_picked":["Scrape","Darkness"],"picked":"Capacitor","floor":12.0},{"not_picked":["Core Surge","Conserve Battery"],"picked":"Self Repair","floor":13.0},{"not_picked":["Streamline","Rebound","Turbo"],"picked":"Singing Bowl","floor":13.0},{"not_picked":["Gash","Go for the Eyes"],"picked":"Compile Driver","floor":14.0},{"not_picked":["Glacier","Redo","Beam Cell"],"picked":"Singing Bowl","floor":14.0},{"not_picked":["All For One","Thunder Strike"],"picked":"Multi-Cast","floor":16.0},{"not_picked":["Double Energy","Ball Lightning","Leap"],"picked":"Singing Bowl","floor":18.0},{"not_picked":["Ball Lightning","Aggregate+1"],"picked":"BootSequence","floor":18.0},{"not_picked":["Redo","BootSequence","Ball Lightning+1"],"picked":"Singing Bowl","floor":19.0},{"not_picked":["Doom and Gloom","Leap"],"picked":"Stack+1","floor":19.0},{"not_picked":["Turbo","Sweeping Beam","Rip and Tear"],"picked":"Singing Bowl","floor":22.0},{"not_picked":["Sweeping Beam","Steam"],"picked":"Chill","floor":22.0},{"not_picked":["Sweeping Beam","Rebound"],"picked":"Core Surge","floor":23.0},{"not_picked":["Cold Snap","Redo","Melter"],"picked":"Singing Bowl","floor":23.0},{"not_picked":["Steam Power","Hologram","Reprogram"],"picked":"Coolheaded","floor":25.0},{"not_picked":["Stack+1","Capacitor","Blizzard"],"picked":"Steam","floor":25.0},{"not_picked":["Recycle","Sweeping Beam","Multi-Cast"],"picked":"Tempest","floor":31.0},{"not_picked":["Meteor Strike","Reboot","Hyperbeam"],"picked":"Thunder Strike","floor":33.0},{"not_picked":["Coolheaded","Stack+1","Ball Lightning"],"picked":"Skim+1","floor":35.0},{"not_picked":["Glacier","Steam","Steam Power","Conserve Battery"],"picked":"Singing Bowl","floor":35.0},{"not_picked":["Melter","Coolheaded","Conserve Battery"],"picked":"Self Repair+1","floor":39},{"not_picked":["Leap+1","Undo","Reinforced Body"],"picked":"Barrage+1","floor":39},{"not_picked":["Streamline+1","Ball Lightning+1","Beam Cell"],"picked":"Fission","floor":40},{"not_picked":["Go for the Eyes","Ball Lightning","Darkness+1","Streamline"],"picked":"Singing Bowl","floor":41},{"not_picked":["Doom and Gloom","Streamline","Aggregate","Consume"],"picked":"Singing Bowl","floor":41},{"not_picked":["Gash","Scrape","Compile Driver","Coolheaded+1"],"picked":"Singing Bowl","floor":44},{"not_picked":["Turbo","Barrage","Storm"],"picked":"Capacitor","floor":45},{"not_picked":["Lockon","Auto Shields","Streamline","Sweeping Beam"],"picked":"Singing Bowl","floor":45}],"player_experience":272004,"relics_obtained":[{"floor":7.0,"key":"Singing Bowl"},{"floor":9.0,"key":"Prayer Wheel"},{"floor":12.0,"key":"Shovel"},{"floor":15.0,"key":"Potion Belt"},{"floor":20.0,"key":"Bottled Tornado"},{"floor":24.0,"key":"Question Card"},{"floor":26.0,"key":"Pear"},{"floor":31.0,"key":"Lantern"},{"floor":40,"key":"Art of War"},{"floor":43,"key":"PreservedInsect"},{"floor":44,"key":"Letter Opener"}],"event_choices":[{"damage_healed":0.0,"max_hp_gain":5.0,"max_hp_loss":0.0,"gold_gain":0.0,"event_name":"Big Fish","player_choice":"Donut","floor":4.0,"gold_loss":0.0,"damage_taken":0.0},{"damage_healed":0.0,"max_hp_gain":0.0,"max_hp_loss":0.0,"gold_gain":0.0,"event_name":"Living Wall","player_choice":"Grow","floor":5.0,"gold_loss":0.0,"damage_taken":0.0,"cards_upgraded":["Rainbow"]},{"damage_healed":0.0,"max_hp_gain":0.0,"max_hp_loss":0.0,"gold_gain":0.0,"cards_transformed":["Strike_B","Strike_B"],"event_name":"Drug Dealer","player_choice":"Became Test Subject","floor":28.0,"gold_loss":0.0,"damage_taken":0.0,"cards_obtained":["All For One","Electrodynamics"]},{"damage_healed":0.0,"max_hp_gain":0.0,"max_hp_loss":0.0,"gold_gain":0.0,"event_name":"Accursed Blacksmith","player_choice":"Forge","floor":30.0,"gold_loss":0.0,"damage_taken":0.0,"cards_upgraded":["Electrodynamics"]},{"damage_healed":0.0,"max_hp_gain":0.0,"max_hp_loss":0.0,"gold_gain":0.0,"event_name":"Tomb of Lord Red Mask","player_choice":"Ignored","floor":36.0,"gold_loss":0.0,"damage_taken":0.0},{"damage_healed":0.0,"max_hp_gain":0.0,"max_hp_loss":0.0,"gold_gain":0.0,"event_name":"Upgrade Shrine","player_choice":"Upgraded","floor":38.0,"gold_loss":0.0,"damage_taken":0.0,"cards_upgraded":["Chaos"]}],"is_beta":false,"boss_relics":[{"not_picked":["Runic Dome","Sozu"],"picked":"Cursed Key"},{"not_picked":["Coffee Dripper","Velvet Choker"],"picked":"Astrolabe"}],"items_purged_floors":[21,37],"is_endless":false,"potions_floor_spawned":[1,3,10,13,19,23,25,35,41,44],"killed_by":"4 Shapes","ascension_level":12}