{"gold_per_floor":[17,29,29,129,139,165,165,195,248,248,423,423,438,456,456,576,576,590,590,346,365,41,41,41,41,41,41,41,41,41,61,61,182,182,206,206,331,3,22,22,47,47,47,61,61,82,82,97,97,97],"floor_reached":51,"playtime":5201,"items_purged":["Doubt"],"score":779,"play_id":"d51caa88-16ad-45d4-bdce-5fcb28583df1","local_time":"20190501144912","is_ascension_mode":true,"campfire_choices":[{"floor":7.0,"key":"REST"},{"floor":12.0,"key":"REST"},{"data":"Catalyst","floor":15.0,"key":"SMITH"},{"floor":23.0,"key":"REST"},{"floor":25.0,"key":"REST"},{"data":"Apotheosis","floor":27.0,"key":"SMITH"},{"data":"Bouncing Flask","floor":32.0,"key":"SMITH"},{"floor":40.0,"key":"REST"},{"floor":42.0,"key":"REST"},{"floor":47.0,"key":"REST"},{"floor":49,"key":"REST"}],"neow_cost":"NO_GOLD","seed_source_timestamp":0,"circlet_count":0,"master_deck":["Defend_G","Defend_G","Defend_G","Defend_G","Defend_G","Strike_G","Strike_G","Strike_G","Strike_G","Strike_G","Survivor+1","Neutralize","Dagger Throw","Backflip+1","Backstab","Dagger Throw","Deadly Poison","Slice","Catalyst+1","Phantasmal Killer+1","Noxious Fumes+1","Apotheosis+1","Poisoned Stab+1","Backstab","Clumsy","Parasite","Bouncing Flask+1","Tools of the Trade","Acrobatics+1","Flying Knee","Metamorphosis","Crippling Poison","Decay","Distraction+1","Dark Shackles","Slice+1"],"special_seed":0,"relics":["Ring of the Snake","Kunai","Bag of Marbles","Juzu Bracelet","Golden Idol","Cursed Key","Ginger","Singing Bowl","Sundial","Anchor","WristBlade","Ice Cream","Membership Card","Bottled Tornado"],"potions_floor_usage":[50,50],"damage_taken":[{"damage":4.0,"enemies":"Jaw Worm","floor":1.0,"turns":5.0},{"damage":1.0,"enemies":"Cultist","floor":2.0,"turns":3.0},{"damage":0.0,"enemies":"2 Louse","floor":5.0,"turns":2.0},{"damage":14.0,"enemies":"Gremlin Nob","floor":6.0,"turns":5.0},{"damage":8.0,"enemies":"3 Sentries","floor":8.0,"turns":9.0},{"damage":0.0,"enemies":"2 Fungi Beasts","floor":13.0,"turns":2.0},{"damage":0.0,"enemies":"Blue Slaver","floor":14.0,"turns":2.0},{"damage":26.0,"enemies":"The Guardian","floor":16.0,"turns":11.0},{"damage":30.0,"enemies":"3 Byrds","floor":18.0,"turns":8.0},{"damage":12.0,"enemies":"Chosen","floor":21.0,"turns":4.0},{"damage":2.0,"enemies":"Snake Plant","floor":31.0,"turns":3.0},{"damage":39.0,"enemies":"Collector","floor":33.0,"turns":7.0},{"damage":0.0,"enemies":"Orb Walker","floor":35.0,"turns":2.0},{"damage":0.0,"enemies":"Mind Bloom Boss Battle","floor":37.0,"turns":4.0},{"damage":31.0,"enemies":"3 Darklings","floor":39.0,"turns":5.0},{"damage":20.0,"enemies":"Transient","floor":41.0,"turns":5.0},{"damage":41.0,"enemies":"Writhing Mass","floor":44.0,"turns":5.0},{"damage":13.0,"enemies":"3 Darklings","floor":46.0,"turns":4.0},{"damage":2,"enemies":"Jaw Worm Horde","floor":48,"turns":4},{"damage":61,"enemies":"Awakened One","floor":50,"turns":10}],"seed_played":"3510920751805472857","potions_obtained":[{"floor":5.0,"key":"Swift Potion"},{"floor":8.0,"key":"Energy Potion"},{"floor":14.0,"key":"SpeedPotion"},{"floor":31.0,"key":"SteroidPotion"},{"floor":37.0,"key":"Strength Potion"},{"floor":44.0,"key":"Explosive Potion"},{"floor":46.0,"key":"SkillPotion"}],"is_trial":false,"path_per_floor":["M","M","?","?","M","E","R","E","T","?","?","R","M","M","R","B",null,"M","?","$","M","$","R","?","R","T","R","$","T","?","M","R","B",null,"M","?","?","$","M","R","M","R","T","M","?","M","R","M","R","B",null],"character_chosen":"THE_SILENT","items_purchased":["Apotheosis","Backstab","Ginger","Membership Card","Metamorphosis","Crippling Poison"],"campfire_rested":8,"item_purchase_floors":[20,22,22,38,38,38],"current_hp_per_floor":[80,79,62,62,62,48,73,65,65,65,65,78,78,78,78,52,78,48,48,48,36,36,59,59,78,78,78,78,78,78,76,76,37,78,78,78,78,78,49,73,55,79,79,38,38,25,49,49,74,13],"gold":97,"neow_bonus":"TWENTY_PERCENT_HP_BONUS","is_prod":false,"is_daily":false,"chose_seed":false,"campfire_upgraded":3,"win_rate":0,"timestamp":1556718552,"path_taken":["M","M","?","?","?","E","R","E","T","?","?","R","M","M","R","BOSS","M","?","?","M","$","R","?","R","T","R","$","?","?","M","R","BOSS","M","?","?","$","M","R","M","R","T","M","?","M","R","M","R","BOSS"],"build_version":"2019-01-23","purchased_purges":1,"victory":true,"max_hp_per_floor":[84,84,84,84,84,84,84,84,84,78,78,78,78,78,78,78,78,78,78,78,78,78,78,78,78,78,78,78,78,78,78,78,78,78,78,78,78,78,80,80,82,82,82,82,82,82,82,84,84,84],"card_choices":[{"not_picked":["Prepared","Slice"],"picked":"Dagger Throw","floor":1.0},{"not_picked":["Underhanded Strike","Blade Dance"],"picked":"Backflip","floor":2.0},{"not_picked":["Deflect","Dodge and Roll"],"picked":"Backstab","floor":5.0},{"not_picked":["Quick Slash","Masterful Stab"],"picked":"Dagger Throw","floor":6.0},{"not_picked":["Catalyst","Footwork"],"picked":"Deadly Poison","floor":8.0},{"not_picked":["Prepared","Deflect"],"picked":"Slice","floor":13.0},{"not_picked":["Sucker Punch","Burst"],"picked":"Catalyst","floor":14.0},{"not_picked":["Grand Finale","Bullet Time"],"picked":"Phantasmal Killer","floor":16.0},{"not_picked":["Acrobatics","Dagger Throw"],"picked":"Noxious Fumes+1","floor":18.0},{"not_picked":["PiercingWail","Dodge and Roll"],"picked":"Poisoned Stab+1","floor":21.0},{"not_picked":["Cloak And Dagger","Deadly Poison"],"picked":"Bouncing Flask","floor":31.0},{"not_picked":["After Image","Burst"],"picked":"Tools of the Trade","floor":33.0},{"not_picked":["Dodge and Roll+1","Quick Slash"],"picked":"Acrobatics+1","floor":35.0},{"not_picked":["Sucker Punch+1","Escape Plan+1"],"picked":"Flying Knee","floor":37.0},{"not_picked":["Dagger Throw+1","Slice","Leg Sweep+1"],"picked":"Singing Bowl","floor":39.0},{"not_picked":["Dagger Spray","Dagger Throw+1","Choke+1"],"picked":"Singing Bowl","floor":41.0},{"not_picked":["Leg Sweep+1","Accuracy+1"],"picked":"Distraction+1","floor":44.0},{"not_picked":["Chrysalis","Sadistic Nature"],"picked":"Dark Shackles","floor":45.0},{"not_picked":["Acrobatics","Footwork+1"],"picked":"Slice+1","floor":46.0},{"not_picked":["Deadly Poison","Flying Knee+1","PiercingWail"],"picked":"Singing Bowl","floor":48}],"player_experience":732775,"relics_obtained":[{"floor":6.0,"key":"Kunai"},{"floor":8.0,"key":"Bag of Marbles"},{"floor":9.0,"key":"Juzu Bracelet"},{"floor":26.0,"key":"Sundial"},{"floor":29.0,"key":"Anchor"},{"floor":37.0,"key":"Ice Cream"},{"floor":43.0,"key":"Bottled Tornado"}],"event_choices":[{"damage_healed":0.0,"max_hp_gain":0.0,"max_hp_loss":0.0,"gold_gain":0.0,"event_name":"Shining Light","player_choice":"Entered Light","floor":3.0,"gold_loss":0.0,"damage_taken":17.0,"cards_upgraded":["Backflip","Survivor"]},{"damage_healed":0.0,"max_hp_gain":0.0,"max_hp_loss":0.0,"gold_gain":100.0,"event_name":"Golden Shrine","player_choice":"Pray","floor":4.0,"gold_loss":0.0,"damage_taken":0.0},{"damage_healed":0.0,"max_hp_gain":0.0,"max_hp_loss":6.0,"gold_gain":0.0,"event_name":"Golden Idol","player_choice":"Lose Max HP","floor":10.0,"gold_loss":0.0,"damage_taken":0.0,"relics_obtained":["Golden Idol"]},{"damage_healed":0.0,"max_hp_gain":0.0,"max_hp_loss":0.0,"gold_gain":175.0,"event_name":"Liars Game","player_choice":"AGREE","floor":11.0,"gold_loss":0.0,"damage_taken":0.0,"cards_obtained":["Doubt"]},{"damage_healed":0.0,"max_hp_gain":0.0,"max_hp_loss":0.0,"gold_gain":0.0,"event_name":"Upgrade Shrine","player_choice":"Upgraded","floor":19.0,"gold_loss":0.0,"damage_taken":0.0,"cards_upgraded":["Phantasmal Killer"]},{"damage_healed":0.0,"max_hp_gain":0.0,"max_hp_loss":0.0,"gold_gain":0.0,"event_name":"Addict","player_choice":"Stole Relic","floor":24.0,"gold_loss":0.0,"damage_taken":0.0,"relics_obtained":["Singing Bowl"],"cards_obtained":["Shame"]},{"cards_removed":["Shame"],"damage_healed":0.0,"max_hp_gain":0.0,"max_hp_loss":0.0,"gold_gain":0.0,"event_name":"Back to Basics","player_choice":"Elegance","floor":30.0,"gold_loss":0.0,"damage_taken":0.0},{"damage_healed":0.0,"max_hp_gain":0.0,"max_hp_loss":0.0,"gold_gain":0.0,"event_name":"Mysterious Sphere","player_choice":"Ignored","floor":36.0,"gold_loss":0.0,"damage_taken":0.0},{"damage_healed":0.0,"max_hp_gain":0.0,"max_hp_loss":0.0,"gold_gain":0.0,"event_name":"MindBloom","player_choice":"Fight","floor":37.0,"gold_loss":0.0,"damage_taken":0.0},{"damage_healed":0.0,"max_hp_gain":0.0,"max_hp_loss":0.0,"gold_gain":0.0,"event_name":"SensoryStone","player_choice":"Memory 1","floor":45.0,"gold_loss":0.0,"damage_taken":0.0}],"is_beta":false,"boss_relics":[{"not_picked":["Busted Crown","Runic Pyramid"],"picked":"Cursed Key"},{"not_picked":["Astrolabe","Runic Dome"],"picked":"WristBlade"}],"items_purged_floors":[20],"is_endless":false,"potions_floor_spawned":[5,8,14,21,31,37,44,46],"ascension_level":4}