{"gold_per_floor":[109,125,125,125,125,125,138,138,138,7,57,57,81,114,114,114],"floor_reached":16,"playtime":409,"items_purged":["Strike_R"],"score":186,"play_id":"4d1c97a0-a163-4883-80d3-60a3f15ebe14","local_time":"20190428185106","is_ascension_mode":true,"campfire_choices":[{"data":"Bash","floor":6,"key":"SMITH"},{"data":"Sword Boomerang","floor":8,"key":"SMITH"},{"data":"Shrug It Off","floor":12,"key":"SMITH"},{"floor":15,"key":"REST"}],"neow_cost":"NONE","seed_source_timestamp":189165197853300,"circlet_count":0,"master_deck":["AscendersBane","Strike_R","Strike_R","Strike_R","Defend_R","Defend_R","Defend_R","Defend_R","Bash+1","Cleave","Clash","Sword Boomerang+1","Shrug It Off+1","Shrug It Off","Shockwave"],"relics":["Burning Blood","Golden Idol","Kunai","Potion Belt"],"potions_floor_usage":[14,14],"damage_taken":[{"damage":7,"enemies":"Cultist","floor":1,"turns":4},{"damage":6,"enemies":"Small Slimes","floor":2,"turns":4},{"damage":1,"enemies":"2 Louse","floor":7,"turns":2},{"damage":6,"enemies":"Lots of Slimes","floor":13,"turns":3},{"damage":43,"enemies":"Gremlin Nob","floor":14,"turns":5},{"damage":78,"enemies":"Slime Boss","floor":16,"turns":9}],"seed_played":"-7494711665316722728","potions_obtained":[{"floor":1,"key":"Fire Potion"},{"floor":7,"key":"SteroidPotion"}],"is_trial":false,"path_per_floor":["M","M","?","?","?","R","M","R","T","$","?","R","M","E","R","B"],"character_chosen":"IRONCLAD","items_purchased":["Shrug It Off"],"campfire_rested":1,"item_purchase_floors":[10],"current_hp_per_floor":[74,74,79,79,79,79,79,79,79,79,79,79,79,42,65,0],"gold":114,"neow_bonus":"TEN_PERCENT_HP_BONUS","is_prod":false,"is_daily":false,"chose_seed":false,"campfire_upgraded":3,"win_rate":0,"timestamp":1556466666,"path_taken":["M","M","?","?","?","R","?","R","T","$","?","R","M","E","R","BOSS"],"build_version":"2019-01-23","purchased_purges":1,"victory":false,"max_hp_per_floor":[82,82,87,79,79,79,79,79,79,79,79,79,79,79,79,79],"card_choices":[{"not_picked":["Ghostly Armor","True Grit"],"picked":"Cleave","floor":1},{"not_picked":["True Grit","Warcry"],"picked":"Clash","floor":2},{"not_picked":["Anger","Warcry"],"picked":"Sword Boomerang","floor":7},{"not_picked":["Warcry","Havoc"],"picked":"Shrug It Off","floor":13},{"not_picked":["Dropkick","Dual Wield"],"picked":"Shockwave","floor":14}],"player_experience":347882,"relics_obtained":[{"floor":9,"key":"Kunai"},{"floor":14,"key":"Potion Belt"}],"event_choices":[{"damage_healed":0,"gold_gain":0,"player_choice":"Donut","damage_taken":0,"max_hp_gain":5,"max_hp_loss":0,"event_name":"Big Fish","floor":3,"gold_loss":0},{"damage_healed":0,"gold_gain":0,"player_choice":"Lose Max HP","damage_taken":0,"relics_obtained":["Golden Idol"],"max_hp_gain":0,"max_hp_loss":8,"event_name":"Golden Idol","floor":4,"gold_loss":0},{"cards_removed":["Strike_R"],"damage_healed":0,"gold_gain":0,"player_choice":"Card Removal","damage_taken":0,"max_hp_gain":0,"max_hp_loss":0,"event_name":"Wheel of Change","floor":5,"gold_loss":0},{"damage_healed":0,"gold_gain":50,"player_choice":"Pray","damage_taken":0,"max_hp_gain":0,"max_hp_loss":0,"event_name":"Golden Shrine","floor":11,"gold_loss":0}],"is_beta":false,"boss_relics":[],"items_purged_floors":[10],"is_endless":false,"potions_floor_spawned":[1,7,13],"killed_by":"Slime Boss","ascension_level":18}