{"gold_per_floor":[109,124,140,215,215,248,248,260,314,314,329,389,389,417,417,513,513,532,543,235,254,52,52,52,84,84,94,94,17,17,17,17,121,121,137,1136,1136,388,405,405,425,454,506,506,506,27,37,37,37,62],"floor_reached":51,"playtime":1936,"items_purged":["Defend_B","Strike_B","Normality"],"score":811,"play_id":"75467fa8-2722-4926-8720-887bf15ce932","local_time":"25611105154210","is_ascension_mode":false,"campfire_choices":[{"floor":7,"key":"REST"},{"floor":13,"key":"REST"},{"floor":15,"key":"REST"},{"floor":23,"key":"REST"},{"data":"Strike_B","floor":30,"key":"PURGE"},{"floor":32,"key":"REST"},{"data":"Normality","floor":40,"key":"PURGE"},{"data":"Writhe","floor":44,"key":"PURGE"},{"floor":49,"key":"REST"}],"neow_cost":"NONE","seed_source_timestamp":2338853853510,"circlet_count":0,"master_deck":["Strike_B+1","Defend_B","Defend_B","Defend_B+1","Zap","Dualcast+1","Auto Shields","Sweeping Beam","Storm","Genetic Algorithm","Streamline","Glacier","Reboot","Amplify+1","Sunder","Chill","Ball Lightning","BootSequence","Self Repair","Loop","Creative AI","Ball Lightning+1","Magnetism","Loop","Conserve Battery+1","Steam Power+1","Hologram+1","Secret Weapon+1","Violence+1","Blind+1","Loop","Apotheosis+1","Deep Breath+1","Leap+1","Chaos+1","Loop","Madness+1","Madness+1"],"relics":["Fusion Hammer","Pear","Art of War","Tiny Chest","Omamori","Cursed Key","War Paint","Peace Pipe","Kunai","MutagenicStrength","Toxic Egg 2","Busted Crown","Singing Bowl","Blue Candle","Strawberry"],"potions_floor_usage":[6,12,14,33,33,47,50,50,50],"damage_taken":[{"damage":6,"enemies":"Jaw Worm","floor":1,"turns":3},{"damage":0,"enemies":"2 Louse","floor":2,"turns":4},{"damage":0,"enemies":"Small Slimes","floor":3,"turns":3},{"damage":28,"enemies":"Gremlin Nob","floor":6,"turns":5},{"damage":13,"enemies":"Blue Slaver","floor":8,"turns":4},{"damage":1,"enemies":"3 Louse","floor":11,"turns":3},{"damage":9,"enemies":"Lagavulin","floor":12,"turns":6},{"damage":16,"enemies":"Gremlin Nob","floor":14,"turns":4},{"damage":29,"enemies":"The Guardian","floor":16,"turns":13},{"damage":0,"enemies":"Spheric Guardian","floor":18,"turns":4},{"damage":25,"enemies":"Shell Parasite","floor":19,"turns":7},{"damage":12,"enemies":"Shelled Parasite and Fungi","floor":21,"turns":5},{"damage":15,"enemies":"Book of Stabbing","floor":25,"turns":7},{"damage":0,"enemies":"Centurion and Healer","floor":27,"turns":5},{"damage":69,"enemies":"Collector","floor":33,"turns":13},{"damage":33,"enemies":"3 Shapes","floor":35,"turns":6},{"damage":10,"enemies":"Orb Walker","floor":39,"turns":5},{"damage":8,"enemies":"Spire Growth","floor":41,"turns":5},{"damage":2,"enemies":"Giant Head","floor":42,"turns":8},{"damage":0,"enemies":"3 Darklings","floor":47,"turns":4},{"damage":72,"enemies":"Donu and Deca","floor":50,"turns":9}],"seed_played":"3206715203713370815","potions_obtained":[{"floor":3,"key":"FearPotion"},{"floor":8,"key":"Poison Potion"},{"floor":12,"key":"Energy Potion"},{"floor":21,"key":"Dexterity Potion"},{"floor":27,"key":"Strength Potion"},{"floor":33,"key":"Block Potion"},{"floor":42,"key":"Strength Potion"},{"floor":47,"key":"EssenceOfSteel"}],"is_trial":false,"path_per_floor":["M","M","M","?","?","E","R","M","T","?","M","E","R","E","R","B",null,"M","M","$","M","$","R","?","E","T","M","?","$","R","T","R","B",null,"M","?","?","$","M","R","M","E","T","R","?","$","M","?","R","B",null],"character_chosen":"DEFECT","items_purchased":["Defragment","War Paint","Ball Lightning","BootSequence","Loop","Singing Bowl","Magnetism","Loop","Conserve Battery+1","Steam Power+1","Loop","Apotheosis+1","Block Potion","Deep Breath+1","Leap+1","Chaos+1"],"campfire_rested":6,"item_purchase_floors":[20,20,22,22,29,38,38,38,38,38,46,46,46,46,46,46],"current_hp_per_floor":[69,69,69,58,43,25,50,37,37,37,36,27,52,36,61,32,85,85,60,60,48,48,73,73,58,58,65,65,65,65,65,85,30,85,66,66,66,66,68,68,67,81,88,88,78,78,92,80,96,44],"gold":62,"neow_bonus":"BOSS_RELIC","is_prod":false,"is_daily":false,"chose_seed":false,"campfire_upgraded":0,"win_rate":0.0,"timestamp":1541407330,"path_taken":["M","M","M","?","?","E","R","M","T","?","M","E","R","E","R","BOSS","M","M","$","M","$","R","?","E","T","M","?","?","R","?","R","BOSS","M","?","?","$","M","R","M","E","T","R","?","$","M","?","R","BOSS"],"build_version":"2018-11-01","purchased_purges":3,"victory":true,"max_hp_per_floor":[75,75,75,75,75,85,85,85,85,85,85,85,85,85,85,85,85,85,85,85,85,85,85,85,85,85,85,85,85,85,85,85,85,85,85,85,85,85,87,87,87,89,96,96,96,96,96,96,96,96],"card_choices":[{"not_picked":["Beam Cell","Lockon"],"picked":"Auto Shields","floor":1},{"not_picked":["Conserve Battery","Beam Cell"],"picked":"Sweeping Beam","floor":2},{"not_picked":["Compile Driver","Gash"],"picked":"Storm","floor":3},{"not_picked":["Glacier","Barrage"],"picked":"Genetic Algorithm","floor":6},{"not_picked":["Rip and Tear","Leap","Skim"],"picked":"SKIP","floor":8},{"not_picked":["Hologram","Static Discharge"],"picked":"Streamline","floor":11},{"not_picked":["Conserve Battery","Blizzard"],"picked":"Glacier","floor":12},{"not_picked":["Sweeping Beam","Coolheaded"],"picked":"Reboot","floor":14},{"not_picked":["Thunder Strike","Fission"],"picked":"Amplify","floor":16},{"not_picked":["Gash+1","Steam"],"picked":"Sunder","floor":18},{"not_picked":["Gash","Steam","Doom and Gloom"],"picked":"SKIP","floor":19},{"not_picked":["Leap","Ball Lightning"],"picked":"Chill","floor":21},{"not_picked":["Cold Snap","FTL"],"picked":"Self Repair","floor":25},{"not_picked":["Coolheaded","Turbo+1","Rip and Tear"],"picked":"SKIP","floor":27},{"not_picked":["Amplify+1","Machine Learning"],"picked":"Creative AI","floor":33},{"not_picked":[],"picked":"Ball Lightning+1","floor":35},{"not_picked":["FTL+1"],"picked":"Singing Bowl","floor":39},{"not_picked":[],"picked":"Hologram+1","floor":41},{"not_picked":["Cold Snap"],"picked":"Singing Bowl","floor":42},{"not_picked":[],"picked":"Secret Weapon+1","floor":45},{"not_picked":[],"picked":"Violence+1","floor":45},{"not_picked":[],"picked":"Blind+1","floor":45},{"not_picked":[],"picked":"Loop","floor":47}],"player_experience":59687,"relics_obtained":[{"floor":6,"key":"Pear"},{"floor":9,"key":"Art of War"},{"floor":12,"key":"Tiny Chest"},{"floor":14,"key":"Omamori"},{"floor":25,"key":"Peace Pipe"},{"floor":26,"key":"Kunai"},{"floor":31,"key":"Toxic Egg 2"},{"floor":42,"key":"Blue Candle"},{"floor":43,"key":"Strawberry"}],"event_choices":[{"damage_healed":0,"gold_gain":75,"player_choice":"Gather Gold","damage_taken":11,"max_hp_gain":0,"max_hp_loss":0,"event_name":"World of Goop","floor":4,"gold_loss":0},{"damage_healed":0,"gold_gain":0,"player_choice":"Entered Light","damage_taken":15,"max_hp_gain":0,"max_hp_loss":0,"event_name":"Shining Light","floor":5,"gold_loss":0,"cards_upgraded":["Defend_B","Strike_B"]},{"damage_healed":0,"gold_gain":0,"player_choice":"Ignored","damage_taken":0,"max_hp_gain":0,"max_hp_loss":0,"event_name":"Golden Wing","floor":10,"gold_loss":0},{"cards_removed":["Strike_B"],"damage_healed":0,"gold_gain":0,"player_choice":"Elegance","damage_taken":0,"max_hp_gain":0,"max_hp_loss":0,"event_name":"Back to Basics","floor":24,"gold_loss":0},{"damage_healed":0,"gold_gain":0,"player_choice":"Inject Mutagens","damage_taken":0,"relics_obtained":["MutagenicStrength"],"max_hp_gain":0,"max_hp_loss":0,"event_name":"Drug Dealer","floor":28,"gold_loss":0},{"damage_healed":0,"gold_gain":999,"player_choice":"Gold","damage_taken":0,"max_hp_gain":0,"max_hp_loss":0,"event_name":"MindBloom","floor":36,"gold_loss":0,"cards_obtained":["Normality","Normality"]},{"cards_removed":["Defragment"],"damage_healed":0,"gold_gain":0,"player_choice":"Removed Power","damage_taken":0,"max_hp_gain":0,"max_hp_loss":0,"event_name":"Falling","floor":37,"gold_loss":0},{"damage_healed":0,"gold_gain":0,"player_choice":"Memory 3","damage_taken":10,"max_hp_gain":0,"max_hp_loss":0,"event_name":"SensoryStone","floor":45,"gold_loss":0},{"damage_healed":0,"gold_gain":0,"player_choice":"Embrace Madness","damage_taken":12,"max_hp_gain":0,"max_hp_loss":0,"event_name":"Winding Halls","floor":48,"gold_loss":0,"cards_obtained":["Madness","Madness"]}],"is_beta":false,"boss_relics":[{"not_picked":["White Beast Statue","Pandora\u0027s Box"],"picked":"Cursed Key"},{"not_picked":["Velvet Choker","Runic Pyramid"],"picked":"Busted Crown"}],"items_purged_floors":[20,22,38],"is_endless":false,"potions_floor_spawned":[3,8,12,21,27,33,42,47],"ascension_level":0}