{"gold_per_floor":[10,26,45,55,75,75,94,129,155,183,29,29,63,78,78,177,177,193,193,37,39,52,81,96,110,182,182,282,282,293,304,304,304],"floor_reached":33,"playtime":1270,"items_purged":[],"score":435,"play_id":"ce4b0b29-3cde-4acb-953b-0bc1da0494d7","local_time":"25610725214040","is_ascension_mode":true,"campfire_choices":[{"data":"Armaments","floor":6,"key":"SMITH"},{"floor":12,"key":"REST"},{"floor":15,"key":"REST"},{"floor":29,"key":"REST"},{"data":"Bash","floor":32,"key":"SMITH"}],"neow_cost":"NO_GOLD","seed_source_timestamp":31835184959406,"circlet_count":0,"master_deck":["Defend_R+1","Defend_R+1","Defend_R+1","Bash+1","Perfected Strike","Twin Strike","Uppercut","Armaments+1","Seeing Red","Shrug It Off","Infernal Blade","Fire Breathing","Impervious","Reaper","Sentinel+1","Disarm+1","Burning Pact","Ghostly Armor+1","Cleave+1","Bite","Bite","Bite","Bite","Bite","Thunderclap"],"relics":["Black Blood","Ice Cream","Bronze Scales","Bird Faced Urn","Strawberry","Red Skull","Vajra","Ornamental Fan"],"potions_floor_usage":[7,7,10,10,16,16,22,33,33],"damage_taken":[{"damage":6,"enemies":"Cultist","floor":1,"turns":4},{"damage":6,"enemies":"Small Slimes","floor":2,"turns":3},{"damage":8,"enemies":"2 Louse","floor":3,"turns":3},{"damage":32,"enemies":"Exordium Thugs","floor":4,"turns":5},{"damage":9,"enemies":"Looter","floor":5,"turns":3},{"damage":9,"enemies":"Blue Slaver","floor":7,"turns":3},{"damage":22,"enemies":"3 Sentries","floor":8,"turns":7},{"damage":20,"enemies":"Lagavulin","floor":10,"turns":4},{"damage":28,"enemies":"Gremlin Nob","floor":13,"turns":4},{"damage":14,"enemies":"3 Louse","floor":14,"turns":3},{"damage":46,"enemies":"Hexaghost","floor":16,"turns":9},{"damage":18,"enemies":"Chosen","floor":18,"turns":5},{"damage":19,"enemies":"2 Thieves","floor":21,"turns":4},{"damage":25,"enemies":"Sentry and Sphere","floor":22,"turns":6},{"damage":48,"enemies":"Slavers","floor":23,"turns":7},{"damage":2,"enemies":"Snecko","floor":24,"turns":4},{"damage":17,"enemies":"Chosen and Byrds","floor":25,"turns":4},{"damage":35,"enemies":"Centurion and Healer","floor":30,"turns":8},{"damage":21,"enemies":"Snecko","floor":31,"turns":6},{"damage":117,"enemies":"Champ","floor":33,"turns":16}],"seed_played":"8201348556349466187","potions_obtained":[{"floor":5,"key":"EntropicBrew"},{"floor":7,"key":"Dexterity Potion"},{"floor":8,"key":"FearPotion"},{"floor":13,"key":"Explosive Potion"},{"floor":21,"key":"Block Potion"},{"floor":24,"key":"SpeedPotion"},{"floor":25,"key":"Ancient Potion"},{"floor":30,"key":"Fire Potion"}],"is_trial":false,"path_per_floor":["M","M","M","M","M","R","M","E","T","E","$","R","E","M","R","B",null,"M","?","$","M","M","E","M","M","T","?","?","R","M","M","R"],"character_chosen":"IRONCLAD","items_purchased":["Blood Vial","Red Skull"],"campfire_rested":3,"item_purchase_floors":[11,20],"current_hp_per_floor":[72,72,70,44,41,41,38,22,22,8,8,32,27,23,49,13,69,69,69,69,70,59,42,52,56,56,56,56,82,71,70,70,0],"gold":304,"neow_bonus":"REMOVE_TWO","is_prod":false,"is_daily":false,"chose_seed":false,"campfire_upgraded":2,"win_rate":0,"timestamp":1532529640,"path_taken":["M","M","M","M","?","R","M","E","T","E","$","R","E","M","R","BOSS","M","?","$","M","M","E","M","M","T","?","?","R","M","M","R","BOSS"],"build_version":"2018-07-19v2","purchased_purges":0,"victory":false,"max_hp_per_floor":[80,80,80,80,80,80,80,80,80,80,80,80,87,87,87,87,87,87,87,87,87,87,87,87,87,87,87,87,87,87,87,87,87],"card_choices":[{"not_picked":["Havoc","Body Slam"],"picked":"Perfected Strike","floor":1},{"not_picked":["Thunderclap","Rupture"],"picked":"Twin Strike","floor":2},{"not_picked":["Dark Embrace","Ghostly Armor"],"picked":"Uppercut","floor":3},{"not_picked":["Hemokinesis","Rupture"],"picked":"Armaments","floor":4},{"not_picked":["Wild Strike","Headbutt"],"picked":"Seeing Red","floor":5},{"not_picked":["True Grit","Headbutt"],"picked":"Shrug It Off","floor":7},{"not_picked":["Pommel Strike","Heavy Blade"],"picked":"Infernal Blade","floor":8},{"not_picked":["Corruption","Anger"],"picked":"Fire Breathing","floor":10},{"not_picked":["Metallicize","Armaments","Sentinel"],"picked":"SKIP","floor":13},{"not_picked":["True Grit","Dropkick"],"picked":"Impervious","floor":14},{"not_picked":["Juggernaut","Impervious"],"picked":"Reaper","floor":16},{"not_picked":["Body Slam","Headbutt+1"],"picked":"Sentinel+1","floor":18},{"not_picked":["Twin Strike","Pummel+1"],"picked":"Disarm+1","floor":21},{"not_picked":["Second Wind+1","Reckless Charge"],"picked":"Burning Pact","floor":22},{"not_picked":["Armaments","Hemokinesis"],"picked":"Ghostly Armor+1","floor":23},{"not_picked":["Havoc","Twin Strike+1","Iron Wave"],"picked":"SKIP","floor":24},{"not_picked":["Shrug It Off","Disarm"],"picked":"Cleave+1","floor":25},{"not_picked":["Rage","Dual Wield"],"picked":"Thunderclap","floor":30},{"not_picked":["Iron Wave","Rupture","Anger"],"picked":"SKIP","floor":31}],"player_experience":158457,"relics_obtained":[{"floor":8,"key":"Ice Cream"},{"floor":9,"key":"Bronze Scales"},{"floor":10,"key":"Bird Faced Urn"},{"floor":13,"key":"Strawberry"},{"floor":23,"key":"Vajra"},{"floor":26,"key":"Ornamental Fan"}],"event_choices":[{"event_name":"Back to Basics","player_choice":"Simplicity","floor":19,"damage_taken":0},{"event_name":"Vampires","player_choice":"Became a vampire (Vial)","floor":27,"damage_taken":0},{"event_name":"Golden Shrine","player_choice":"Pray","floor":28,"damage_taken":0}],"is_beta":false,"boss_relics":[{"not_picked":["Fusion Hammer","Eternal Feather"],"picked":"Black Blood"}],"items_purged_floors":[],"is_endless":false,"potions_floor_spawned":[5,7,8,13,21,24,25,30],"killed_by":"Champ","ascension_level":8}