{"gold_per_floor":[114,114,129,129,144,144,174,174,174,174,189,8,23,38,38,138,138,153,168,183,183,198,198],"floor_reached":23,"playtime":577,"items_purged":[],"score":245,"play_id":"0b44735e-37ca-4245-a7cf-40c2b8cf8b7b","local_time":"25611116152045","daily_mods":["Insanity","Red Cards","Lethality"],"is_ascension_mode":false,"campfire_choices":[{"data":"Armaments","floor":6.0,"key":"SMITH"},{"data":"Skewer","floor":8.0,"key":"SMITH"},{"floor":10.0,"key":"REST"},{"data":"Skewer","floor":15,"key":"SMITH"}],"neow_cost":"","seed_source_timestamp":0,"circlet_count":0,"master_deck":["Masterful Stab","Flex","Poisoned Stab","Deflect","Dagger Spray","Battle Trance","Slice","Cleave","Clothesline","Anger","Combust","Anger","Dodge and Roll","Searing Blow","Perfected Strike","Flex","Warcry","Dodge and Roll","Wild Strike","Corruption+1","Perfected Strike","Acrobatics","Poisoned Stab","Dagger Throw","Quick Slash","Bane","Expertise","Sucker Punch","Sword Boomerang","Deadly Poison","Twin Strike","Clash","Tactician","Skewer+1","Sword Boomerang","Armaments+1","Disarm","Bane","Second Wind","Cloak And Dagger","Cleave","Body Slam","Havoc","Sucker Punch","Calculated Gamble","Iron Wave","Finisher","Escape Plan","Twin Strike","Backflip","Dagger Spray","Corruption","Night Terror","Noxious Fumes","The Bomb","Fire Breathing","Skewer+1","Demon Form","Iron Wave","Cloak And Dagger+1"],"special_seed":17851,"relics":["Ring of the Snake","Bag of Marbles","Potion Belt","Runic Pyramid"],"potions_floor_usage":[13,18,22,23],"damage_taken":[{"damage":0.0,"enemies":"2 Louse","floor":1.0,"turns":1.0},{"damage":0.0,"enemies":"Cultist","floor":3.0,"turns":2.0},{"damage":0.0,"enemies":"Small Slimes","floor":5.0,"turns":1.0},{"damage":17.0,"enemies":"Lagavulin","floor":7.0,"turns":4.0},{"damage":0.0,"enemies":"2 Fungi Beasts","floor":11.0,"turns":2.0},{"damage":0,"enemies":"Blue Slaver","floor":13,"turns":1},{"damage":0,"enemies":"Looter","floor":14,"turns":1},{"damage":55,"enemies":"The Guardian","floor":16,"turns":7},{"damage":0,"enemies":"Shell Parasite","floor":18,"turns":3},{"damage":13,"enemies":"2 Thieves","floor":19,"turns":2},{"damage":26,"enemies":"Centurion and Healer","floor":20,"turns":4},{"damage":30,"enemies":"Shelled Parasite and Fungi","floor":22,"turns":4},{"damage":6,"enemies":"Book of Stabbing","floor":23,"turns":1}],"seed_played":"6904533978699419916","potions_obtained":[{"floor":1.0,"key":"GamblersBrew"},{"floor":5.0,"key":"LiquidBronze"},{"floor":16,"key":"Block Potion"},{"floor":19,"key":"Dexterity Potion"},{"floor":20,"key":"Poison Potion"}],"is_trial":false,"path_per_floor":["M","?","M","?","M","R","E","R","T","R","M","M","$","M","M","R","B",null,"M","M","M","?","M","E"],"character_chosen":"THE_SILENT","items_purchased":["The Bomb"],"campfire_rested":1,"item_purchase_floors":[12],"current_hp_per_floor":[70,70,70,70,70,70,53,53,53,70,70,70,70,70,70,15,70,70,57,31,31,1,0],"gold":198,"neow_bonus":"","is_prod":false,"is_daily":true,"chose_seed":false,"campfire_upgraded":3,"win_rate":0,"timestamp":1542356445,"path_taken":["M","?","M","?","?","R","E","R","T","R","M","$","M","M","R","BOSS","M","M","M","?","M","E"],"build_version":"2018-11-15","purchased_purges":0,"victory":false,"max_hp_per_floor":[70,70,70,70,70,70,70,70,70,70,70,70,70,70,70,70,70,70,70,70,70,70,70],"card_choices":[{"not_picked":["Heavy Blade","Warcry","Slice"],"picked":"SKIP","floor":1.0},{"not_picked":["PiercingWail","Deadly Poison"],"picked":"Dagger Spray","floor":3.0},{"not_picked":["Perfected Strike","Wild Strike"],"picked":"Corruption","floor":5.0},{"not_picked":["Armaments","Outmaneuver"],"picked":"Night Terror","floor":7.0},{"not_picked":["Outmaneuver","Perfected Strike"],"picked":"Noxious Fumes","floor":11},{"not_picked":["Flex","PiercingWail"],"picked":"Fire Breathing","floor":13},{"not_picked":["Calculated Gamble","Dagger Throw"],"picked":"Skewer","floor":14},{"not_picked":["Envenom","Exhume"],"picked":"Demon Form","floor":16},{"not_picked":["Bane","All Out Attack","Dagger Throw"],"picked":"SKIP","floor":18},{"not_picked":["Bloodletting","Skewer"],"picked":"Iron Wave","floor":19},{"not_picked":["Predator","Poisoned Stab"],"picked":"Cloak And Dagger+1","floor":20},{"not_picked":["Slice+1","Backstab","Dagger Spray"],"picked":"SKIP","floor":22}],"player_experience":148198,"relics_obtained":[{"floor":7.0,"key":"Bag of Marbles"},{"floor":9.0,"key":"Potion Belt"}],"event_choices":[{"damage_healed":0.0,"max_hp_gain":0.0,"max_hp_loss":0.0,"gold_gain":0.0,"event_name":"Living Wall","player_choice":"Grow","floor":2.0,"gold_loss":0.0,"damage_taken":0.0,"cards_upgraded":["Corruption"]},{"damage_healed":0.0,"max_hp_gain":0.0,"max_hp_loss":0.0,"gold_gain":0.0,"event_name":"The Woman in Blue","player_choice":"Bought 0 Potions","floor":4.0,"gold_loss":0.0,"damage_taken":0.0},{"damage_healed":0,"gold_gain":0,"player_choice":"Ignored","damage_taken":0,"max_hp_gain":0,"max_hp_loss":0,"event_name":"Vampires","floor":21,"gold_loss":0}],"is_beta":false,"boss_relics":[{"not_picked":["Empty Cage","Sozu"],"picked":"Runic Pyramid"}],"items_purged_floors":[],"is_endless":false,"potions_floor_spawned":[1,5,16,19,20],"killed_by":"Book of Stabbing","ascension_level":0}