{"gold_per_floor":[119,119,119,22,22,22,57,57,57,73,90,123,136,171,171,266,266,206,206],"floor_reached":19,"playtime":1671,"items_purged":["Strike_B"],"score":192,"play_id":"e275b4e0-856e-4033-b266-5f9b10708aac","local_time":"20181008181948","is_ascension_mode":true,"campfire_choices":[{"data":"Zap","floor":6,"key":"SMITH"},{"data":"Dualcast","floor":8,"key":"SMITH"},{"floor":15,"key":"REST"}],"neow_cost":"NONE","seed_source_timestamp":1889530502337120,"circlet_count":0,"master_deck":["Strike_B","Defend_B","Defend_B","Defend_B","Defend_B","Zap+1","Dualcast+1","Cold Snap","Coolheaded","Self Repair","Auto Shields","Blizzard","Loop","Self Repair","Biased Cognition","Go for the Eyes+1"],"relics":["Cracked Core","Orichalcum","Shuriken","Bird Faced Urn","Darkstone Periapt","Art of War","Lizard Tail"],"potions_floor_usage":[16,16,16,16],"damage_taken":[{"damage":0,"enemies":"Jaw Worm","floor":1,"turns":5},{"damage":15,"enemies":"Lagavulin","floor":7,"turns":10},{"damage":3,"enemies":"Small Slimes","floor":10,"turns":4},{"damage":0,"enemies":"Cultist","floor":11,"turns":4},{"damage":45,"enemies":"Gremlin Nob","floor":12,"turns":7},{"damage":8,"enemies":"Large Slime","floor":13,"turns":7},{"damage":11,"enemies":"Lagavulin","floor":14,"turns":8},{"damage":34,"enemies":"Hexaghost","floor":16,"turns":16},{"damage":16,"enemies":"2 Thieves","floor":18,"turns":4},{"damage":13,"enemies":"Colosseum Slavers","floor":19,"turns":5},{"damage":155,"enemies":"Colosseum Nobs","floor":19,"turns":8}],"seed_played":"-2538405790052097639","potions_obtained":[{"floor":7,"key":"Energy Potion"},{"floor":12,"key":"EntropicBrew"},{"floor":13,"key":"Strength Potion"}],"is_trial":false,"path_per_floor":["M","?","?","$","?","R","E","R","T","M","M","E","M","E","R","B",null,"M"],"character_chosen":"DEFECT","items_purchased":["Coolheaded"],"campfire_rested":1,"item_purchase_floors":[4],"current_hp_per_floor":[75,68,56,56,56,56,41,41,41,47,56,20,21,21,43,29,75,75,0],"gold":206,"neow_bonus":"REMOVE_CARD","is_prod":false,"is_daily":false,"chose_seed":false,"campfire_upgraded":2,"win_rate":0,"timestamp":1539015588,"path_taken":["M","?","?","$","?","R","E","R","T","?","M","E","M","E","R","BOSS","M","?"],"build_version":"2018-10-04v2","purchased_purges":1,"victory":false,"max_hp_per_floor":[75,75,75,75,75,75,75,75,75,75,75,75,75,75,75,75,75,75,75],"card_choices":[{"not_picked":["Sweeping Beam","Steam"],"picked":"Cold Snap","floor":1},{"not_picked":["Loop","Turbo"],"picked":"Self Repair","floor":7},{"not_picked":["Self Repair","Sweeping Beam"],"picked":"Auto Shields","floor":10},{"not_picked":["Hologram","Beam Cell"],"picked":"Blizzard","floor":11},{"not_picked":["Reinforced Body","Barrage","Undo"],"picked":"SKIP","floor":12},{"not_picked":["Leap","Go for the Eyes"],"picked":"Loop","floor":13},{"not_picked":["Undo","Steam"],"picked":"Self Repair","floor":14},{"not_picked":["Hyperbeam","Fission"],"picked":"Biased Cognition","floor":16},{"not_picked":["Beam Cell+1","Reprogram+1"],"picked":"Go for the Eyes+1","floor":18}],"player_experience":119612,"relics_obtained":[{"floor":7,"key":"Shuriken"},{"floor":9,"key":"Bird Faced Urn"},{"floor":12,"key":"Darkstone Periapt"},{"floor":14,"key":"Art of War"}],"event_choices":[{"event_name":"Golden Wing","player_choice":"Card Removal","floor":2,"damage_taken":0},{"event_name":"Scrap Ooze","player_choice":"success","floor":3,"damage_taken":12},{"event_name":"The Cleric","player_choice":"Leave","floor":5,"damage_taken":0},{"event_name":"Colosseum","player_choice":"Fight","floor":19,"damage_taken":0},{"event_name":"Colosseum","player_choice":"Fought Nobs","floor":19,"damage_taken":0}],"is_beta":false,"boss_relics":[{"not_picked":["Pandora\u0027s Box","Fusion Hammer"],"picked":"Lizard Tail"}],"items_purged_floors":[4],"is_endless":false,"potions_floor_spawned":[7,12,13,14],"killed_by":"Colosseum Nobs","ascension_level":1}