{"gold_per_floor":[109,109,129,140,159,159,193,193,241,241,276,256,256,271,271,348,348,348,195,120,120,120,120,120,120,120,120,120,120,120,120,120,120,120,120,120,44,44,11,11,11,11,11,11,11,11,11,11,11,11],"floor_reached":51,"playtime":2697,"items_purged":["Strike_G"],"score":1263,"play_id":"a16543de-798c-4185-a7bc-d5886bd60c12","local_time":"20180927135650","is_ascension_mode":true,"campfire_choices":[{"data":"Neutralize","floor":6.0,"key":"SMITH"},{"floor":8.0,"key":"REST"},{"data":"Dodge and Roll","floor":10.0,"key":"SMITH"},{"data":"Footwork","floor":13.0,"key":"SMITH"},{"data":"Cloak And Dagger","floor":15.0,"key":"SMITH"},{"data":"Adrenaline","floor":23.0,"key":"SMITH"},{"data":"Well Laid Plans","floor":25.0,"key":"SMITH"},{"data":"A Thousand Cuts","floor":30.0,"key":"SMITH"},{"data":"Catalyst","floor":32.0,"key":"SMITH"},{"data":"Night Terror","floor":40.0,"key":"SMITH"},{"data":"Noxious Fumes","floor":42.0,"key":"SMITH"},{"floor":47.0,"key":"REST"},{"floor":49.0,"key":"REST"}],"neow_cost":"PERCENT_DAMAGE","seed_source_timestamp":19966823155047,"circlet_count":0,"master_deck":["Defend_G+1","Defend_G+1","Defend_G+1","Defend_G+1","Defend_G+1","Strike_G+1","Strike_G+1","Strike_G+1","Strike_G+1","Survivor","Neutralize+1","AscendersBane","Adrenaline+1","Poisoned Stab","Footwork+1","Deadly Poison","Dodge and Roll+1","Quick Slash","Cloak And Dagger+1","Night Terror+1","Backflip+1","Caltrops","Well Laid Plans+1","Footwork+1","Backstab","A Thousand Cuts+1","Catalyst+1","Noxious Fumes","Finesse","Noxious Fumes+1","Leg Sweep"],"special_seed":0,"relics":["Ring of the Serpent","Sundial","Ancient Tea Set","Lantern","Ectoplasm","Ninja Scroll","Ornamental Fan","Tingsha","MawBank"],"potions_floor_usage":[50,50],"damage_taken":[{"damage":1.0,"enemies":"Small Slimes","floor":1.0,"turns":4.0},{"damage":0.0,"enemies":"Jaw Worm","floor":3.0,"turns":4.0},{"damage":0.0,"enemies":"Cultist","floor":4.0,"turns":4.0},{"damage":0.0,"enemies":"Large Slime","floor":5.0,"turns":7.0},{"damage":30.0,"enemies":"Gremlin Nob","floor":7.0,"turns":5.0},{"damage":1.0,"enemies":"Lagavulin","floor":11.0,"turns":8.0},{"damage":0.0,"enemies":"Gremlin Gang","floor":14.0,"turns":6.0},{"damage":4.0,"enemies":"The Guardian","floor":16.0,"turns":13.0},{"damage":12.0,"enemies":"3 Byrds","floor":18.0,"turns":6.0},{"damage":7.0,"enemies":"2 Thieves","floor":20.0,"turns":5.0},{"damage":0.0,"enemies":"Snake Plant","floor":22.0,"turns":6.0},{"damage":0.0,"enemies":"Book of Stabbing","floor":24.0,"turns":8.0},{"damage":0.0,"enemies":"Centurion and Healer","floor":27.0,"turns":9.0},{"damage":20.0,"enemies":"Slavers","floor":29.0,"turns":5.0},{"damage":9.0,"enemies":"Automaton","floor":33.0,"turns":10.0},{"damage":0.0,"enemies":"3 Shapes","floor":35.0,"turns":3.0},{"damage":10.0,"enemies":"3 Darklings","floor":41.0,"turns":5.0},{"damage":11.0,"enemies":"4 Shapes","floor":44.0,"turns":6.0},{"damage":21.0,"enemies":"Sphere and 2 Shapes","floor":46.0,"turns":6.0},{"damage":6.0,"enemies":"Spire Growth","floor":48.0,"turns":5.0},{"damage":44,"enemies":"Time Eater","floor":50,"turns":15}],"seed_played":"-5810292398439062813","potions_obtained":[{"floor":4.0,"key":"GamblersBrew"},{"floor":12.0,"key":"Block Potion"},{"floor":14.0,"key":"Regen Potion"},{"floor":22.0,"key":"Block Potion"},{"floor":24.0,"key":"Strength Potion"},{"floor":44.0,"key":"GamblersBrew"},{"floor":46.0,"key":"Poison Potion"}],"is_trial":false,"path_per_floor":["M","?","M","M","M","R","E","R","T","R","E","?","R","M","R","B",null,"M","$","M","?","M","R","E","R","T","M","?","E","R","?","R","B",null,"M","?","$","?","$","R","M","R","T","M","$","M","R","M","R","B"],"character_chosen":"THE_SILENT","items_purchased":["Caltrops","Noxious Fumes","Noxious Fumes"],"campfire_rested":3,"item_purchase_floors":[19,37,39],"current_hp_per_floor":[43,43,43,43,43,43,13,32,32,32,31,31,31,31,31,27,56,44,44,37,37,52,52,52,52,52,52,52,32,32,45,45,36,59,59,59,59,59,59,59,49,49,49,38,38,17,35,29,47,3],"gold":11,"neow_bonus":"THREE_RARE_CARDS","is_prod":false,"is_daily":false,"chose_seed":false,"campfire_upgraded":10,"win_rate":0,"timestamp":1538081810,"path_taken":["M","?","M","M","M","R","E","R","T","R","E","?","R","M","R","BOSS","M","$","M","?","?","R","E","R","T","M","?","E","R","?","R","BOSS","M","?","$","?","$","R","M","R","T","?","?","M","R","M","R","BOSS"],"build_version":"2018-09-20","purchased_purges":1,"victory":true,"max_hp_per_floor":[66,66,66,66,66,66,66,66,66,66,66,66,66,66,66,66,66,66,66,66,66,66,66,66,66,66,66,66,66,66,66,66,66,66,66,63,63,63,63,63,63,63,63,63,63,63,63,63,63,63],"card_choices":[{"not_picked":["Wraith Form v2","Burst"],"picked":"Adrenaline","floor":0.0},{"not_picked":["Dodge and Roll","Reflex"],"picked":"Poisoned Stab","floor":1.0},{"not_picked":["Outmaneuver","Bane"],"picked":"Footwork","floor":3.0},{"not_picked":["Choke","Blade Dance","Outmaneuver"],"picked":"SKIP","floor":4.0},{"not_picked":["Setup","Heel Hook"],"picked":"Deadly Poison","floor":5.0},{"not_picked":["Envenom","Outmaneuver"],"picked":"Dodge and Roll","floor":7.0},{"not_picked":["Heel Hook","Prepared"],"picked":"Quick Slash","floor":11.0},{"not_picked":["Underhanded Strike","Blur"],"picked":"Cloak And Dagger","floor":14.0},{"not_picked":["Venomology","Corpse Explosion"],"picked":"Night Terror","floor":16.0},{"not_picked":["Prepared","PiercingWail+1"],"picked":"Backflip+1","floor":18.0},{"not_picked":["Deadly Poison+1","Flying Knee+1"],"picked":"Well Laid Plans","floor":20.0},{"not_picked":["Deflect","All Out Attack"],"picked":"Footwork+1","floor":22.0},{"not_picked":["Quick Slash","Sucker Punch"],"picked":"Backstab","floor":24.0},{"not_picked":["Bane","Flying Knee"],"picked":"A Thousand Cuts","floor":27.0},{"not_picked":["Bane","Terror"],"picked":"Catalyst","floor":29.0},{"not_picked":["Prepared","Expertise","Outmaneuver"],"picked":"SKIP","floor":35.0},{"not_picked":["Impatience","Panache"],"picked":"Finesse","floor":38.0},{"not_picked":["Terror","Predator","Expertise"],"picked":"SKIP","floor":41.0},{"not_picked":["Caltrops","Accuracy","Flying Knee"],"picked":"SKIP","floor":44.0},{"not_picked":["Dash","Choke","Infinite Blades"],"picked":"SKIP","floor":46.0},{"not_picked":["Slice","Prepared+1"],"picked":"Leg Sweep","floor":48.0}],"player_experience":1205764,"relics_obtained":[{"floor":7.0,"key":"Sundial"},{"floor":9.0,"key":"Ancient Tea Set"},{"floor":11.0,"key":"Lantern"},{"floor":24.0,"key":"Ninja Scroll"},{"floor":26.0,"key":"Ornamental Fan"},{"floor":29.0,"key":"Tingsha"},{"floor":43.0,"key":"MawBank"}],"event_choices":[{"event_name":"Golden Wing","player_choice":"Ignored","floor":2.0,"damage_taken":0.0},{"event_name":"The Woman in Blue","player_choice":"Bought 1 Potion","floor":12.0,"damage_taken":0.0},{"event_name":"Back to Basics","player_choice":"Simplicity","floor":21.0,"damage_taken":0.0},{"event_name":"N\u0027loth","player_choice":"Ignored","floor":28.0,"damage_taken":0.0},{"event_name":"The Library","player_choice":"Heal","floor":31.0,"damage_taken":0.0},{"event_name":"Winding Halls","player_choice":"Max HP","floor":36.0,"damage_taken":0.0},{"event_name":"SensoryStone","player_choice":"Memory 1","floor":38.0,"damage_taken":0.0}],"is_beta":false,"boss_relics":[{"not_picked":["Orrery","Snecko Eye"],"picked":"Ectoplasm"},{"not_picked":["Pandora\u0027s Box","Tiny House"],"picked":"Ring of the Serpent"}],"items_purged_floors":[19],"is_endless":false,"potions_floor_spawned":[4,14,22,24,27,44,46],"ascension_level":15}