{"gold_per_floor":[111,36,51,51,70,70,105,105,105,120,145,69,69,80,80,157,157,174,187,187,112,164,164,191,29,52,52,52],"floor_reached":28,"playtime":1378,"items_purged":["Regret"],"score":488,"play_id":"5efd8b03-f4e3-4575-abcb-69ec30e2a64c","local_time":"20190403143254","is_ascension_mode":true,"campfire_choices":[{"data":"Whirlwind","floor":6,"key":"SMITH"},{"floor":8,"key":"REST"},{"data":"True Grit","floor":15,"key":"SMITH"},{"floor":23,"key":"REST"},{"floor":27,"key":"REST"}],"neow_cost":"CURSE","seed_source_timestamp":1237776119851900,"circlet_count":0,"master_deck":["AscendersBane","Strike_R","Strike_R","Defend_R","Defend_R","Defend_R","Bash","Sentinel","Warcry","Rampage","Headbutt","Whirlwind+1","Rage","True Grit+1","Burning Pact","Shockwave","Exhume","True Grit","Flex","Disarm"],"relics":["Burning Blood","Nunchaku","Ginger","Pantograph","Philosopher\u0027s Stone","Pen Nib","Strawberry","PreservedInsect","Omamori"],"potions_floor_usage":[7,11,16,16,16,16,24],"damage_taken":[{"damage":18,"enemies":"Small Slimes","floor":1,"turns":5},{"damage":1,"enemies":"Cultist","floor":3,"turns":3},{"damage":0,"enemies":"2 Louse","floor":5,"turns":1},{"damage":51,"enemies":"Gremlin Nob","floor":7,"turns":5},{"damage":9,"enemies":"Large Slime","floor":10,"turns":4},{"damage":24,"enemies":"Lagavulin","floor":11,"turns":10},{"damage":0,"enemies":"2 Fungi Beasts","floor":14,"turns":3},{"damage":35,"enemies":"Slime Boss","floor":16,"turns":9},{"damage":21,"enemies":"2 Thieves","floor":18,"turns":3},{"damage":30,"enemies":"Shell Parasite","floor":19,"turns":6},{"damage":47,"enemies":"Book of Stabbing","floor":24,"turns":5},{"damage":45,"enemies":"Sentry and Sphere","floor":28,"turns":4}],"seed_played":"5513701861432530079","potions_obtained":[{"floor":3,"key":"Block Potion"},{"floor":5,"key":"Dexterity Potion"},{"floor":11,"key":"EssenceOfSteel"},{"floor":14,"key":"EntropicBrew"},{"floor":16,"key":"LiquidBronze"},{"floor":24,"key":"LiquidBronze"}],"is_trial":false,"path_per_floor":["M","$","M","?","M","R","E","R","T","M","E","$","?","M","R","B",null,"M","M","?","?","T","R","E","$","T","R","M"],"character_chosen":"IRONCLAD","items_purchased":["Shockwave","PreservedInsect"],"campfire_rested":3,"item_purchase_floors":[12,25],"current_hp_per_floor":[56,56,61,61,67,67,22,44,44,41,23,23,23,29,29,40,66,51,27,27,27,27,49,15,15,15,39,0],"gold":52,"neow_bonus":"TRANSFORM_TWO_CARDS","is_prod":false,"is_daily":false,"chose_seed":false,"campfire_upgraded":2,"win_rate":0,"timestamp":1554298374,"path_taken":["M","$","M","?","?","R","E","R","T","M","E","$","?","M","R","BOSS","M","M","?","?","?","R","E","$","T","R","M"],"build_version":"2019-01-23","purchased_purges":1,"victory":false,"max_hp_per_floor":[75,75,75,75,75,75,75,75,75,75,75,75,75,75,75,75,75,75,75,75,75,75,75,82,82,82,82,82],"card_choices":[{"not_picked":["Body Slam","True Grit"],"picked":"Rampage","floor":1},{"not_picked":["Rampage","Anger"],"picked":"Headbutt","floor":3},{"not_picked":["Wild Strike","Clash","Headbutt"],"picked":"SKIP","floor":5},{"not_picked":["Rampage","Perfected Strike"],"picked":"Rage","floor":7},{"not_picked":["Combust","Armaments"],"picked":"True Grit","floor":10},{"not_picked":["Armaments","Searing Blow"],"picked":"Burning Pact","floor":11},{"not_picked":["Bloodletting","Berserk","Iron Wave"],"picked":"SKIP","floor":14},{"not_picked":["Limit Break","Bludgeon"],"picked":"Exhume","floor":16},{"not_picked":["Cleave","Perfected Strike"],"picked":"True Grit","floor":18},{"not_picked":["Clash","Iron Wave"],"picked":"Flex","floor":19},{"not_picked":["Wild Strike","Whirlwind"],"picked":"Disarm","floor":24}],"player_experience":2476028,"relics_obtained":[{"floor":7,"key":"Nunchaku"},{"floor":9,"key":"Ginger"},{"floor":11,"key":"Pantograph"},{"floor":22,"key":"Pen Nib"},{"floor":24,"key":"Strawberry"},{"floor":26,"key":"Omamori"}],"event_choices":[{"damage_healed":0,"gold_gain":0,"cards_transformed":["Strike_R"],"player_choice":"Transformed","damage_taken":0,"max_hp_gain":0,"max_hp_loss":0,"event_name":"Transmorgrifier","floor":4,"gold_loss":0,"cards_obtained":["Whirlwind"]},{"damage_healed":0,"gold_gain":0,"player_choice":"Ignored","damage_taken":0,"max_hp_gain":0,"max_hp_loss":0,"event_name":"Golden Wing","floor":13,"gold_loss":0},{"damage_healed":0,"gold_gain":0,"player_choice":"Ignored","damage_taken":0,"max_hp_gain":0,"max_hp_loss":0,"event_name":"Ghosts","floor":20,"gold_loss":0},{"cards_removed":["Defend_R"],"damage_healed":0,"gold_gain":0,"player_choice":"Gave Gold","damage_taken":0,"max_hp_gain":0,"max_hp_loss":0,"event_name":"Beggar","floor":21,"gold_loss":75}],"is_beta":false,"boss_relics":[{"not_picked":["Eternal Feather","Runic Cube"],"picked":"Philosopher\u0027s Stone"}],"items_purged_floors":[2],"is_endless":false,"potions_floor_spawned":[3,5,11,14,16,24],"killed_by":"Sentry and Sphere","ascension_level":20}