{"gold_per_floor":[116,116,130,106,123,123,156,171,171,183,195,224,236,268,280,394,406,435,464,476,488,520,532,561,573,636,648,690,702,714,740,752,764],"floor_reached":33,"playtime":9986,"items_purged":[],"score":305,"play_id":"608780fd-e9a4-4f26-80a9-95080b72cfc0","local_time":"20181011231455","is_ascension_mode":true,"campfire_choices":[{"data":"White Noise","floor":6,"key":"SMITH"},{"floor":11,"key":"REST"},{"data":"Zap","floor":13,"key":"SMITH"},{"data":"Double Energy","floor":15,"key":"SMITH"},{"floor":23,"key":"REST"},{"floor":27,"key":"REST"},{"data":"Electrodynamics","floor":30,"key":"SMITH"},{"data":"Multi-Cast","floor":32,"key":"SMITH"}],"neow_cost":"NONE","seed_source_timestamp":82228343318886,"circlet_count":0,"master_deck":["Defend_B","Defend_B","Defend_B","Defend_B","Zap+1","Dualcast","Reboot","Beam Cell","White Noise+1","Cold Snap","Self Repair","Double Energy+1","Storm","Streamline","Steam","Glacier","Multi-Cast+1","Conserve Battery","BootSequence+1","Electrodynamics+1","Ball Lightning","Hologram+1","Writhe","Normality","Static Discharge+1","Bite","Bite","Bite","Bite","Bite","Sunder"],"relics":["Cracked Core","PreservedInsect","MawBank","Cursed Key","Mercury Hourglass","Bronze Scales","Incense Burner"],"potions_floor_usage":[7,18,33],"damage_taken":[{"damage":3,"enemies":"Jaw Worm","floor":1,"turns":3},{"damage":0,"enemies":"2 Louse","floor":3,"turns":2},{"damage":0,"enemies":"Cultist","floor":5,"turns":3},{"damage":22,"enemies":"Gremlin Nob","floor":7,"turns":6},{"damage":7,"enemies":"2 Fungi Beasts","floor":8,"turns":4},{"damage":6,"enemies":"Looter","floor":12,"turns":3},{"damage":10,"enemies":"Exordium Thugs","floor":14,"turns":5},{"damage":35,"enemies":"Slime Boss","floor":16,"turns":8},{"damage":13,"enemies":"3 Byrds","floor":18,"turns":5},{"damage":8,"enemies":"Shell Parasite","floor":19,"turns":3},{"damage":10,"enemies":"Sentry and Sphere","floor":22,"turns":3},{"damage":24,"enemies":"Snecko","floor":24,"turns":7},{"damage":24,"enemies":"Book of Stabbing","floor":28,"turns":5},{"damage":0,"enemies":"Cultist and Chosen","floor":31,"turns":4},{"damage":61,"enemies":"Collector","floor":33,"turns":7}],"seed_played":"7690460283972376879","potions_obtained":[{"floor":3,"key":"Block Potion"},{"floor":7,"key":"EssenceOfSteel"},{"floor":8,"key":"Poison Potion"},{"floor":16,"key":"Fire Potion"},{"floor":18,"key":"SpeedPotion"},{"floor":22,"key":"SteroidPotion"},{"floor":31,"key":"Explosive Potion"}],"is_trial":false,"path_per_floor":["M","?","M","$","M","R","E","M","T","?","R","M","R","M","R","B",null,"M","M","$","?","M","R","M","?","T","R","E","?","R","M","R"],"character_chosen":"DEFECT","items_purchased":["Cold Snap"],"campfire_rested":3,"item_purchase_floors":[4],"current_hp_per_floor":[72,72,72,72,72,72,57,57,57,57,75,69,69,66,66,38,75,69,61,61,61,58,75,58,58,58,75,51,51,51,52,52,0],"gold":764,"neow_bonus":"ONE_RANDOM_RARE_CARD","is_prod":false,"is_daily":false,"chose_seed":false,"campfire_upgraded":5,"win_rate":0,"timestamp":1539296095,"path_taken":["M","?","?","$","M","R","E","M","T","?","R","M","R","M","R","BOSS","M","?","?","?","M","R","M","?","T","R","E","?","R","M","R","BOSS"],"build_version":"2018-10-04v2","purchased_purges":0,"victory":false,"max_hp_per_floor":[75,75,75,75,75,75,75,75,75,75,75,75,75,75,75,75,75,75,75,75,75,75,75,75,75,75,75,75,52,52,52,52,52],"card_choices":[{"not_picked":["Barrage","Stack"],"picked":"Beam Cell","floor":1},{"not_picked":["Capacitor","Turbo"],"picked":"White Noise","floor":3},{"not_picked":["Chaos","Skim"],"picked":"Self Repair","floor":5},{"not_picked":["Hologram","Sweeping Beam"],"picked":"Double Energy","floor":7},{"not_picked":["Steam","Auto Shields"],"picked":"Storm","floor":8},{"not_picked":["Meteor Strike","Sweeping Beam"],"picked":"Steam","floor":12},{"not_picked":["Skim","Reprogram"],"picked":"Glacier","floor":14},{"not_picked":["Fission","Seek"],"picked":"Multi-Cast","floor":16},{"not_picked":["Cold Snap","Sweeping Beam+1"],"picked":"Conserve Battery","floor":18},{"not_picked":["Gash+1","Scrape"],"picked":"BootSequence+1","floor":19},{"not_picked":["Hologram+1","Leap"],"picked":"Ball Lightning","floor":22},{"not_picked":["Turbo","Hello World"],"picked":"Hologram+1","floor":24},{"not_picked":["Conserve Battery","Consume"],"picked":"Static Discharge+1","floor":28},{"not_picked":["Streamline","Hello World+1"],"picked":"Sunder","floor":31}],"player_experience":44914,"relics_obtained":[{"floor":7,"key":"PreservedInsect"},{"floor":9,"key":"MawBank"},{"floor":26,"key":"Bronze Scales"},{"floor":28,"key":"Incense Burner"}],"event_choices":[{"event_name":"The Cleric","player_choice":"Leave","floor":2,"damage_taken":0},{"event_name":"Living Wall","player_choice":"Change","floor":10,"damage_taken":0},{"event_name":"The Library","player_choice":"Read","floor":21,"damage_taken":0},{"event_name":"The Mausoleum","player_choice":"Yes","floor":25,"damage_taken":0},{"event_name":"Vampires","player_choice":"Became a vampire","floor":29,"damage_taken":0}],"is_beta":false,"boss_relics":[{"not_picked":["Eternal Feather","Runic Dome"],"picked":"Cursed Key"}],"items_purged_floors":[],"is_endless":false,"potions_floor_spawned":[3,7,8,16,18,22,31],"killed_by":"Collector","ascension_level":1}