{"gold_per_floor":[115,115,125,125,140,140,150,150,177,189,220,240,240,256,256,331,331,347,347],"floor_reached":19,"playtime":978,"items_purged":[],"score":282,"play_id":"47dc83d6-1b8d-45ef-84fe-28feb29f01df","local_time":"25611112170813","is_ascension_mode":true,"campfire_choices":[{"floor":6.0,"key":"REST"},{"floor":8.0,"key":"REST"},{"data":"Armaments","floor":13.0,"key":"SMITH"},{"floor":15.0,"key":"REST"}],"neow_cost":"CURSE","seed_source_timestamp":10244663140066,"circlet_count":0,"master_deck":["AscendersBane","Strike_R","Strike_R","Strike_R","Strike_R","Strike_R","Defend_R+1","Defend_R","Defend_R","Defend_R","Bash","Clumsy","Double Tap","Intimidate","True Grit+1","Feel No Pain","Armaments+1","Bloodletting","Body Slam","Rage","Battle Trance","Rage"],"special_seed":0,"relics":["Burning Blood","Anchor","Art of War","Gremlin Horn","Orrery"],"potions_floor_usage":[16,16],"damage_taken":[{"damage":10.0,"enemies":"Small Slimes","floor":1.0,"turns":3.0},{"damage":4.0,"enemies":"2 Louse","floor":3.0,"turns":3.0},{"damage":6.0,"enemies":"Jaw Worm","floor":5.0,"turns":6.0},{"damage":11.0,"enemies":"Large Slime","floor":7.0,"turns":11.0},{"damage":11.0,"enemies":"Red Slaver","floor":10.0,"turns":6.0},{"damage":41.0,"enemies":"Lagavulin","floor":11.0,"turns":10.0},{"damage":0.0,"enemies":"3 Louse","floor":12.0,"turns":5.0},{"damage":0.0,"enemies":"2 Fungi Beasts","floor":14.0,"turns":5.0},{"damage":57,"enemies":"The Guardian","floor":16,"turns":16},{"damage":59,"enemies":"Spheric Guardian","floor":18,"turns":9},{"damage":25,"enemies":"Chosen","floor":19,"turns":8}],"seed_played":"3528413212777719686","potions_obtained":[{"floor":7.0,"key":"Explosive Potion"},{"floor":11.0,"key":"PowerPotion"}],"is_trial":false,"path_per_floor":["M","?","M","?","M","R","M","R","T","M","E","M","R","M","R","B",null,"M","M"],"character_chosen":"IRONCLAD","items_purchased":[],"campfire_rested":3,"item_purchase_floors":[],"current_hp_per_floor":[68,43,45,29,29,53,48,72,72,67,32,38,38,44,68,17,64,11,0],"gold":347,"neow_bonus":"THREE_RARE_CARDS","is_prod":false,"is_daily":false,"chose_seed":false,"campfire_upgraded":1,"win_rate":0,"timestamp":1542017293,"path_taken":["M","?","M","?","M","R","M","R","T","M","E","M","R","M","R","BOSS","M","M"],"build_version":"2018-11-08","purchased_purges":0,"victory":false,"max_hp_per_floor":[80,80,80,80,80,80,80,80,80,80,80,80,80,80,80,80,80,80,80],"card_choices":[{"not_picked":["Reaper","Limit Break"],"picked":"Double Tap","floor":0.0},{"not_picked":["Warcry","Iron Wave"],"picked":"Intimidate","floor":1.0},{"not_picked":["Perfected Strike","Anger"],"picked":"True Grit","floor":3.0},{"not_picked":["Armaments","Body Slam"],"picked":"Feel No Pain","floor":5.0},{"not_picked":["Limit Break","Bloodletting","Iron Wave"],"picked":"SKIP","floor":7.0},{"not_picked":["Evolve","True Grit","Body Slam"],"picked":"SKIP","floor":10.0},{"not_picked":["Heavy Blade","Sentinel"],"picked":"Armaments","floor":11.0},{"not_picked":["Armaments","Perfected Strike","Blood for Blood"],"picked":"SKIP","floor":12.0},{"not_picked":["Iron Wave","Cleave","Body Slam"],"picked":"SKIP","floor":14.0},{"not_picked":["Sword Boomerang","Cleave"],"picked":"Bloodletting","floor":17},{"not_picked":["Clash","Combust"],"picked":"Body Slam","floor":17},{"not_picked":["Heavy Blade","Perfected Strike"],"picked":"Rage","floor":17},{"not_picked":["Clothesline","Clash"],"picked":"Battle Trance","floor":17},{"not_picked":["Bloodletting","Pommel Strike"],"picked":"Rage","floor":18}],"player_experience":120176,"relics_obtained":[{"floor":9.0,"key":"Art of War"},{"floor":11.0,"key":"Gremlin Horn"}],"event_choices":[{"damage_healed":0.0,"max_hp_gain":0.0,"max_hp_loss":0.0,"gold_gain":0.0,"event_name":"Scrap Ooze","player_choice":"Success","floor":2.0,"gold_loss":0.0,"damage_taken":25.0,"relics_obtained":["Anchor"]},{"damage_healed":0.0,"max_hp_gain":0.0,"max_hp_loss":0.0,"gold_gain":0.0,"event_name":"Shining Light","player_choice":"Entered Light","floor":4.0,"gold_loss":0.0,"damage_taken":16.0,"cards_upgraded":["Defend_R","True Grit"]}],"is_beta":false,"boss_relics":[{"not_picked":["Lizard Tail","Calling Bell"],"picked":"Orrery"}],"items_purged_floors":[],"is_endless":false,"potions_floor_spawned":[7,11,12,14],"killed_by":"Chosen","ascension_level":13}