{"gold_per_floor":[113,113,38,56,56,56,87,106,130,130,130,130,30,56,56,157,157,169,18,42,58,8,42,62,62,89,114,125,125,150,150,150,245,245,265,192,209,225,225,257,272,302,302,302,349,349,378,388,388,388,388,388,67,97,97],"floor_reached":56,"playtime":3129,"items_purged":["Strike_G","Strike_G","Strike_G+1","Defend_G"],"score":1844,"play_id":"8818ece4-a12c-41be-9499-5b3813809e89","local_time":"20190418204745","is_ascension_mode":true,"campfire_choices":[{"data":"Noxious Fumes","floor":6.0,"key":"SMITH"},{"data":"Well Laid Plans","floor":10.0,"key":"SMITH"},{"data":"Dash","floor":12.0,"key":"SMITH"},{"data":"Calculated Gamble","floor":15.0,"key":"SMITH"},{"data":"Night Terror","floor":25.0,"key":"SMITH"},{"data":"Blade Dance","floor":29.0,"key":"SMITH"},{"data":"Malaise","floor":32.0,"key":"SMITH"},{"data":"1","floor":44.0,"key":"LIFT"},{"data":"2","floor":46.0,"key":"LIFT"},{"floor":49.0,"key":"RECALL"},{"data":"3","floor":52,"key":"LIFT"}],"neow_cost":"NONE","seed_source_timestamp":0,"circlet_count":0,"master_deck":["Defend_G","Defend_G","Survivor","Neutralize+1","Noxious Fumes+1","Well Laid Plans+1","Calculated Gamble+1","Malaise+1","After Image","Cloak And Dagger+1","Blade Dance+1","Terror+1","Night Terror+1","PiercingWail","Backflip+1","Prepared+1","Carnage+1","Adrenaline","Infinite Blades","Catalyst+1","Concentrate","Storm of Steel","Reflex+1","Footwork+1"],"special_seed":0,"relics":["Ring of the Snake","Bronze Scales","Blood Vial","Dead Branch","Sozu","Oddly Smooth Stone","Happy Flower","Dream Catcher","Sundial","Bag of Marbles","Empty Cage","Bag of Preparation","Gremlin Horn","Smiling Mask","Girya","Lantern","Frozen Egg 2","ClockworkSouvenir","Snake Skull"],"potions_floor_usage":[55],"damage_taken":[{"damage":0.0,"enemies":"Cultist","floor":1.0,"turns":4.0},{"damage":0.0,"enemies":"Jaw Worm","floor":4.0,"turns":3.0},{"damage":4.0,"enemies":"Gremlin Nob","floor":7.0,"turns":4.0},{"damage":0.0,"enemies":"2 Louse","floor":8.0,"turns":2.0},{"damage":0.0,"enemies":"Lagavulin","floor":14.0,"turns":7.0},{"damage":0.0,"enemies":"The Guardian","floor":16.0,"turns":8.0},{"damage":0.0,"enemies":"Spheric Guardian","floor":18.0,"turns":5.0},{"damage":0.0,"enemies":"3 Byrds","floor":21.0,"turns":3.0},{"damage":0.0,"enemies":"Gremlin Leader","floor":23.0,"turns":7.0},{"damage":1.0,"enemies":"Sentry and Sphere","floor":24.0,"turns":5.0},{"damage":16.0,"enemies":"Slavers","floor":27.0,"turns":5.0},{"damage":0.0,"enemies":"Chosen and Byrds","floor":28.0,"turns":3.0},{"damage":0.0,"enemies":"Book of Stabbing","floor":30.0,"turns":4.0},{"damage":0.0,"enemies":"Collector","floor":33.0,"turns":5.0},{"damage":0.0,"enemies":"3 Shapes","floor":35.0,"turns":3.0},{"damage":0.0,"enemies":"3 Darklings","floor":37.0,"turns":2.0},{"damage":0.0,"enemies":"Spire Growth","floor":38.0,"turns":3.0},{"damage":0.0,"enemies":"Reptomancer","floor":40.0,"turns":4.0},{"damage":0.0,"enemies":"Jaw Worm Horde","floor":41.0,"turns":2.0},{"damage":0.0,"enemies":"Nemesis","floor":42.0,"turns":6.0},{"damage":0.0,"enemies":"Giant Head","floor":47.0,"turns":4.0},{"damage":0.0,"enemies":"3 Darklings","floor":48.0,"turns":1.0},{"damage":0,"enemies":"Time Eater","floor":50,"turns":4},{"damage":0,"enemies":"Shield and Spear","floor":54,"turns":4},{"damage":0,"enemies":"The Heart","floor":55,"turns":7}],"seed_played":"4538197989073265864","potions_obtained":[{"floor":1.0,"key":"Poison Potion"},{"floor":4.0,"key":"SpeedPotion"},{"floor":14.0,"key":"Energy Potion"}],"is_trial":false,"path_per_floor":["M","?","$","M","?","R","E","M","T","R","?","R","$","E","R","B",null,"M","$","T","M","?","E","M","R","T","E","M","R","E","?","R","B",null,"M","$","M","M","?","E","M","E","T","R","T","R","E","M","R","B",null,"R","$","E","B",null],"character_chosen":"THE_SILENT","items_purchased":["Blade Dance","Infinite Blades","ClockworkSouvenir","Footwork+1"],"campfire_rested":0,"item_purchase_floors":[19,36,53,53],"current_hp_per_floor":[70,56,56,56,56,56,52,54,54,54,54,54,54,56,56,58,70,70,70,70,70,70,70,69,69,69,54,56,56,58,58,58,60,70,70,70,70,70,70,70,70,70,70,70,70,70,70,70,70,70,70,70,70,70,70],"gold":97,"neow_bonus":"RANDOM_COMMON_RELIC","is_prod":false,"is_daily":false,"chose_seed":true,"campfire_upgraded":7,"win_rate":0,"timestamp":1555591665,"path_taken":["M","?","$","M","?","R","E","M","T","R","?","R","$","E","R","BOSS","M","$","?","M","?","E","?","R","T","E","M","R","E","?","R","BOSS","M","$","M","?","?","E","?","E","T","R","?","R","E","M","R","BOSS","R","$","E","BOSS"],"build_version":"2019-01-23","purchased_purges":4,"victory":true,"max_hp_per_floor":[70,70,70,70,70,70,70,70,70,70,70,70,70,70,70,70,70,70,70,70,70,70,70,70,70,70,70,70,70,70,70,70,70,70,70,70,70,70,70,70,70,70,70,70,70,70,70,70,70,70,70,70,70,70,70],"card_choices":[{"not_picked":["Setup","Quick Slash"],"picked":"Dash","floor":1.0},{"not_picked":["Deadly Poison","Acrobatics"],"picked":"Noxious Fumes","floor":4.0},{"not_picked":["Backflip","Flying Knee"],"picked":"Calculated Gamble","floor":7.0},{"not_picked":["Deadly Poison","Distraction","Cloak And Dagger"],"picked":"SKIP","floor":8.0},{"not_picked":["Flying Knee","Finisher","Quick Slash"],"picked":"SKIP","floor":14.0},{"not_picked":["Flying Knee","Finisher","Quick Slash"],"picked":"SKIP","floor":14.0},{"not_picked":["Flying Knee","Finisher","Quick Slash"],"picked":"SKIP","floor":14.0},{"not_picked":["Night Terror","Grand Finale"],"picked":"After Image","floor":16.0},{"not_picked":["Concentrate","Heel Hook"],"picked":"Cloak And Dagger+1","floor":18.0},{"not_picked":["Distraction","Deadly Poison","Bouncing Flask"],"picked":"SKIP","floor":21.0},{"not_picked":["Choke","Caltrops"],"picked":"Terror+1","floor":23.0},{"not_picked":["Bane","Slice"],"picked":"Night Terror","floor":24.0},{"not_picked":["Eviscerate+1","Escape Plan"],"picked":"PiercingWail","floor":27.0},{"not_picked":["Skewer","Sucker Punch"],"picked":"Backflip+1","floor":28.0},{"not_picked":["Corpse Explosion","Backflip"],"picked":"Prepared+1","floor":30.0},{"not_picked":["Tools of the Trade","Wraith Form v2"],"picked":"Adrenaline","floor":33.0},{"not_picked":["Backflip","Cloak And Dagger","Escape Plan"],"picked":"SKIP","floor":35.0},{"not_picked":["Dagger Spray","Quick Slash"],"picked":"Catalyst+1","floor":37.0},{"not_picked":["Footwork","Heel Hook","Caltrops+1"],"picked":"SKIP","floor":38.0},{"not_picked":["Choke","Bane","Skewer+1"],"picked":"SKIP","floor":40.0},{"not_picked":["Dagger Throw","Masterful Stab"],"picked":"Concentrate","floor":41.0},{"not_picked":["Deflect","Masterful Stab+1"],"picked":"Storm of Steel","floor":42.0},{"not_picked":["Deflect","Eviscerate","Bane"],"picked":"SKIP","floor":47.0},{"not_picked":["Skewer+1","Infinite Blades+1"],"picked":"Reflex+1","floor":48.0},{"not_picked":["Distraction","Masterful Stab","Dash+1"],"picked":"SKIP","floor":54}],"player_experience":3014161,"relics_obtained":[{"floor":7.0,"key":"Blood Vial"},{"floor":14.0,"key":"Dead Branch"},{"floor":20.0,"key":"Oddly Smooth Stone"},{"floor":23.0,"key":"Happy Flower"},{"floor":26.0,"key":"Dream Catcher"},{"floor":27.0,"key":"Sundial"},{"floor":30.0,"key":"Bag of Marbles"},{"floor":39.0,"key":"Bag of Preparation"},{"floor":40.0,"key":"Gremlin Horn"},{"floor":42.0,"key":"Smiling Mask"},{"floor":43.0,"key":"Girya"},{"floor":45.0,"key":"Lantern"},{"floor":47.0,"key":"Frozen Egg 2"},{"floor":54,"key":"Snake Skull"}],"event_choices":[{"damage_healed":0.0,"max_hp_gain":0.0,"max_hp_loss":0.0,"gold_gain":0.0,"event_name":"Shining Light","player_choice":"Entered Light","floor":2.0,"gold_loss":0.0,"damage_taken":14.0,"cards_upgraded":["Neutralize","Strike_G"]},{"damage_healed":0.0,"max_hp_gain":0.0,"max_hp_loss":0.0,"gold_gain":0.0,"cards_transformed":["Strike_G"],"event_name":"Living Wall","player_choice":"Change","floor":5.0,"gold_loss":0.0,"damage_taken":0.0,"cards_obtained":["Well Laid Plans"]},{"damage_healed":0.0,"max_hp_gain":0.0,"max_hp_loss":0.0,"gold_gain":0.0,"cards_transformed":["Strike_G"],"event_name":"Transmorgrifier","player_choice":"Transformed","floor":11.0,"gold_loss":0.0,"damage_taken":0.0,"cards_obtained":["Malaise"]},{"damage_healed":0.0,"max_hp_gain":0.0,"max_hp_loss":0.0,"gold_gain":0.0,"event_name":"The Joust","player_choice":"Bet on Murderer","floor":22.0,"gold_loss":50.0,"damage_taken":0.0},{"cards_removed":["Dash"],"damage_healed":0.0,"max_hp_gain":0.0,"max_hp_loss":0.0,"gold_gain":0.0,"event_name":"NoteForYourself","player_choice":"Took Card","floor":31.0,"gold_loss":0.0,"damage_taken":0.0,"cards_obtained":["Carnage"]},{"damage_healed":0.0,"max_hp_gain":0.0,"max_hp_loss":0.0,"gold_gain":0.0,"event_name":"Wheel of Change","player_choice":"Relic","floor":39.0,"gold_loss":0.0,"damage_taken":0.0}],"is_beta":false,"boss_relics":[{"not_picked":["HoveringKite","WristBlade"],"picked":"Sozu"},{"not_picked":["Eternal Feather","Lizard Tail"],"picked":"Empty Cage"}],"items_purged_floors":[3,13,19,53],"is_endless":false,"potions_floor_spawned":[1,4,14,23,27,30,33,35,38,40,47,54],"ascension_level":1}