{"gold_per_floor":[113,46,66,66,77,77,87,87,87,106,123,152,167,198,198,276,276,295,314,314,314,325,325,352,352,352,352,369,384,10,29,29,101,101,117,128,141,154,3,3,13,13,13,0,28,42,42,52,52,52],"floor_reached":51,"playtime":2883,"items_purged":["Strike_G","Strike_G"],"score":1189,"play_id":"51bb31d9-d9c0-4015-b3f0-f9e63333aea5","local_time":"20181205161045","is_ascension_mode":true,"campfire_choices":[{"data":"Noxious Fumes","floor":6.0,"key":"SMITH"},{"data":"Bouncing Flask","floor":8.0,"key":"SMITH"},{"data":"Footwork","floor":15.0,"key":"SMITH"},{"data":"Well Laid Plans","floor":23.0,"key":"SMITH"},{"floor":25.0,"key":"REST"},{"floor":27.0,"key":"REST"},{"floor":32.0,"key":"REST"},{"data":"Neutralize","floor":40.0,"key":"SMITH"},{"data":"Dodge and Roll","floor":42.0,"key":"SMITH"},{"floor":47,"key":"REST"},{"floor":49,"key":"REST"}],"neow_cost":"NONE","seed_source_timestamp":0,"circlet_count":0,"master_deck":["AscendersBane","Defend_G","Defend_G","Defend_G","Defend_G","Defend_G","Strike_G","Strike_G","Survivor","Neutralize+1","Dash","Noxious Fumes+1","Dagger Throw","Bouncing Flask+1","Footwork+1","Deflect","Well Laid Plans+1","Backflip","Glass Knife","PiercingWail","Dodge and Roll+1","Escape Plan+1","Cloak And Dagger+1","PiercingWail+1","After Image","Cloak And Dagger+1","Leg Sweep+1","Crippling Poison+1","Cloak And Dagger+1","Parasite","Leg Sweep+1"],"special_seed":0,"relics":["Ring of the Serpent","Bottled Tornado","Shuriken","Letter Opener","Sozu","Toxic Egg 2","Singing Bowl","Orichalcum","Kunai","Matryoshka","Red Mask","Pen Nib"],"potions_floor_usage":[],"damage_taken":[{"damage":4.0,"enemies":"Small Slimes","floor":1.0,"turns":5.0},{"damage":0.0,"enemies":"2 Louse","floor":3.0,"turns":3.0},{"damage":1.0,"enemies":"Jaw Worm","floor":5.0,"turns":3.0},{"damage":1.0,"enemies":"Exordium Thugs","floor":7.0,"turns":4.0},{"damage":5.0,"enemies":"Gremlin Gang","floor":10.0,"turns":4.0},{"damage":2.0,"enemies":"3 Louse","floor":11.0,"turns":6.0},{"damage":12.0,"enemies":"Gremlin Nob","floor":12.0,"turns":4.0},{"damage":0.0,"enemies":"Exordium Thugs","floor":13.0,"turns":4.0},{"damage":3.0,"enemies":"3 Sentries","floor":14.0,"turns":6.0},{"damage":11.0,"enemies":"The Guardian","floor":16.0,"turns":8.0},{"damage":0.0,"enemies":"Spheric Guardian","floor":18.0,"turns":4.0},{"damage":3.0,"enemies":"2 Thieves","floor":19.0,"turns":4.0},{"damage":7.0,"enemies":"3 Cultists","floor":22.0,"turns":5.0},{"damage":23.0,"enemies":"Gremlin Leader","floor":24.0,"turns":8.0},{"damage":0.0,"enemies":"Snecko","floor":28.0,"turns":6.0},{"damage":3.0,"enemies":"Centurion and Healer","floor":29.0,"turns":6.0},{"damage":22.0,"enemies":"Cultist and Chosen","floor":31.0,"turns":7.0},{"damage":8.0,"enemies":"Automaton","floor":33.0,"turns":11.0},{"damage":5.0,"enemies":"Orb Walker","floor":35.0,"turns":5.0},{"damage":0.0,"enemies":"3 Shapes","floor":36.0,"turns":6.0},{"damage":6.0,"enemies":"Maw","floor":37.0,"turns":10.0},{"damage":0.0,"enemies":"3 Darklings","floor":38.0,"turns":5.0},{"damage":15.0,"enemies":"Jaw Worm Horde","floor":41.0,"turns":4.0},{"damage":29.0,"enemies":"Reptomancer","floor":45.0,"turns":7.0},{"damage":0,"enemies":"Writhing Mass","floor":46,"turns":8},{"damage":9,"enemies":"4 Shapes","floor":48,"turns":6},{"damage":19,"enemies":"Donu and Deca","floor":50,"turns":12}],"seed_played":"-5924019463833942145","potions_obtained":[{"floor":5.0,"key":"Poison Potion"},{"floor":7.0,"key":"SkillPotion"},{"floor":12.0,"key":"Strength Potion"},{"floor":16.0,"key":"SneckoOil"}],"is_trial":false,"path_per_floor":["M","$","M","?","M","R","M","R","T","M","M","E","M","E","R","B",null,"M","M","?","?","M","R","E","R","T","R","M","M","$","M","R","B",null,"M","M","M","M","$","R","M","R","T","?","E","M","R","M","R","B",null],"character_chosen":"THE_SILENT","items_purchased":["Noxious Fumes","Kunai","PiercingWail+1","Cloak And Dagger+1"],"campfire_rested":5,"item_purchase_floors":[2,30,30,39],"current_hp_per_floor":[55,55,55,55,54,54,53,53,53,48,46,34,34,31,31,20,55,55,52,34,34,27,27,6,27,27,48,48,45,45,25,47,39,66,61,61,55,57,57,57,44,44,44,44,17,19,43,34,58,39],"gold":52,"neow_bonus":"REMOVE_CARD","is_prod":false,"is_daily":false,"chose_seed":false,"campfire_upgraded":6,"win_rate":0,"timestamp":1544055045,"path_taken":["M","$","M","?","M","R","M","R","T","M","M","E","M","E","R","BOSS","M","M","?","?","M","R","E","R","T","R","M","M","$","?","R","BOSS","M","?","M","M","$","R","?","R","T","?","E","M","R","M","R","BOSS"],"build_version":"2018-11-15","purchased_purges":2,"victory":true,"max_hp_per_floor":[66,66,66,66,66,66,66,66,66,66,66,66,66,66,66,66,66,66,66,71,71,71,71,73,73,73,73,73,73,73,75,75,75,75,75,75,75,77,77,77,79,79,79,79,81,83,83,83,83,83],"card_choices":[{"not_picked":["Blade Dance","Dagger Spray"],"picked":"Dash","floor":1.0},{"not_picked":["Cloak And Dagger","Dodge and Roll"],"picked":"Dagger Throw","floor":3.0},{"not_picked":["Bane","Outmaneuver"],"picked":"Bouncing Flask","floor":5.0},{"not_picked":["Underhanded Strike","Bouncing Flask","Acrobatics"],"picked":"SKIP","floor":7.0},{"not_picked":["Poisoned Stab","Deflect"],"picked":"Footwork","floor":10.0},{"not_picked":["Riddle With Holes","Acrobatics"],"picked":"Deflect","floor":11.0},{"not_picked":["Tactician","Blade Dance","Unload"],"picked":"SKIP","floor":12.0},{"not_picked":["Acrobatics","Cloak And Dagger"],"picked":"Well Laid Plans","floor":13.0},{"not_picked":["Crippling Poison","Riddle With Holes"],"picked":"Backflip","floor":14.0},{"not_picked":["Phantasmal Killer","A Thousand Cuts"],"picked":"Glass Knife","floor":16.0},{"not_picked":["Bouncing Flask+1","Infinite Blades+1"],"picked":"PiercingWail","floor":18.0},{"not_picked":["Calculated Gamble","Quick Slash"],"picked":"Dodge and Roll","floor":19.0},{"not_picked":["Riddle With Holes","Sucker Punch","Caltrops+1"],"picked":"SKIP","floor":22.0},{"not_picked":["Bane","Finisher","Distraction+1"],"picked":"Singing Bowl","floor":24.0},{"not_picked":["Acrobatics+1","All Out Attack"],"picked":"Escape Plan+1","floor":28.0},{"not_picked":["Backflip+1","Slice+1"],"picked":"Cloak And Dagger+1","floor":29.0},{"not_picked":["Deadly Poison+1","Unload","Noxious Fumes"],"picked":"Singing Bowl","floor":31.0},{"not_picked":["Glass Knife","Grand Finale"],"picked":"After Image","floor":33.0},{"not_picked":["Prepared+1","Slice"],"picked":"Cloak And Dagger+1","floor":35.0},{"not_picked":["Heel Hook+1","Escape Plan+1"],"picked":"Leg Sweep+1","floor":36.0},{"not_picked":["Sucker Punch+1","Skewer"],"picked":"Crippling Poison+1","floor":37.0},{"not_picked":["Poisoned Stab+1","Accuracy","Dagger Throw"],"picked":"Singing Bowl","floor":38.0},{"not_picked":["Skewer","Poisoned Stab","Heel Hook+1"],"picked":"Singing Bowl","floor":41.0},{"not_picked":["Sucker Punch","Tactician+1","Deadly Poison+1"],"picked":"Singing Bowl","floor":45.0},{"not_picked":["Underhanded Strike","Slice","Outmaneuver+1"],"picked":"Singing Bowl","floor":46},{"not_picked":["Dagger Throw+1","Well Laid Plans+1"],"picked":"Leg Sweep+1","floor":48}],"player_experience":1729889,"relics_obtained":[{"floor":9.0,"key":"Bottled Tornado"},{"floor":12.0,"key":"Shuriken"},{"floor":14.0,"key":"Letter Opener"},{"floor":24.0,"key":"Singing Bowl"},{"floor":26.0,"key":"Orichalcum"},{"floor":43.0,"key":"Matryoshka"},{"floor":45.0,"key":"Pen Nib"}],"event_choices":[{"damage_healed":0.0,"max_hp_gain":0.0,"max_hp_loss":0.0,"gold_gain":0.0,"event_name":"Liars Game","player_choice":"Ignored","floor":4.0,"gold_loss":0.0,"damage_taken":0.0},{"damage_healed":0.0,"max_hp_gain":5.0,"max_hp_loss":0.0,"gold_gain":0.0,"event_name":"Forgotten Altar","player_choice":"Shed Blood","floor":20.0,"gold_loss":0.0,"damage_taken":23.0},{"damage_healed":0.0,"max_hp_gain":0.0,"max_hp_loss":0.0,"gold_gain":0.0,"event_name":"WeMeetAgain","player_choice":"Gave Potion","floor":21.0,"gold_loss":0.0,"damage_taken":0.0,"relics_obtained":["Toxic Egg 2"]},{"damage_healed":0.0,"max_hp_gain":0.0,"max_hp_loss":0.0,"gold_gain":0.0,"event_name":"Tomb of Lord Red Mask","player_choice":"Paid","floor":44.0,"gold_loss":13.0,"damage_taken":0.0,"relics_obtained":["Red Mask"]}],"is_beta":false,"boss_relics":[{"not_picked":["Velvet Choker","Cursed Key"],"picked":"Sozu"},{"not_picked":["White Beast Statue","Lizard Tail"],"picked":"Ring of the Serpent"}],"items_purged_floors":[30,39],"is_endless":false,"potions_floor_spawned":[5,7,11,12,16,22,29,33,35,37,46],"ascension_level":15}