{"gold_per_floor":[109,109,129,155,155,188,188,220,220,220,220,220,110,130,130,230,230,245,445,458,469,487,520,520,520,520,520,545,561,561,590,590,692,742,753,753,753,753,462,462,790,839,863,76,76,76,0,20,20,20],"floor_reached":51,"playtime":3365,"items_purged":["Defend_R","Defend_R","Defend_R+1"],"score":800,"play_id":"ce6cb0f0-4129-48f8-b023-7e29efae378b","local_time":"20181019155017","is_ascension_mode":true,"campfire_choices":[{"data":"Perfected Strike","floor":7,"key":"SMITH"},{"floor":11,"key":"REST"},{"data":"Searing Blow","floor":15,"key":"SMITH"},{"data":"Flex","floor":24,"key":"SMITH"},{"data":"Limit Break","floor":27,"key":"SMITH"},{"floor":32,"key":"REST"},{"data":"Rupture","floor":40,"key":"SMITH"},{"data":"Mind Blast","floor":45,"key":"SMITH"},{"floor":49,"key":"REST"}],"neow_cost":"NONE","seed_source_timestamp":705109830623550,"circlet_count":0,"master_deck":["Strike_R","Strike_R","Strike_R+1","Strike_R","Strike_R","Bash","Brutality+1","Perfected Strike+1","Dropkick","Rage+1","Searing Blow+1","Limit Break+1","Anger+1","Flex+1","Perfected Strike","Spot Weakness","Twin Strike","Impervious","Writhe","Rupture+1","Feed","Flex+1","Spot Weakness","Blind","Twin Strike","Impervious","Mind Blast+1"],"relics":["Burning Blood","Anchor","Mercury Hourglass","Turnip","Ancient Tea Set","Bag of Preparation","Velvet Choker","Bottled Flame","Dodecahedron","Oddly Smooth Stone","Meat on the Bone","Centennial Puzzle","Tiny House","Shovel","ClockworkSouvenir","Old Coin","Torii","Juzu Bracelet","HandDrill","Question Card","Red Mask"],"potions_floor_usage":[16,16,16,23,31,41,50,50],"damage_taken":[{"damage":6,"enemies":"Cultist","floor":1,"turns":4},{"damage":2,"enemies":"Jaw Worm","floor":3,"turns":4},{"damage":23,"enemies":"Gremlin Nob","floor":6,"turns":4},{"damage":34,"enemies":"Lagavulin","floor":8,"turns":8},{"damage":0,"enemies":"Small Slimes","floor":14,"turns":1},{"damage":47,"enemies":"The Guardian","floor":16,"turns":12},{"damage":0,"enemies":"Chosen","floor":18,"turns":3},{"damage":15,"enemies":"Spheric Guardian","floor":20,"turns":4},{"damage":14,"enemies":"Snake Plant","floor":21,"turns":5},{"damage":12,"enemies":"3 Cultists","floor":22,"turns":4},{"damage":23,"enemies":"Book of Stabbing","floor":23,"turns":4},{"damage":0,"enemies":"Centurion and Healer","floor":29,"turns":4},{"damage":27,"enemies":"Gremlin Leader","floor":31,"turns":4},{"damage":24,"enemies":"Champ","floor":33,"turns":7},{"damage":5,"enemies":"3 Shapes","floor":35,"turns":4},{"damage":16,"enemies":"Mind Bloom Boss Battle","floor":37,"turns":5},{"damage":21,"enemies":"Nemesis","floor":41,"turns":5},{"damage":28,"enemies":"2 Orb Walkers","floor":42,"turns":4},{"damage":1,"enemies":"Orb Walker","floor":48,"turns":3},{"damage":57,"enemies":"Donu and Deca","floor":50,"turns":6}],"seed_played":"7558891460369560934","potions_obtained":[{"floor":3,"key":"Block Potion"},{"floor":6,"key":"Weak Potion"},{"floor":14,"key":"Fire Potion"},{"floor":20,"key":"Dexterity Potion"},{"floor":22,"key":"PowerPotion"},{"floor":29,"key":"Strength Potion"},{"floor":33,"key":"Explosive Potion"},{"floor":34,"key":"SkillPotion"},{"floor":41,"key":"GamblersBrew"}],"is_trial":false,"path_per_floor":["M","?","M","T","?","E","R","E","T","?","R","?","$","M","R","B",null,"M","?","M","M","M","E","R","?","T","R","T","M","?","E","R","B",null,"M","?","?","?","$","R","E","?","T","$","R","$","?","M","R","B"],"character_chosen":"IRONCLAD","items_purchased":["Searing Blow","ClockworkSouvenir","HandDrill","Impervious","Mind Blast","Question Card"],"campfire_rested":3,"item_purchase_floors":[13,39,44,44,44,44],"current_hp_per_floor":[80,64,68,68,68,51,51,23,23,20,44,44,44,50,50,9,80,80,80,71,63,57,40,40,40,40,40,40,46,46,37,61,55,85,88,88,78,78,78,78,63,56,56,56,56,56,56,64,92,53],"gold":20,"neow_bonus":"ONE_RANDOM_RARE_CARD","is_prod":false,"is_daily":false,"chose_seed":false,"campfire_upgraded":6,"win_rate":0,"timestamp":1539957017,"path_taken":["M","?","M","?","?","E","R","E","T","?","R","?","$","M","R","BOSS","M","?","?","M","M","E","R","?","T","R","?","M","?","E","R","BOSS","M","?","?","?","$","R","E","?","T","$","R","?","?","M","R","BOSS"],"build_version":"2018-10-18","purchased_purges":3,"victory":true,"max_hp_per_floor":[80,80,80,80,80,80,80,80,80,80,80,80,80,80,80,80,80,80,80,80,80,80,80,80,80,80,80,80,80,80,80,80,80,85,88,88,88,88,88,88,88,91,91,91,91,91,91,94,94,94],"card_choices":[{"not_picked":["Warcry","Uppercut"],"picked":"Perfected Strike","floor":1},{"not_picked":["Body Slam","Headbutt","Warcry"],"picked":"SKIP","floor":3},{"not_picked":["Pummel","Body Slam"],"picked":"Dropkick","floor":6},{"not_picked":["Sword Boomerang","Rampage"],"picked":"Rage","floor":8},{"not_picked":["Carnage","Fiend Fire","Second Wind"],"picked":"SKIP","floor":14},{"not_picked":["Reaper","Bludgeon"],"picked":"Limit Break","floor":16},{"not_picked":["Metallicize+1","Feel No Pain"],"picked":"Anger+1","floor":18},{"not_picked":["Bloodletting","Carnage"],"picked":"Flex","floor":20},{"not_picked":["Headbutt","Pommel Strike"],"picked":"Perfected Strike","floor":21},{"not_picked":["Combust","Iron Wave","Hemokinesis+1"],"picked":"SKIP","floor":22},{"not_picked":["Iron Wave","Clothesline+1"],"picked":"Spot Weakness","floor":23},{"not_picked":["Seeing Red","Anger"],"picked":"Impervious","floor":29},{"not_picked":["Infernal Blade","Thunderclap"],"picked":"Rupture","floor":31},{"not_picked":["Immolate","Offering"],"picked":"Feed","floor":33},{"not_picked":["Carnage","Searing Blow+1"],"picked":"Flex+1","floor":34},{"not_picked":["Cleave+1","Shrug It Off","Sword Boomerang"],"picked":"SKIP","floor":35},{"not_picked":["Berserk","Clash+1"],"picked":"Spot Weakness","floor":37},{"not_picked":["Transmutation","Apotheosis"],"picked":"Blind","floor":38},{"not_picked":["Body Slam","Evolve","Whirlwind"],"picked":"SKIP","floor":41},{"not_picked":["Body Slam+1","Hemokinesis"],"picked":"Twin Strike","floor":42},{"not_picked":["Flex","Anger","Thunderclap+1","Clothesline+1"],"picked":"SKIP","floor":48}],"player_experience":110025,"relics_obtained":[{"floor":4,"key":"Anchor"},{"floor":6,"key":"Mercury Hourglass"},{"floor":8,"key":"Turnip"},{"floor":9,"key":"Ancient Tea Set"},{"floor":23,"key":"Bottled Flame"},{"floor":26,"key":"Dodecahedron"},{"floor":28,"key":"Oddly Smooth Stone"},{"floor":31,"key":"Centennial Puzzle"},{"floor":37,"key":"Shovel"},{"floor":41,"key":"Old Coin"},{"floor":42,"key":"Torii"},{"floor":43,"key":"Juzu Bracelet"}],"event_choices":[{"damage_healed":0,"gold_gain":0,"player_choice":"Entered Light","damage_taken":16,"max_hp_gain":0,"max_hp_loss":0,"event_name":"Shining Light","floor":2,"gold_loss":0,"cards_upgraded":["Defend_R","Brutality"]},{"damage_healed":0,"gold_gain":0,"player_choice":"Ignored","damage_taken":0,"max_hp_gain":0,"max_hp_loss":0,"event_name":"Liars Game","floor":5,"gold_loss":0},{"damage_healed":0,"gold_gain":0,"player_choice":"Success","damage_taken":3,"relics_obtained":["Bag of Preparation"],"max_hp_gain":0,"max_hp_loss":0,"event_name":"Scrap Ooze","floor":10,"gold_loss":0},{"damage_healed":0,"gold_gain":0,"player_choice":"Upgraded","damage_taken":0,"max_hp_gain":0,"max_hp_loss":0,"event_name":"Upgrade Shrine","floor":12,"gold_loss":0,"cards_upgraded":["Rage"]},{"damage_healed":0,"gold_gain":250,"player_choice":"Bet on Owner","damage_taken":0,"max_hp_gain":0,"max_hp_loss":0,"event_name":"The Joust","floor":19,"gold_loss":50},{"damage_healed":0,"gold_gain":0,"player_choice":"Read","damage_taken":0,"max_hp_gain":0,"max_hp_loss":0,"event_name":"The Library","floor":25,"gold_loss":0,"cards_obtained":["Twin Strike"]},{"damage_healed":0,"gold_gain":0,"player_choice":"Opened","damage_taken":0,"relics_obtained":["Meat on the Bone"],"max_hp_gain":0,"max_hp_loss":0,"event_name":"The Mausoleum","floor":30,"gold_loss":0,"cards_obtained":["Writhe"]},{"cards_removed":["Defend_R"],"damage_healed":0,"gold_gain":0,"player_choice":"Removed Skill","damage_taken":0,"max_hp_gain":0,"max_hp_loss":0,"event_name":"Falling","floor":36,"gold_loss":0},{"damage_healed":0,"gold_gain":0,"player_choice":"Fight","damage_taken":0,"max_hp_gain":0,"max_hp_loss":0,"event_name":"MindBloom","floor":37,"gold_loss":0},{"damage_healed":0,"gold_gain":0,"player_choice":"Memory 1","damage_taken":0,"max_hp_gain":0,"max_hp_loss":0,"event_name":"SensoryStone","floor":38,"gold_loss":0},{"damage_healed":0,"gold_gain":0,"player_choice":"Fight","damage_taken":0,"max_hp_gain":0,"max_hp_loss":0,"event_name":"Mysterious Sphere","floor":42,"gold_loss":0},{"damage_healed":0,"gold_gain":0,"player_choice":"Paid","damage_taken":0,"relics_obtained":["Red Mask"],"max_hp_gain":0,"max_hp_loss":0,"event_name":"Tomb of Lord Red Mask","floor":47,"gold_loss":76}],"is_beta":false,"boss_relics":[{"not_picked":["Empty Cage","Sozu"],"picked":"Velvet Choker"},{"not_picked":["Runic Dome","Philosopher\u0027s Stone"],"picked":"Tiny House"}],"items_purged_floors":[13,39,44],"is_endless":false,"potions_floor_spawned":[3,6,14,20,22,29,33,35,37,41],"ascension_level":1}