{"gold_per_floor":[113,123,123,98,116,146,213,113,113,131,194,212,212,226,226,226],"floor_reached":16,"playtime":1129,"items_purged":["Strike_G","Strike_G"],"score":106,"play_id":"20aadf58-604b-4f9d-b638-424a20e7a9b4","local_time":"20181005175343","is_ascension_mode":false,"campfire_choices":[{"data":"Tactician","floor":13,"key":"SMITH"},{"data":"Reflex","floor":15,"key":"SMITH"}],"neow_cost":"TEN_PERCENT_HP_LOSS","seed_source_timestamp":1629311707925055,"circlet_count":0,"master_deck":["Defend_G","Defend_G","Defend_G","Defend_G","Defend_G","Strike_G","Strike_G","Strike_G","Survivor","Neutralize","Die Die Die","Backflip","Acrobatics","Reflex+1","Reflex","Dagger Throw","Tactician+1","Infinite Blades","Prepared","Backstab"],"relics":["Ring of the Snake","SsserpentHead","Gambling Chip","WingedGreaves"],"potions_floor_usage":[16,16,16],"damage_taken":[{"damage":0,"enemies":"Small Slimes","floor":1,"turns":2},{"damage":0,"enemies":"Cultist","floor":2,"turns":4},{"damage":0,"enemies":"Jaw Worm","floor":5,"turns":3},{"damage":33,"enemies":"Gremlin Nob","floor":6,"turns":6},{"damage":0,"enemies":"Exordium Thugs","floor":7,"turns":4},{"damage":5,"enemies":"Lots of Slimes","floor":10,"turns":3},{"damage":8,"enemies":"Exordium Wildlife","floor":11,"turns":4},{"damage":4,"enemies":"Red Slaver","floor":12,"turns":6},{"damage":0,"enemies":"Looter","floor":14,"turns":3},{"damage":18,"enemies":"Hexaghost","floor":16,"turns":11}],"seed_played":"-4801232280887416374","potions_obtained":[{"floor":2,"key":"Block Potion"},{"floor":5,"key":"SkillPotion"},{"floor":7,"key":"GamblersBrew"}],"is_trial":false,"path_per_floor":["M","M","?","$","M","E","M","$","T","M","M","M","R","M","R"],"character_chosen":"THE_SILENT","items_purchased":[],"campfire_rested":0,"item_purchase_floors":[],"current_hp_per_floor":[63,63,63,63,63,30,30,30,30,25,17,13,13,13,13,0],"gold":226,"neow_bonus":"THREE_RARE_CARDS","is_prod":false,"is_daily":false,"chose_seed":false,"campfire_upgraded":2,"win_rate":0,"timestamp":1538754823,"path_taken":["M","M","?","?","M","E","?","$","T","M","?","M","R","M","R","BOSS"],"build_version":"2018-10-04","purchased_purges":2,"victory":false,"max_hp_per_floor":[63,63,63,63,63,63,63,63,63,63,63,63,63,63,63,63],"card_choices":[{"not_picked":["Doppelganger","A Thousand Cuts"],"picked":"Die Die Die","floor":0},{"not_picked":["Deflect","Deadly Poison"],"picked":"Backflip","floor":1},{"not_picked":["Expertise","Flying Knee"],"picked":"Acrobatics","floor":2},{"not_picked":["Caltrops","PiercingWail"],"picked":"Reflex","floor":5},{"not_picked":["Slice","Blade Dance"],"picked":"Reflex","floor":6},{"not_picked":["Prepared","Backflip"],"picked":"Dagger Throw","floor":7},{"not_picked":["PiercingWail","Blur"],"picked":"Tactician","floor":10},{"not_picked":["Caltrops","Distraction"],"picked":"Infinite Blades","floor":11},{"not_picked":["Concentrate","Acrobatics"],"picked":"Prepared","floor":12},{"not_picked":["Masterful Stab","Dagger Spray"],"picked":"Backstab","floor":14}],"player_experience":96484,"relics_obtained":[{"floor":6,"key":"Gambling Chip"},{"floor":9,"key":"WingedGreaves"}],"event_choices":[{"event_name":"FaceTrader","player_choice":"Trade","floor":3,"damage_taken":0}],"is_beta":false,"boss_relics":[],"items_purged_floors":[4,8],"is_endless":false,"potions_floor_spawned":[2,5,7,11],"killed_by":"Hexaghost","ascension_level":0}