{"gold_per_floor":[359,434,10,29,204,239,250,250,276,292,292,320,338,338,338,443,443,456,456,468,78,78,78,95,125,172,172,189,215,215,215,215,313,313,325,139,139,194,210,242,242,258,284,284,284,193,220,2,2,2],"floor_reached":51,"playtime":1327,"items_purged":["Doubt","Decay"],"score":804,"play_id":"109d98a5-7d1a-454e-9c8c-d3c0db22a200","local_time":"25620320230622","is_ascension_mode":false,"campfire_choices":[{"data":"Armaments","floor":8.0,"key":"SMITH"},{"data":"Inflame","floor":11.0,"key":"SMITH"},{"data":"Bash","floor":15.0,"key":"SMITH"},{"data":"Limit Break","floor":23.0,"key":"SMITH"},{"data":"Shockwave","floor":27.0,"key":"SMITH"},{"data":"Sword Boomerang","floor":32.0,"key":"SMITH"},{"data":"Barricade","floor":41,"key":"SMITH"},{"data":"Battle Trance","floor":49,"key":"SMITH"}],"neow_cost":"TEN_PERCENT_HP_LOSS","seed_source_timestamp":23488217880192,"circlet_count":0,"master_deck":["Strike_R+1","Strike_R+1","Strike_R+1","Strike_R+1","Strike_R+1","Defend_R+1","Defend_R+1","Defend_R+1","Defend_R+1","Bash+1","Dropkick","Flame Barrier","Sword Boomerang+1","Inflame+1","Armaments+1","Battle Trance+1","Limit Break+1","True Grit","Shockwave+1","Thunderclap","Shrug It Off+1","Warcry+1","Twin Strike","J.A.X.+1","Barricade+1","Infernal Blade+1","Impatience+1","Madness+1","Madness+1","Pommel Strike+1","Sword Boomerang+1","Offering+1","Pummel+1","Parasite","Master of Strategy+1","Discovery+1","Madness+1","Madness+1","Reaper+1","Feed+1","Seeing Red+1"],"special_seed":0,"relics":["Burning Blood","Chemical X","Orichalcum","Centennial Puzzle","Bronze Scales","Vajra","Cursed Key","Pantograph","Toxic Egg 2","Blood Vial","Red Mask","Coffee Dripper","Incense Burner","Dream Catcher","Bag of Preparation","Molten Egg 2"],"potions_floor_usage":[33,50,50,50],"damage_taken":[{"damage":6.0,"enemies":"Cultist","floor":1.0,"turns":3.0},{"damage":1.0,"enemies":"Jaw Worm","floor":4.0,"turns":3.0},{"damage":18.0,"enemies":"Lagavulin","floor":6.0,"turns":6.0},{"damage":0.0,"enemies":"2 Louse","floor":7.0,"turns":5.0},{"damage":10.0,"enemies":"Looter","floor":10.0,"turns":3.0},{"damage":13.0,"enemies":"Gremlin Nob","floor":12.0,"turns":4.0},{"damage":2.0,"enemies":"Large Slime","floor":13.0,"turns":5.0},{"damage":36.0,"enemies":"Slime Boss","floor":16.0,"turns":7.0},{"damage":5.0,"enemies":"Spheric Guardian","floor":18.0,"turns":3.0},{"damage":4.0,"enemies":"Chosen","floor":20.0,"turns":3.0},{"damage":3.0,"enemies":"Snake Plant","floor":24.0,"turns":3.0},{"damage":6.0,"enemies":"Book of Stabbing","floor":25.0,"turns":3.0},{"damage":3.0,"enemies":"3 Cultists","floor":28.0,"turns":4.0},{"damage":9.0,"enemies":"Masked Bandits","floor":29.0,"turns":4.0},{"damage":26,"enemies":"Collector","floor":33,"turns":6},{"damage":15,"enemies":"3 Darklings","floor":35,"turns":3},{"damage":11,"enemies":"2 Orb Walkers","floor":38,"turns":4},{"damage":4,"enemies":"Orb Walker","floor":39,"turns":2},{"damage":30,"enemies":"Nemesis","floor":40,"turns":5},{"damage":11,"enemies":"Jaw Worm Horde","floor":42,"turns":3},{"damage":6,"enemies":"Giant Head","floor":47,"turns":4},{"damage":70,"enemies":"Donu and Deca","floor":50,"turns":9}],"seed_played":"-3194949738724565764","potions_obtained":[{"floor":1.0,"key":"FearPotion"},{"floor":4.0,"key":"Strength Potion"},{"floor":13.0,"key":"Swift Potion"},{"floor":16.0,"key":"FearPotion"},{"floor":20.0,"key":"SteroidPotion"},{"floor":28.0,"key":"Strength Potion"},{"floor":39,"key":"Dexterity Potion"},{"floor":40,"key":"Weak Potion"},{"floor":47,"key":"Poison Potion"}],"is_trial":false,"path_per_floor":["M","?","$","M","?","E","M","R","T","M","R","E","M","?","R","B",null,"M","?","M","$","?","R","M","E","T","R","M","?","?","?","R","B",null,"M","$","?","?","M","E","R","M","T","?","?","$","E","$","R","B",null],"character_chosen":"IRONCLAD","items_purchased":["Chemical X","Orichalcum","Flame Barrier","Pantograph","Shockwave","Impatience+1","Madness+1","Feed+1","Seeing Red+1"],"campfire_rested":0,"item_purchase_floors":[3,3,3,21,21,36,46,48,48],"current_hp_per_floor":[72,61,61,66,66,54,60,60,60,56,56,49,53,58,58,28,77,77,77,77,77,77,77,77,77,77,77,77,74,60,60,60,62,82,73,73,63,60,64,42,42,39,39,72,62,62,64,64,64,26],"gold":2,"neow_bonus":"TWO_FIFTY_GOLD","is_prod":false,"is_daily":false,"chose_seed":false,"campfire_upgraded":8,"win_rate":0.0,"timestamp":1553097982,"path_taken":["M","?","$","M","?","E","M","R","T","M","R","E","M","?","R","BOSS","M","?","M","$","?","R","M","E","T","R","M","?","?","?","R","BOSS","M","$","?","?","M","E","R","M","T","?","?","$","E","$","R","BOSS"],"build_version":"2019-01-23","purchased_purges":2,"victory":true,"max_hp_per_floor":[72,72,72,72,72,72,72,72,72,72,72,72,72,77,77,77,77,77,77,77,77,77,77,77,77,77,77,77,77,82,82,82,82,82,82,82,82,82,82,82,82,82,82,72,72,72,72,72,72,76],"card_choices":[{"not_picked":["Bloodletting","Disarm"],"picked":"Dropkick","floor":1.0},{"not_picked":["Searing Blow","Anger"],"picked":"Sword Boomerang","floor":4.0},{"not_picked":["Thunderclap","Ghostly Armor"],"picked":"Inflame","floor":6.0},{"not_picked":["Second Wind","Body Slam"],"picked":"Armaments","floor":7.0},{"not_picked":["Perfected Strike","Warcry","Searing Blow"],"picked":"SKIP","floor":10.0},{"not_picked":["Shrug It Off","Pommel Strike"],"picked":"Battle Trance","floor":12.0},{"not_picked":["Clothesline","Cleave","Heavy Blade"],"picked":"SKIP","floor":13.0},{"not_picked":["Offering","Dark Embrace"],"picked":"Limit Break","floor":16.0},{"not_picked":["Armaments","Hemokinesis+1"],"picked":"True Grit","floor":18.0},{"not_picked":["Rage","Heavy Blade","Ghostly Armor"],"picked":"SKIP","floor":20.0},{"not_picked":["Armaments","True Grit"],"picked":"Thunderclap","floor":24.0},{"not_picked":["Clash","Iron Wave"],"picked":"Shrug It Off","floor":25.0},{"not_picked":["Headbutt+1","Clash"],"picked":"Warcry+1","floor":28.0},{"not_picked":["Rupture","Sever Soul+1"],"picked":"Twin Strike","floor":29.0},{"not_picked":["Bludgeon","Dark Embrace"],"picked":"Barricade","floor":33},{"not_picked":["Cleave","Pommel Strike+1"],"picked":"Infernal Blade+1","floor":35},{"not_picked":["Cleave","Iron Wave+1"],"picked":"Pommel Strike+1","floor":38},{"not_picked":["Headbutt","Iron Wave"],"picked":"Sword Boomerang+1","floor":39},{"not_picked":["Headbutt+1","Clash"],"picked":"Offering+1","floor":40},{"not_picked":["Anger+1","Searing Blow"],"picked":"Pummel+1","floor":42},{"not_picked":["Dark Shackles+1","Madness+1"],"picked":"Master of Strategy+1","floor":45},{"not_picked":["Magnetism","Dramatic Entrance"],"picked":"Discovery+1","floor":45},{"not_picked":["Good Instincts+1","Sadistic Nature"],"picked":"Madness+1","floor":45},{"not_picked":["Clash","Sword Boomerang"],"picked":"Reaper","floor":47}],"player_experience":2206,"relics_obtained":[{"floor":6.0,"key":"Centennial Puzzle"},{"floor":9.0,"key":"Bronze Scales"},{"floor":12.0,"key":"Vajra"},{"floor":25.0,"key":"Toxic Egg 2"},{"floor":26.0,"key":"Blood Vial"},{"floor":29.0,"key":"Red Mask"},{"floor":38,"key":"Incense Burner"},{"floor":40,"key":"Dream Catcher"},{"floor":43,"key":"Bag of Preparation"},{"floor":47,"key":"Molten Egg 2"}],"event_choices":[{"damage_healed":0.0,"max_hp_gain":0.0,"max_hp_loss":0.0,"gold_gain":75.0,"event_name":"World of Goop","player_choice":"Gather Gold","floor":2.0,"gold_loss":0.0,"damage_taken":11.0},{"damage_healed":0.0,"max_hp_gain":0.0,"max_hp_loss":0.0,"gold_gain":175.0,"event_name":"Liars Game","player_choice":"AGREE","floor":5.0,"gold_loss":0.0,"damage_taken":0.0,"cards_obtained":["Doubt"]},{"damage_healed":0.0,"max_hp_gain":5.0,"max_hp_loss":0.0,"gold_gain":0.0,"event_name":"Big Fish","player_choice":"Donut","floor":14.0,"gold_loss":0.0,"damage_taken":0.0},{"damage_healed":0.0,"max_hp_gain":0.0,"max_hp_loss":0.0,"gold_gain":0.0,"event_name":"Ghosts","player_choice":"Ignored","floor":19.0,"gold_loss":0.0,"damage_taken":0.0},{"damage_healed":0.0,"max_hp_gain":0.0,"max_hp_loss":0.0,"gold_gain":0.0,"event_name":"Back to Basics","player_choice":"Simplicity","floor":22.0,"gold_loss":0.0,"damage_taken":0.0,"cards_upgraded":["Strike_R","Strike_R","Strike_R","Strike_R","Strike_R","Defend_R","Defend_R","Defend_R","Defend_R"]},{"damage_healed":0.0,"max_hp_gain":0.0,"max_hp_loss":0.0,"gold_gain":0.0,"event_name":"Masked Bandits","player_choice":"Fought Bandits","floor":29.0,"gold_loss":0.0,"damage_taken":0.0},{"damage_healed":0.0,"max_hp_gain":5.0,"max_hp_loss":0.0,"gold_gain":0.0,"event_name":"Forgotten Altar","player_choice":"Shed Blood","floor":30.0,"gold_loss":0.0,"damage_taken":19.0},{"damage_healed":0.0,"max_hp_gain":0.0,"max_hp_loss":0.0,"gold_gain":0.0,"event_name":"Drug Dealer","player_choice":"Obtain J.A.X.","floor":31.0,"gold_loss":0.0,"damage_taken":0.0,"cards_obtained":["J.A.X."]},{"damage_healed":0,"gold_gain":0,"player_choice":"Embrace Madness","damage_taken":10,"max_hp_gain":0,"max_hp_loss":0,"event_name":"Winding Halls","floor":37,"gold_loss":0,"cards_obtained":["Madness","Madness"]},{"damage_healed":0,"gold_gain":0,"player_choice":"Fight","damage_taken":0,"max_hp_gain":0,"max_hp_loss":0,"event_name":"Mysterious Sphere","floor":38,"gold_loss":0},{"damage_healed":72,"gold_gain":0,"player_choice":"Heal","damage_taken":0,"max_hp_gain":0,"max_hp_loss":10,"event_name":"The Moai Head","floor":44,"gold_loss":0},{"damage_healed":0,"gold_gain":0,"player_choice":"Memory 3","damage_taken":10,"max_hp_gain":0,"max_hp_loss":0,"event_name":"SensoryStone","floor":45,"gold_loss":0}],"is_beta":false,"boss_relics":[{"not_picked":["Lizard Tail","Mark of Pain"],"picked":"Cursed Key"},{"not_picked":["Black Star","Tiny House"],"picked":"Coffee Dripper"}],"items_purged_floors":[21,36],"is_endless":false,"potions_floor_spawned":[1,4,13,16,20,28,39,40,47],"ascension_level":0}