{"gold_per_floor":[111,61,21,36,36,63,63,73,125,136,136,166,182,196,196,291,291,307,222,236,236,250,313,313,313,313,3,20,35,49,68,68,173,173,187,0,19,33,46,59,79,79,79,79,79,0,0,11,11,11],"floor_reached":50,"playtime":2688,"items_purged":[],"score":808,"play_id":"de730bbe-cd3a-4efe-8850-44dbdd3a0f75","local_time":"20181102041646","is_ascension_mode":true,"campfire_choices":[{"data":"Sucker Punch","floor":7,"key":"SMITH"},{"floor":15,"key":"REST"},{"floor":25,"key":"REST"},{"data":"Apotheosis","floor":32,"key":"SMITH"},{"data":"Corpse Explosion","floor":44,"key":"SMITH"},{"data":"Leg Sweep","floor":49,"key":"SMITH"}],"neow_cost":"NONE","seed_source_timestamp":535291247311984,"circlet_count":0,"master_deck":["AscendersBane","Defend_G","Defend_G","Defend_G","Defend_G","Defend_G","Strike_G","Strike_G","Strike_G","Strike_G","Survivor","Neutralize","Dodge and Roll","Calculated Gamble","Sucker Punch+1","Leg Sweep+1","Caltrops+1","Heel Hook","Flechettes","Infinite Blades","Terror","Corpse Explosion+1","Ghostly","Ghostly","Ghostly","Ghostly","Ghostly","Dagger Spray","Apotheosis+1","Footwork+1","Storm of Steel","Noxious Fumes","Dark Shackles","Cloak And Dagger","Parasite","Footwork+1","Dodge and Roll+1"],"relics":["Ring of the Snake","NeowsBlessing","Ancient Tea Set","Blue Candle","Oddly Smooth Stone","Mercury Hourglass","Busted Crown","Ice Cream","Tiny Chest","Paper Crane","Membership Card","Philosopher\u0027s Stone","Lee\u0027s Waffle","Bottled Tornado","Red Mask","Nunchaku"],"potions_floor_usage":[16,16,31,33,33,50,50,50],"damage_taken":[{"damage":0,"enemies":"Small Slimes","floor":1,"turns":1},{"damage":0,"enemies":"Jaw Worm","floor":4,"turns":1},{"damage":0,"enemies":"Lagavulin","floor":6,"turns":1},{"damage":0,"enemies":"2 Louse","floor":8,"turns":2},{"damage":8,"enemies":"Large Slime","floor":10,"turns":11},{"damage":30,"enemies":"Gremlin Nob","floor":12,"turns":6},{"damage":0,"enemies":"Exordium Wildlife","floor":13,"turns":4},{"damage":0,"enemies":"Looter","floor":14,"turns":4},{"damage":14,"enemies":"Slime Boss","floor":16,"turns":12},{"damage":11,"enemies":"Shell Parasite","floor":18,"turns":6},{"damage":18,"enemies":"2 Thieves","floor":20,"turns":2},{"damage":2,"enemies":"Snecko","floor":22,"turns":7},{"damage":2,"enemies":"Gremlin Leader","floor":23,"turns":7},{"damage":0,"enemies":"Cultist and Chosen","floor":28,"turns":6},{"damage":3,"enemies":"3 Cultists","floor":29,"turns":3},{"damage":0,"enemies":"Snake Plant","floor":30,"turns":5},{"damage":0,"enemies":"Cultist and Chosen","floor":31,"turns":5},{"damage":10,"enemies":"Champ","floor":33,"turns":14},{"damage":0,"enemies":"3 Shapes","floor":35,"turns":5},{"damage":11,"enemies":"3 Darklings","floor":37,"turns":5},{"damage":0,"enemies":"4 Shapes","floor":38,"turns":2},{"damage":24,"enemies":"Writhing Mass","floor":39,"turns":7},{"damage":11,"enemies":"Sphere and 2 Shapes","floor":40,"turns":8},{"damage":0,"enemies":"3 Darklings","floor":41,"turns":3},{"damage":4,"enemies":"Jaw Worm Horde","floor":48,"turns":6},{"damage":40,"enemies":"Donu and Deca","floor":50,"turns":7}],"seed_played":"-8431672649480704612","potions_obtained":[{"floor":4,"key":"Swift Potion"},{"floor":6,"key":"SpeedPotion"},{"floor":13,"key":"SteroidPotion"},{"floor":16,"key":"Swift Potion"},{"floor":23,"key":"Poison Potion"},{"floor":33,"key":"Dexterity Potion"},{"floor":39,"key":"Dexterity Potion"},{"floor":41,"key":"Ancient Potion"}],"is_trial":false,"path_per_floor":["M","?","$","M","?","E","R","M","T","M","?","E","M","M","R","B",null,"M","?","M","?","M","E","?","R","T","$","M","M","M","M","R","B",null,"M","$","M","M","M","M","M","?","T","R","?","?","T","M","R","B"],"character_chosen":"THE_SILENT","items_purchased":["Calculated Gamble","Membership Card","Apotheosis","Dagger Spray","Lee\u0027s Waffle","Noxious Fumes","Dark Shackles"],"campfire_rested":2,"item_purchase_floors":[3,27,27,27,36,36,36],"current_hp_per_floor":[63,63,63,63,56,56,56,56,56,48,48,18,18,18,39,25,59,48,48,30,30,28,26,22,34,34,34,34,31,31,31,31,21,35,35,47,36,36,12,1,1,41,41,41,41,41,41,37,37,0],"gold":11,"neow_bonus":"THREE_ENEMY_KILL","is_prod":false,"is_daily":false,"chose_seed":false,"campfire_upgraded":4,"win_rate":0,"timestamp":1541128606,"path_taken":["M","?","$","M","?","E","R","M","T","M","?","E","?","M","R","BOSS","M","?","M","?","M","E","?","R","T","$","M","M","M","?","R","BOSS","M","$","M","M","M","M","M","?","T","R","?","?","?","M","R","BOSS"],"build_version":"2018-11-01","purchased_purges":0,"victory":false,"max_hp_per_floor":[70,70,70,70,70,70,70,70,70,70,70,70,70,70,70,70,70,70,70,70,35,35,35,40,40,40,40,40,40,40,40,40,40,40,40,47,47,47,47,47,47,41,41,41,41,41,41,41,41,41],"card_choices":[{"not_picked":["Quick Slash","Skewer"],"picked":"Dodge and Roll","floor":1},{"not_picked":["Dodge and Roll","Predator"],"picked":"Sucker Punch","floor":4},{"not_picked":["Blade Dance","Dagger Spray"],"picked":"Leg Sweep","floor":6},{"not_picked":["Venomology","Outmaneuver"],"picked":"Caltrops","floor":8},{"not_picked":["Blade Dance","Dodge and Roll"],"picked":"Heel Hook","floor":10},{"not_picked":["Envenom","Dagger Throw"],"picked":"Flechettes","floor":12},{"not_picked":["Prepared","Choke"],"picked":"Infinite Blades","floor":13},{"not_picked":["Sucker Punch","Acrobatics"],"picked":"Terror","floor":14},{"not_picked":["Storm of Steel","Night Terror"],"picked":"Corpse Explosion","floor":16},{"not_picked":["Choke"],"picked":"SKIP","floor":18},{"not_picked":["Flying Knee"],"picked":"SKIP","floor":20},{"not_picked":["Flying Knee"],"picked":"SKIP","floor":22},{"not_picked":[],"picked":"Dagger Spray","floor":23},{"not_picked":[],"picked":"Footwork+1","floor":28},{"not_picked":["Choke"],"picked":"SKIP","floor":29},{"not_picked":["Flechettes"],"picked":"SKIP","floor":30},{"not_picked":["Acrobatics+1"],"picked":"SKIP","floor":31},{"not_picked":[],"picked":"Storm of Steel","floor":33},{"not_picked":["Poisoned Stab+1"],"picked":"SKIP","floor":35},{"not_picked":["Acrobatics+1"],"picked":"SKIP","floor":37},{"not_picked":[],"picked":"Cloak And Dagger","floor":38},{"not_picked":["Backflip"],"picked":"SKIP","floor":39},{"not_picked":[],"picked":"Footwork+1","floor":40},{"not_picked":[],"picked":"Dodge and Roll+1","floor":41},{"not_picked":["Underhanded Strike"],"picked":"SKIP","floor":48}],"player_experience":304503,"relics_obtained":[{"floor":6,"key":"Blue Candle"},{"floor":9,"key":"Oddly Smooth Stone"},{"floor":12,"key":"Mercury Hourglass"},{"floor":23,"key":"Tiny Chest"},{"floor":26,"key":"Paper Crane"},{"floor":43,"key":"Bottled Tornado"},{"floor":47,"key":"Nunchaku"}],"event_choices":[{"cards_removed":["Strike_G"],"damage_healed":0,"gold_gain":0,"player_choice":"Card Removal","damage_taken":0,"max_hp_gain":0,"max_hp_loss":0,"event_name":"The Cleric","floor":2,"gold_loss":50},{"damage_healed":0,"gold_gain":0,"player_choice":"Success","damage_taken":7,"relics_obtained":["Ancient Tea Set"],"max_hp_gain":0,"max_hp_loss":0,"event_name":"Scrap Ooze","floor":5,"gold_loss":0},{"damage_healed":0,"gold_gain":0,"player_choice":"Grow","damage_taken":0,"max_hp_gain":0,"max_hp_loss":0,"event_name":"Living Wall","floor":11,"gold_loss":0,"cards_upgraded":["Caltrops"]},{"damage_healed":0,"gold_gain":0,"player_choice":"Obtained Relic","damage_taken":0,"relics_obtained":["Ice Cream"],"max_hp_gain":0,"max_hp_loss":0,"event_name":"Addict","floor":19,"gold_loss":85},{"damage_healed":0,"gold_gain":0,"player_choice":"Became a Ghost","damage_taken":0,"max_hp_gain":0,"max_hp_loss":35,"event_name":"Ghosts","floor":21,"gold_loss":0,"cards_obtained":["Ghostly","Ghostly","Ghostly","Ghostly","Ghostly"]},{"damage_healed":0,"gold_gain":0,"player_choice":"Shed Blood","damage_taken":9,"max_hp_gain":5,"max_hp_loss":0,"event_name":"Forgotten Altar","floor":24,"gold_loss":0},{"damage_healed":41,"gold_gain":0,"player_choice":"Heal","damage_taken":0,"max_hp_gain":0,"max_hp_loss":6,"event_name":"The Moai Head","floor":42,"gold_loss":0},{"cards_removed":["Dagger Spray"],"damage_healed":0,"gold_gain":0,"player_choice":"Removed Attack","damage_taken":0,"max_hp_gain":0,"max_hp_loss":0,"event_name":"Falling","floor":45,"gold_loss":0},{"damage_healed":0,"gold_gain":0,"player_choice":"Paid","damage_taken":0,"relics_obtained":["Red Mask"],"max_hp_gain":0,"max_hp_loss":0,"event_name":"Tomb of Lord Red Mask","floor":46,"gold_loss":79}],"is_beta":false,"boss_relics":[{"not_picked":["Fusion Hammer","Astrolabe"],"picked":"Busted Crown"},{"not_picked":["HoveringKite","Pandora\u0027s Box"],"picked":"Philosopher\u0027s Stone"}],"items_purged_floors":[],"is_endless":false,"potions_floor_spawned":[4,6,13,16,23,28,29,33,39,41],"killed_by":"Donu and Deca","ascension_level":10}