{"gold_per_floor":[110,110,128,146,146,172,172,196,222,252,281,297,323,342,342,342],"floor_reached":16,"playtime":490,"items_purged":[],"score":240,"play_id":"308313de-d4dd-47f1-9db3-c74dd4c24cda","local_time":"20181202132051","is_ascension_mode":true,"campfire_choices":[{"data":"Whirlwind","floor":7.0,"key":"SMITH"},{"floor":15,"key":"REST"}],"neow_cost":"NONE","seed_source_timestamp":5583998144445,"circlet_count":0,"master_deck":["AscendersBane","Strike_R","Strike_R","Strike_R","Strike_R","Strike_R+1","Defend_R","Defend_R","Defend_R+1","Defend_R+1","Bash","Thunderclap","Dropkick+1","Whirlwind+1","Burning Pact","Pommel Strike"],"special_seed":0,"relics":["Burning Blood","Whetstone","Odd Mushroom","Anchor","Letter Opener","Pen Nib","Lantern"],"potions_floor_usage":[13,16],"damage_taken":[{"damage":7.0,"enemies":"Jaw Worm","floor":1.0,"turns":5.0},{"damage":7.0,"enemies":"Cultist","floor":3.0,"turns":4.0},{"damage":3.0,"enemies":"2 Louse","floor":4.0,"turns":4.0},{"damage":24.0,"enemies":"Gremlin Nob","floor":6.0,"turns":4.0},{"damage":0.0,"enemies":"The Mushroom Lair","floor":8.0,"turns":2.0},{"damage":22.0,"enemies":"3 Sentries","floor":11.0,"turns":7.0},{"damage":0,"enemies":"Large Slime","floor":12,"turns":5},{"damage":27,"enemies":"Lagavulin","floor":13,"turns":7},{"damage":0,"enemies":"Blue Slaver","floor":14,"turns":1},{"damage":44,"enemies":"Slime Boss","floor":16,"turns":8}],"seed_played":"-6984952224488937544","potions_obtained":[{"floor":2.0,"key":"SpeedPotion"},{"floor":2.0,"key":"Ancient Potion"},{"floor":8.0,"key":"LiquidBronze"},{"floor":14,"key":"LiquidBronze"}],"is_trial":false,"path_per_floor":["M","?","M","M","?","E","R","?","T","?","E","M","E","M","R","B"],"character_chosen":"IRONCLAD","items_purchased":[],"campfire_rested":1,"item_purchase_floors":[],"current_hp_per_floor":[74,74,73,76,51,33,33,39,39,39,23,29,8,14,38,0],"gold":342,"neow_bonus":"TEN_PERCENT_HP_BONUS","is_prod":false,"is_daily":false,"chose_seed":false,"campfire_upgraded":1,"win_rate":0,"timestamp":1543728051,"path_taken":["M","?","M","?","?","E","R","?","T","?","E","?","E","M","R","BOSS"],"build_version":"2018-11-15","purchased_purges":0,"victory":false,"max_hp_per_floor":[82,82,82,82,82,82,82,82,82,82,82,82,82,82,82,82],"card_choices":[{"not_picked":["Heavy Blade","Spot Weakness"],"picked":"Thunderclap","floor":1.0},{"not_picked":["Sentinel","Havoc","Heavy Blade"],"picked":"SKIP","floor":3.0},{"not_picked":["Warcry","Body Slam"],"picked":"Dropkick","floor":4.0},{"not_picked":["Spot Weakness","Combust"],"picked":"Whirlwind","floor":6.0},{"not_picked":["Power Through","Reckless Charge","Pommel Strike"],"picked":"SKIP","floor":11.0},{"not_picked":["Blood for Blood","Clash"],"picked":"Burning Pact","floor":12},{"not_picked":["Headbutt","Armaments","Feel No Pain"],"picked":"SKIP","floor":13},{"not_picked":["Carnage","Anger"],"picked":"Pommel Strike","floor":14}],"player_experience":2261378,"relics_obtained":[{"floor":6.0,"key":"Whetstone"},{"floor":8.0,"key":"Odd Mushroom"},{"floor":9.0,"key":"Anchor"},{"floor":11.0,"key":"Pen Nib"},{"floor":13,"key":"Lantern"}],"event_choices":[{"damage_healed":0.0,"max_hp_gain":0.0,"max_hp_loss":0.0,"gold_gain":0.0,"event_name":"Lab","player_choice":"Got Potions","floor":2.0,"gold_loss":0.0,"damage_taken":0.0},{"damage_healed":0.0,"max_hp_gain":0.0,"max_hp_loss":0.0,"gold_gain":0.0,"event_name":"Shining Light","player_choice":"Entered Light","floor":5.0,"gold_loss":0.0,"damage_taken":25.0,"cards_upgraded":["Defend_R","Defend_R"]},{"damage_healed":0.0,"max_hp_gain":0.0,"max_hp_loss":0.0,"gold_gain":0.0,"event_name":"Mushrooms","player_choice":"Fought Mushrooms","floor":8.0,"gold_loss":0.0,"damage_taken":0.0},{"damage_healed":0.0,"max_hp_gain":0.0,"max_hp_loss":0.0,"gold_gain":30.0,"event_name":"Dead Adventurer","player_choice":"Searched \u00272\u0027 times","floor":10.0,"gold_loss":0.0,"damage_taken":0.0,"relics_obtained":["Letter Opener"]}],"is_beta":false,"boss_relics":[],"items_purged_floors":[],"is_endless":false,"potions_floor_spawned":[3,4,8,12,14],"killed_by":"Slime Boss","ascension_level":20}