{"gold_per_floor":[123,145,157,244,275,287,299,330,342,389,412,450,462,81,81,160,160,178,195,245,245,259,291,291,308,334,347,360,360,391,411,411,411],"floor_reached":33,"playtime":1448,"items_purged":["Strike_G"],"score":523,"play_id":"79831393-1580-4c53-993b-cf2cbfeef2d2","local_time":"20181029133118","is_ascension_mode":true,"campfire_choices":[{"data":"Neutralize","floor":6.0,"key":"SMITH"},{"data":"Sucker Punch","floor":13.0,"key":"SMITH"},{"data":"Dagger Throw","floor":15.0,"key":"SMITH"},{"floor":24.0,"key":"REST"},{"data":"Cloak And Dagger","floor":29.0,"key":"SMITH"},{"floor":32,"key":"REST"}],"neow_cost":"NONE","seed_source_timestamp":6314190616544,"circlet_count":0,"master_deck":["Survivor","Neutralize+1","AscendersBane","Flying Knee","Dagger Throw+1","Sucker Punch+1","Backstab","Backflip","Finisher+1","Venomology","Sucker Punch+1","Flying Knee+1","Caltrops","Dash+1","Sucker Punch+1","Slice+1","Reflex","Flying Knee+1","Leg Sweep","Backflip","Deflect","PiercingWail","Dash+1","Infinite Blades","Cloak And Dagger+1","Escape Plan","Leg Sweep","Well Laid Plans"],"special_seed":0,"relics":["Ring of the Snake","MawBank","Oddly Smooth Stone","Pear","Letter Opener","Molten Egg 2","Pandora\u0027s Box","Boot","Snake Skull","StoneCalendar"],"potions_floor_usage":[30,30,33,33,33],"damage_taken":[{"damage":0.0,"enemies":"Cultist","floor":1.0,"turns":4.0},{"damage":6.0,"enemies":"Jaw Worm","floor":2.0,"turns":4.0},{"damage":0.0,"enemies":"Small Slimes","floor":5.0,"turns":3.0},{"damage":4.0,"enemies":"Blue Slaver","floor":8.0,"turns":5.0},{"damage":8.0,"enemies":"Lagavulin","floor":10.0,"turns":9.0},{"damage":0.0,"enemies":"3 Louse","floor":11.0,"turns":3.0},{"damage":5.0,"enemies":"3 Sentries","floor":12.0,"turns":6.0},{"damage":24.0,"enemies":"The Guardian","floor":16.0,"turns":15.0},{"damage":0.0,"enemies":"Spheric Guardian","floor":18.0,"turns":3.0},{"damage":0.0,"enemies":"Chosen","floor":19.0,"turns":4.0},{"damage":10.0,"enemies":"Centurion and Healer","floor":22.0,"turns":5.0},{"damage":10.0,"enemies":"Book of Stabbing","floor":23.0,"turns":5.0},{"damage":3.0,"enemies":"Snecko","floor":25.0,"turns":4.0},{"damage":17.0,"enemies":"3 Cultists","floor":27.0,"turns":6.0},{"damage":10.0,"enemies":"Centurion and Healer","floor":28.0,"turns":5.0},{"damage":2,"enemies":"Gremlin Leader","floor":30,"turns":9},{"damage":12,"enemies":"Snecko","floor":31,"turns":5},{"damage":41,"enemies":"Champ","floor":33,"turns":9}],"seed_played":"1654647219844086162","potions_obtained":[{"floor":1.0,"key":"SpeedPotion"},{"floor":2.0,"key":"Dexterity Potion"},{"floor":8.0,"key":"Energy Potion"},{"floor":11.0,"key":"AttackPotion"},{"floor":18.0,"key":"LiquidBronze"}],"is_trial":false,"path_per_floor":["M","M","$","?","M","R","?","M","T","E","M","E","R","$","R","B",null,"M","M","?","?","M","E","R","M","T","M","M","R","E","M","R"],"character_chosen":"THE_SILENT","items_purchased":["Molten Egg 2","Finisher+1"],"campfire_rested":2,"item_purchase_floors":[14,14],"current_hp_per_floor":[59,53,53,42,42,42,35,31,31,33,33,28,28,28,28,4,58,58,58,58,58,48,38,60,57,57,40,30,30,28,16,38,0],"gold":411,"neow_bonus":"RANDOM_COMMON_RELIC","is_prod":false,"is_daily":false,"chose_seed":false,"campfire_upgraded":4,"win_rate":0,"timestamp":1540845078,"path_taken":["M","M","$","?","M","R","?","M","T","E","M","E","R","$","R","BOSS","M","M","?","?","M","E","R","M","T","M","?","R","E","?","R","BOSS"],"build_version":"2018-10-25v2","purchased_purges":1,"victory":false,"max_hp_per_floor":[66,66,66,66,66,66,66,66,66,76,76,76,76,76,76,76,76,76,76,76,76,76,76,76,76,76,76,76,76,76,76,76,76],"card_choices":[{"not_picked":["Crippling Poison","Underhanded Strike"],"picked":"Flying Knee","floor":1.0},{"not_picked":["Noxious Fumes","Flechettes"],"picked":"Dagger Throw","floor":2.0},{"not_picked":["Flying Knee","Dagger Throw"],"picked":"Sucker Punch","floor":5.0},{"not_picked":["Poisoned Stab","Prepared","Slice"],"picked":"SKIP","floor":8.0},{"not_picked":["Crippling Poison","Heel Hook"],"picked":"Backstab","floor":10.0},{"not_picked":["Expertise","Poisoned Stab","Concentrate"],"picked":"SKIP","floor":11.0},{"not_picked":["Skewer","Infinite Blades"],"picked":"Backflip","floor":12.0},{"not_picked":["Phantasmal Killer","Doppelganger"],"picked":"Venomology","floor":16.0},{"not_picked":["Prepared","Deflect"],"picked":"Leg Sweep","floor":18.0},{"not_picked":["Blade Dance","Calculated Gamble"],"picked":"Backflip","floor":19.0},{"not_picked":["Infinite Blades","Acrobatics"],"picked":"PiercingWail","floor":22.0},{"not_picked":["Terror","Storm of Steel"],"picked":"Dash+1","floor":23.0},{"not_picked":["Calculated Gamble","Quick Slash+1"],"picked":"Infinite Blades","floor":25.0},{"not_picked":["Outmaneuver","Bouncing Flask"],"picked":"Cloak And Dagger","floor":27.0},{"not_picked":["Underhanded Strike+1","Deadly Poison"],"picked":"Escape Plan","floor":28.0},{"not_picked":["Catalyst+1","Backstab+1"],"picked":"Leg Sweep","floor":30},{"not_picked":["Bouncing Flask","PiercingWail+1"],"picked":"Well Laid Plans","floor":31}],"player_experience":1513720,"relics_obtained":[{"floor":9.0,"key":"Oddly Smooth Stone"},{"floor":10.0,"key":"Pear"},{"floor":12.0,"key":"Letter Opener"},{"floor":23.0,"key":"Boot"},{"floor":26.0,"key":"Snake Skull"},{"floor":30,"key":"StoneCalendar"}],"event_choices":[{"damage_healed":0.0,"max_hp_gain":0.0,"max_hp_loss":0.0,"gold_gain":75.0,"event_name":"World of Goop","player_choice":"Gather Gold","floor":4.0,"gold_loss":0.0,"damage_taken":11.0},{"cards_removed":["Strike_G"],"damage_healed":0.0,"max_hp_gain":0.0,"max_hp_loss":0.0,"gold_gain":0.0,"event_name":"Golden Wing","player_choice":"Card Removal","floor":7.0,"gold_loss":0.0,"damage_taken":7.0},{"damage_healed":0.0,"max_hp_gain":0.0,"max_hp_loss":0.0,"gold_gain":50.0,"event_name":"Nest","player_choice":"Stole From Cult","floor":20.0,"gold_loss":0.0,"damage_taken":0.0},{"damage_healed":0.0,"max_hp_gain":0.0,"max_hp_loss":0.0,"gold_gain":0.0,"event_name":"The Library","player_choice":"Read","floor":21.0,"gold_loss":0.0,"damage_taken":0.0,"cards_obtained":["Deflect"]}],"is_beta":false,"boss_relics":[{"not_picked":["WristBlade","Runic Pyramid"],"picked":"Pandora\u0027s Box"}],"items_purged_floors":[14],"is_endless":false,"potions_floor_spawned":[1,2,8,11,18,19,25],"killed_by":"Champ","ascension_level":15}