{"gold_per_floor":[116,128,53,64,64,110,22,22,46,46,46,78,92,125,125,229,229,245,245,245,245,272,272,112,112,138,138,171,171,147,147,147,251,251,263,113,0,47,67,95,95,105,160,160,179,189,163,195,195,195],"floor_reached":50,"playtime":1577,"items_purged":["Strike_R","Regret","Clumsy"],"score":747,"play_id":"2f974be8-f625-4dc5-8208-d3816a07f4c1","local_time":"25610725034710","is_ascension_mode":true,"campfire_choices":[{"data":"Spot Weakness","floor":8,"key":"SMITH"},{"data":"Armaments","floor":15,"key":"SMITH"},{"data":"Clumsy","floor":23,"key":"PURGE"},{"floor":25,"key":"REST"},{"data":"Demon Form","floor":27,"key":"SMITH"},{"data":"Spot Weakness","floor":32,"key":"SMITH"},{"floor":41,"key":"REST"},{"data":"Clash","floor":44,"key":"SMITH"},{"floor":49,"key":"REST"}],"neow_cost":"NONE","seed_source_timestamp":57115723182254,"circlet_count":0,"master_deck":["Strike_R","Strike_R","Strike_R","Strike_R","Defend_R","Defend_R","Defend_R","Defend_R","Bash","Spot Weakness+1","Clash","Disarm","Armaments+1","Clash","Demon Form+1","Impervious","Shrug It Off+1","Clash+1","Spot Weakness+1","Thunderclap","Sword Boomerang","Offering","Shrug It Off+1","Iron Wave","Body Slam+1","Sword Boomerang+1","Ghostly Armor","Shrug It Off","Iron Wave+1"],"relics":["Burning Blood","MawBank","Gremlin Horn","Happy Flower","Peace Pipe","Charon\u0027s Ashes","Calling Bell","Juzu Bracelet","Matryoshka","Champion Belt","Centennial Puzzle","Orichalcum","Anchor","Ancient Tea Set","Bag of Marbles","Black Star","Oddly Smooth Stone","Red Mask","Calipers","Pen Nib","Strawberry","Tiny Chest","Bronze Scales","Boot"],"potions_floor_usage":[6,6,16,33,46,46,48],"damage_taken":[{"damage":10,"enemies":"2 Louse","floor":1,"turns":3},{"damage":12,"enemies":"Jaw Worm","floor":2,"turns":2},{"damage":9,"enemies":"Small Slimes","floor":4,"turns":4},{"damage":25,"enemies":"Gremlin Nob","floor":6,"turns":4},{"damage":21,"enemies":"Lagavulin","floor":12,"turns":5},{"damage":7,"enemies":"Looter","floor":13,"turns":3},{"damage":9,"enemies":"3 Sentries","floor":14,"turns":4},{"damage":64,"enemies":"Slime Boss","floor":16,"turns":9},{"damage":31,"enemies":"Chosen","floor":18,"turns":7},{"damage":37,"enemies":"Slavers","floor":28,"turns":8},{"damage":62,"enemies":"Automaton","floor":33,"turns":8},{"damage":17,"enemies":"3 Shapes","floor":35,"turns":3},{"damage":42,"floor":38,"turns":5},{"damage":4,"enemies":"Orb Walker","floor":39,"turns":4},{"damage":5,"enemies":"2 Orb Walkers","floor":40,"turns":3},{"damage":8,"enemies":"4 Shapes","floor":42,"turns":4},{"damage":5,"enemies":"Spire Growth","floor":45,"turns":1},{"damage":19,"enemies":"Maw","floor":46,"turns":7},{"damage":43,"enemies":"Nemesis","floor":48,"turns":10},{"damage":58,"enemies":"Donu and Deca","floor":50,"turns":8}],"seed_played":"4701624192747494326","potions_obtained":[{"floor":2,"key":"Block Potion"},{"floor":4,"key":"Swift Potion"},{"floor":14,"key":"Ancient Potion"},{"floor":28,"key":"Weak Potion"},{"floor":38,"key":"GamblersBrew"},{"floor":42,"key":"EssenceOfSteel"},{"floor":45,"key":"Energy Potion"}],"is_trial":false,"path_per_floor":["M","M","$","M","?","E","$","R","T","?","$","E","M","E","R","B",null,"M","?","?","?","T","R","$","R","T","R","E","?","$","?","R","B",null,"M","$","?","?","M","E","R","M","T","R","M","M","$","E","R"],"character_chosen":"IRONCLAD","items_purchased":["Spot Weakness","Sword Boomerang","Oddly Smooth Stone","Shrug It Off"],"campfire_rested":3,"item_purchase_floors":[24,30,36,47],"current_hp_per_floor":[68,62,62,59,59,40,40,40,40,90,90,75,74,71,71,13,71,46,46,46,46,46,46,46,73,73,73,42,90,90,90,90,34,76,65,65,65,29,31,39,68,66,66,66,67,54,54,17,46,0],"gold":195,"neow_bonus":"ONE_RANDOM_RARE_CARD","is_prod":false,"is_daily":false,"chose_seed":false,"campfire_upgraded":5,"win_rate":0,"timestamp":1532465230,"path_taken":["M","M","$","M","?","E","$","R","T","?","$","E","M","E","R","BOSS","M","?","?","?","?","R","$","R","T","R","E","?","$","?","R","BOSS","M","$","?","?","M","E","R","M","T","R","M","M","$","E","R","BOSS"],"build_version":"2018-07-19v2","purchased_purges":3,"victory":false,"max_hp_per_floor":[80,80,80,80,80,80,80,80,80,90,90,90,90,90,90,90,90,90,90,90,90,90,90,90,90,90,90,90,90,90,90,90,90,90,90,90,90,90,90,97,97,97,97,97,97,97,97,97,97,97],"card_choices":[{"not_picked":["Shrug It Off","Reckless Charge","Second Wind"],"picked":"SKIP","floor":1},{"not_picked":["Thunderclap","Entrench"],"picked":"Spot Weakness","floor":2},{"not_picked":["Searing Blow","Second Wind"],"picked":"Clash","floor":4},{"not_picked":["Sword Boomerang","Perfected Strike"],"picked":"Disarm","floor":6},{"not_picked":["Berserk","Headbutt"],"picked":"Armaments","floor":12},{"not_picked":["Clothesline","Shrug It Off"],"picked":"Clash","floor":13},{"not_picked":["Feel No Pain","Ghostly Armor"],"picked":"Demon Form","floor":14},{"not_picked":["Limit Break","Bludgeon"],"picked":"Impervious","floor":16},{"not_picked":["Thunderclap","Intimidate+1"],"picked":"Shrug It Off+1","floor":18},{"not_picked":["True Grit+1","Flex"],"picked":"Thunderclap","floor":28},{"not_picked":["Rampage","Dropkick"],"picked":"Shrug It Off+1","floor":35},{"not_picked":["Warcry","Body Slam"],"picked":"Iron Wave","floor":39},{"not_picked":["Reckless Charge","Wild Strike+1"],"picked":"Body Slam+1","floor":40},{"not_picked":["Reckless Charge+1","Wild Strike"],"picked":"Sword Boomerang+1","floor":42},{"not_picked":["Iron Wave+1","Clash","Rampage"],"picked":"SKIP","floor":45},{"not_picked":["Dropkick","Anger"],"picked":"Ghostly Armor","floor":46},{"not_picked":["Flex","Sentinel+1"],"picked":"Iron Wave+1","floor":48}],"player_experience":145644,"relics_obtained":[{"floor":6,"key":"Gremlin Horn"},{"floor":9,"key":"Happy Flower"},{"floor":12,"key":"Peace Pipe"},{"floor":14,"key":"Charon\u0027s Ashes"},{"floor":17,"key":"Juzu Bracelet"},{"floor":17,"key":"Matryoshka"},{"floor":17,"key":"Champion Belt"},{"floor":22,"key":"Centennial Puzzle"},{"floor":22,"key":"Orichalcum"},{"floor":26,"key":"Anchor"},{"floor":26,"key":"Ancient Tea Set"},{"floor":28,"key":"Bag of Marbles"},{"floor":38,"key":"Calipers"},{"floor":40,"key":"Pen Nib"},{"floor":40,"key":"Strawberry"},{"floor":43,"key":"Tiny Chest"},{"floor":48,"key":"Bronze Scales"},{"floor":48,"key":"Boot"}],"event_choices":[{"event_name":"Big Fish","player_choice":"Box","floor":5,"damage_taken":0},{"event_name":"Bonfire Elementals","player_choice":"RARE","floor":10,"damage_taken":0},{"event_name":"The Mausoleum","player_choice":"No","floor":19,"damage_taken":0},{"event_name":"Match and Keep!","player_choice":"1 cards matched","floor":20,"damage_taken":0},{"event_name":"Back to Basics","player_choice":"Elegance","floor":21,"damage_taken":0},{"event_name":"Wheel of Change","player_choice":"Full Heal","floor":29,"damage_taken":0},{"event_name":"The Library","player_choice":"Read","floor":31,"damage_taken":0},{"event_name":"Tomb of Lord Red Mask","player_choice":"Paid","floor":37,"damage_taken":0},{"event_name":"Mysterious Sphere","player_choice":"Fight","floor":38,"damage_taken":0}],"is_beta":false,"boss_relics":[{"not_picked":["Velvet Choker","Tiny House"],"picked":"Calling Bell"},{"not_picked":["Fusion Hammer","Pandora\u0027s Box"],"picked":"Black Star"}],"items_purged_floors":[3,7,24],"is_endless":false,"potions_floor_spawned":[2,4,14,28,38,42,45],"killed_by":"Donu and Deca","ascension_level":6}