{"gold_per_floor":[366,366,380,455,474,474,51,51,51,51,68,99,99,131,131,131],"floor_reached":16,"playtime":404,"items_purged":["Strike_R"],"score":216,"play_id":"bf0ddf0a-f7e7-4fd4-af89-d72f9fdc7780","local_time":"20181201191127","is_ascension_mode":true,"campfire_choices":[{"data":"Heavy Blade","floor":6,"key":"SMITH"},{"floor":8,"key":"REST"},{"floor":13,"key":"REST"},{"data":"Spot Weakness","floor":15,"key":"SMITH"}],"neow_cost":"PERCENT_DAMAGE","seed_source_timestamp":8988551388689,"circlet_count":0,"master_deck":["AscendersBane","Strike_R","Strike_R","Strike_R","Strike_R","Defend_R","Defend_R","Defend_R","Defend_R","Bash","Spot Weakness+1","Evolve","Heavy Blade+1","Shockwave","Regret","Inflame","Flame Barrier"],"relics":["Burning Blood","Mummified Hand","Darkstone Periapt","Bag of Preparation","Regal Pillow","Turnip"],"potions_floor_usage":[14,16],"damage_taken":[{"damage":19,"enemies":"Small Slimes","floor":1,"turns":4},{"damage":6,"enemies":"Jaw Worm","floor":3,"turns":4},{"damage":9,"enemies":"2 Louse","floor":5,"turns":4},{"damage":8,"enemies":"Blue Slaver","floor":11,"turns":4},{"damage":43,"enemies":"3 Sentries","floor":12,"turns":5},{"damage":16,"enemies":"Gremlin Nob","floor":14,"turns":3},{"damage":43,"enemies":"The Guardian","floor":16,"turns":9}],"seed_played":"-7114357818673983148","potions_obtained":[{"floor":1,"key":"SpeedPotion"},{"floor":3,"key":"GamblersBrew"}],"is_trial":false,"path_per_floor":["M","?","M","?","M","R","$","R","T","?","M","E","R","E","R","B"],"character_chosen":"IRONCLAD","items_purchased":["Mummified Hand","Shockwave"],"campfire_rested":2,"item_purchase_floors":[7,7],"current_hp_per_floor":[37,37,37,26,23,23,23,45,45,51,49,12,51,41,41,0],"gold":131,"neow_bonus":"TWO_FIFTY_GOLD","is_prod":false,"is_daily":false,"chose_seed":false,"campfire_upgraded":2,"win_rate":0,"timestamp":1543662687,"path_taken":["M","?","M","?","M","R","$","R","T","?","?","E","R","E","R","BOSS"],"build_version":"2018-11-15","purchased_purges":1,"victory":false,"max_hp_per_floor":[75,75,75,75,75,75,75,75,75,81,81,81,81,81,81,81],"card_choices":[{"not_picked":["Combust","Anger"],"picked":"Spot Weakness","floor":1},{"not_picked":["Clothesline","Sword Boomerang"],"picked":"Evolve","floor":3},{"not_picked":["Battle Trance","Perfected Strike"],"picked":"Heavy Blade","floor":5},{"not_picked":["Clash","Armaments"],"picked":"Inflame","floor":11},{"not_picked":["Reckless Charge","Clash"],"picked":"Flame Barrier","floor":12},{"not_picked":["Infernal Blade","Bludgeon","Corruption"],"picked":"SKIP","floor":14}],"player_experience":2239718,"relics_obtained":[{"floor":9,"key":"Darkstone Periapt"},{"floor":12,"key":"Regal Pillow"},{"floor":14,"key":"Turnip"}],"event_choices":[{"damage_healed":0,"gold_gain":0,"player_choice":"Ignored","damage_taken":0,"max_hp_gain":0,"max_hp_loss":0,"event_name":"Shining Light","floor":2,"gold_loss":0},{"damage_healed":0,"gold_gain":75,"player_choice":"Gather Gold","damage_taken":11,"max_hp_gain":0,"max_hp_loss":0,"event_name":"World of Goop","floor":4,"gold_loss":0},{"damage_healed":0,"gold_gain":0,"player_choice":"Box","damage_taken":0,"relics_obtained":["Bag of Preparation"],"max_hp_gain":0,"max_hp_loss":0,"event_name":"Big Fish","floor":10,"gold_loss":0,"cards_obtained":["Regret"]}],"is_beta":false,"boss_relics":[],"items_purged_floors":[7],"is_endless":false,"potions_floor_spawned":[1,3,12],"killed_by":"The Guardian","ascension_level":20}