{"gold_per_floor":[119,119,119,143,68,109,109,144,169,94,94,94,115,129,129,225,225,244,101,101,121,121,121,156,156,156,187,201,201,214,514,514,610,610,625,646,646,646,352,352,391,407,430,430,3,21,57,80,80,80,80,80,80,1,34,34],"floor_reached":56,"playtime":1664,"items_purged":["Strike_R","Strike_R","Strike_R","Parasite"],"score":2087,"play_id":"b3a1be68-8f20-4f5e-9491-4073162ac45c","local_time":"20181214163328","is_ascension_mode":true,"campfire_choices":[{"data":"Wild Strike","floor":7.0,"key":"SMITH"},{"data":"Evolve","floor":12.0,"key":"SMITH"},{"data":"Whirlwind","floor":15.0,"key":"SMITH"},{"data":"Fiend Fire","floor":23.0,"key":"SMITH"},{"data":"Second Wind","floor":25.0,"key":"SMITH"},{"data":"Flex","floor":32.0,"key":"SMITH"},{"data":"Limit Break","floor":40.0,"key":"SMITH"},{"floor":44.0,"key":"REST"},{"floor":49.0,"key":"RECALL"},{"data":"Feel No Pain","floor":53.0,"key":"SMITH"}],"neow_cost":"NONE","seed_source_timestamp":10579037080888,"circlet_count":0,"master_deck":["AscendersBane","Defend_R","Defend_R","Defend_R","Defend_R","Bash","Second Wind+1","Flex+1","Wild Strike+1","Evolve+1","Whirlwind+1","Fiend Fire+1","Blood for Blood","Necronomicurse","Limit Break+1","Whirlwind+1","Power Through","Shockwave","Feel No Pain+1","Sword Boomerang+1"],"special_seed":0,"relics":["Burning Blood","NeowsBlessing","Golden Idol","Bag of Marbles","Anchor","Centennial Puzzle","Vajra","Snecko Eye","Necronomicon","Mercury Hourglass","Pen Nib","Art of War","Old Coin","Cursed Key","PreservedInsect","Singing Bowl","Omamori","Oddly Smooth Stone"],"potions_floor_usage":[56],"damage_taken":[{"damage":0.0,"enemies":"2 Louse","floor":1.0,"turns":1.0},{"damage":0.0,"enemies":"Jaw Worm","floor":4.0,"turns":1.0},{"damage":0.0,"enemies":"3 Sentries","floor":6.0,"turns":2.0},{"damage":29.0,"enemies":"Lagavulin","floor":8.0,"turns":8.0},{"damage":0.0,"enemies":"Small Slimes","floor":13.0,"turns":2.0},{"damage":1.0,"enemies":"Looter","floor":14.0,"turns":2.0},{"damage":0.0,"enemies":"Slime Boss","floor":16.0,"turns":6.0},{"damage":0.0,"enemies":"3 Byrds","floor":18.0,"turns":3.0},{"damage":1.0,"enemies":"2 Thieves","floor":21.0,"turns":2.0},{"damage":20.0,"enemies":"Book of Stabbing","floor":24.0,"turns":4.0},{"damage":8.0,"enemies":"Gremlin Leader","floor":27.0,"turns":2.0},{"damage":0.0,"enemies":"Chosen and Byrds","floor":28.0,"turns":2.0},{"damage":0.0,"enemies":"Snecko","floor":30.0,"turns":2.0},{"damage":8.0,"enemies":"Champ","floor":33.0,"turns":5.0},{"damage":18.0,"enemies":"3 Shapes","floor":35.0,"turns":7.0},{"damage":13.0,"enemies":"3 Darklings","floor":36.0,"turns":3.0},{"damage":13.0,"enemies":"Giant Head","floor":41.0,"turns":3.0},{"damage":6.0,"enemies":"Writhing Mass","floor":42.0,"turns":2.0},{"damage":0.0,"enemies":"Maw","floor":46.0,"turns":4.0},{"damage":3.0,"enemies":"Nemesis","floor":47.0,"turns":3.0},{"damage":18.0,"enemies":"4 Shapes","floor":48.0,"turns":1.0},{"damage":31.0,"enemies":"Awakened One","floor":50.0,"turns":6.0},{"damage":9.0,"enemies":"Time Eater","floor":51.0,"turns":5.0},{"damage":59.0,"enemies":"Shield and Spear","floor":55.0,"turns":3.0},{"damage":48,"enemies":"The Heart","floor":56,"turns":5}],"seed_played":"7268833097844670195","potions_obtained":[{"floor":6.0,"key":"Weak Potion"},{"floor":8.0,"key":"SkillPotion"},{"floor":14.0,"key":"SteroidPotion"},{"floor":16.0,"key":"Energy Potion"},{"floor":24.0,"key":"Energy Potion"},{"floor":28.0,"key":"LiquidBronze"},{"floor":33.0,"key":"AttackPotion"},{"floor":35.0,"key":"SkillPotion"},{"floor":36.0,"key":"Ancient Potion"}],"is_trial":false,"path_per_floor":["M","?","?","M","$","E","R","E","T","?","?","R","M","M","R","B",null,"M","$","?","M","?","R","E","R","T","E","M","?","M","T","R","B",null,"M","M","?","?","$","R","E","M","T","R","$","M","E","M","R","B","B",null,"R","$","E","B"],"character_chosen":"IRONCLAD","items_purchased":["Blood for Blood","PreservedInsect","Power Through","Shockwave","Feel No Pain","PowerPotion","Ancient Potion"],"campfire_rested":1,"item_purchase_floors":[19,39,45,45,45,45,54],"current_hp_per_floor":[74,48,48,54,54,60,60,37,37,37,26,26,32,37,37,43,67,73,73,52,57,57,57,43,43,43,41,47,47,53,53,53,51,69,57,50,50,50,50,50,45,47,47,70,70,78,80,68,68,43,40,70,70,70,19,0],"gold":34,"neow_bonus":"THREE_ENEMY_KILL","is_prod":false,"is_daily":false,"chose_seed":false,"campfire_upgraded":8,"win_rate":0,"timestamp":1544776408,"path_taken":["M","?","?","M","$","E","R","E","T","?","?","R","M","M","R","BOSS","M","$","?","M","?","R","E","R","T","E","M","?","M","?","R","BOSS","M","M","?","?","$","R","E","M","T","R","$","?","E","M","R","BOSS","BOSS","R","$","E","BOSS"],"build_version":"2018-12-13","purchased_purges":4,"victory":false,"max_hp_per_floor":[75,75,75,75,75,75,75,75,75,75,75,75,75,75,75,75,75,75,75,75,75,75,75,75,75,75,75,75,75,75,75,75,75,75,75,75,75,75,75,75,77,79,79,79,76,78,80,80,80,80,80,80,80,80,82,82],"card_choices":[{"not_picked":["Perfected Strike","Dual Wield"],"picked":"Second Wind","floor":1.0},{"not_picked":["Combust","Dual Wield"],"picked":"Flex","floor":4.0},{"not_picked":["Body Slam","Perfected Strike"],"picked":"Wild Strike","floor":6.0},{"not_picked":["Juggernaut","Spot Weakness"],"picked":"Evolve","floor":8.0},{"not_picked":["Iron Wave","Shrug It Off","Perfected Strike"],"picked":"SKIP","floor":13.0},{"not_picked":["Iron Wave","Shrug It Off","Perfected Strike"],"picked":"SKIP","floor":13.0},{"not_picked":["Iron Wave","Shrug It Off","Perfected Strike"],"picked":"SKIP","floor":13.0},{"not_picked":["Intimidate","Rupture"],"picked":"Whirlwind","floor":14.0},{"not_picked":["Brutality","Reaper"],"picked":"Fiend Fire","floor":16.0},{"not_picked":["Armaments","Warcry","Second Wind"],"picked":"SKIP","floor":18.0},{"not_picked":["Clash","Sword Boomerang","Havoc"],"picked":"SKIP","floor":21.0},{"not_picked":["Flex","Headbutt","Shrug It Off"],"picked":"SKIP","floor":24.0},{"not_picked":["Searing Blow","Evolve","Flex"],"picked":"SKIP","floor":27.0},{"not_picked":["Fire Breathing","Anger","Havoc+1"],"picked":"SKIP","floor":28.0},{"not_picked":["Pummel","Cleave","Body Slam"],"picked":"SKIP","floor":30.0},{"not_picked":["Berserk","Double Tap"],"picked":"Limit Break","floor":33.0},{"not_picked":["Headbutt+1","Pommel Strike","Iron Wave"],"picked":"SKIP","floor":35.0},{"not_picked":["Warcry","Sword Boomerang","Burning Pact"],"picked":"SKIP","floor":36.0},{"not_picked":["Searing Blow","Pommel Strike+1","Sever Soul"],"picked":"Singing Bowl","floor":41.0},{"not_picked":["Hemokinesis+1","Reckless Charge","Armaments"],"picked":"Singing Bowl","floor":42.0},{"not_picked":["Thunderclap+1","Whirlwind","Clash+1"],"picked":"Singing Bowl","floor":46.0},{"not_picked":["Clothesline","Power Through","Carnage"],"picked":"Singing Bowl","floor":47.0},{"not_picked":["Headbutt","Rage"],"picked":"Sword Boomerang+1","floor":48.0},{"not_picked":["Ghostly Armor","Fiend Fire","Combust"],"picked":"Singing Bowl","floor":55.0}],"player_experience":2385832,"relics_obtained":[{"floor":6.0,"key":"Bag of Marbles"},{"floor":8.0,"key":"Anchor"},{"floor":9.0,"key":"Centennial Puzzle"},{"floor":20.0,"key":"Necronomicon"},{"floor":24.0,"key":"Mercury Hourglass"},{"floor":26.0,"key":"Pen Nib"},{"floor":27.0,"key":"Art of War"},{"floor":31.0,"key":"Old Coin"},{"floor":41.0,"key":"Singing Bowl"},{"floor":47.0,"key":"Omamori"},{"floor":55.0,"key":"Oddly Smooth Stone"}],"event_choices":[{"damage_healed":0.0,"max_hp_gain":0.0,"max_hp_loss":0.0,"gold_gain":0.0,"event_name":"Golden Idol","player_choice":"Take Damage","floor":2.0,"gold_loss":0.0,"damage_taken":26.0,"relics_obtained":["Golden Idol"]},{"damage_healed":0.0,"max_hp_gain":0.0,"max_hp_loss":0.0,"gold_gain":0.0,"event_name":"Shining Light","player_choice":"Ignored","floor":3.0,"gold_loss":0.0,"damage_taken":0.0},{"cards_removed":["Strike_R"],"damage_healed":0.0,"max_hp_gain":0.0,"max_hp_loss":0.0,"gold_gain":0.0,"event_name":"The Cleric","player_choice":"Card Removal","floor":10.0,"gold_loss":75.0,"damage_taken":0.0},{"damage_healed":0.0,"max_hp_gain":0.0,"max_hp_loss":0.0,"gold_gain":0.0,"event_name":"Scrap Ooze","player_choice":"Success","floor":11.0,"gold_loss":0.0,"damage_taken":11.0,"relics_obtained":["Vajra"]},{"damage_healed":0.0,"max_hp_gain":0.0,"max_hp_loss":0.0,"gold_gain":0.0,"event_name":"Cursed Tome","player_choice":"Obtained Book","floor":20.0,"gold_loss":0.0,"damage_taken":21.0},{"damage_healed":0.0,"max_hp_gain":0.0,"max_hp_loss":0.0,"gold_gain":0.0,"event_name":"Vampires","player_choice":"Ignored","floor":22.0,"gold_loss":0.0,"damage_taken":0.0},{"cards_removed":["Strike_R"],"damage_healed":0.0,"max_hp_gain":0.0,"max_hp_loss":0.0,"gold_gain":0.0,"event_name":"Back to Basics","player_choice":"Elegance","floor":29.0,"gold_loss":0.0,"damage_taken":0.0},{"damage_healed":0.0,"max_hp_gain":0.0,"max_hp_loss":0.0,"gold_gain":0.0,"event_name":"Tomb of Lord Red Mask","player_choice":"Ignored","floor":37.0,"gold_loss":0.0,"damage_taken":0.0},{"damage_healed":0.0,"max_hp_gain":0.0,"max_hp_loss":0.0,"gold_gain":0.0,"event_name":"Duplicator","player_choice":"Copied","floor":38.0,"gold_loss":0.0,"damage_taken":0.0,"cards_obtained":["Whirlwind"]}],"is_beta":false,"boss_relics":[{"not_picked":["Astrolabe","Fusion Hammer"],"picked":"Snecko Eye"},{"not_picked":["Sozu","Runic Dome"],"picked":"Cursed Key"}],"items_purged_floors":[5,19,39,45],"is_endless":false,"potions_floor_spawned":[6,8,14,16,24,28,33,35,36,48],"killed_by":"The Heart","ascension_level":20}