{"gold_per_floor":[212,232,242,262,279,311,330,330,330,330,343,63,81,115,115,217,517,527,527,527,203,218,218,118,118,168,194,31,50,65,81,81,185,185,195,195,145,162,172,202,202,218,218,231,246,246,346,47,47,47],"floor_reached":51,"playtime":7383,"items_purged":["Normality","Normality","Clumsy"],"score":720,"play_id":"6081cbf2-f1d8-4b0d-954c-4e819e0025b2","local_time":"20190323104502","is_ascension_mode":false,"campfire_choices":[{"data":"Footwork","floor":8,"key":"SMITH"},{"data":"Noxious Fumes","floor":10,"key":"SMITH"},{"floor":15,"key":"REST"},{"floor":23,"key":"REST"},{"data":"Apotheosis","floor":25,"key":"SMITH"},{"data":"Well Laid Plans","floor":32,"key":"SMITH"},{"floor":41,"key":"REST"},{"data":"Acrobatics","floor":49,"key":"SMITH"}],"neow_cost":"NONE","seed_source_timestamp":692613674510900,"circlet_count":0,"master_deck":["Defend_G","Defend_G","Defend_G","Defend_G","Defend_G","Strike_G","Strike_G","Strike_G","Strike_G","Strike_G","Survivor","Neutralize","Backstab","Footwork+1","Flying Knee","Noxious Fumes+1","Deadly Poison","Noxious Fumes","Adrenaline","Apotheosis+1","Well Laid Plans+1","Acrobatics+1","Backflip+1","Tactician"],"relics":["Ring of the Snake","Bronze Scales","Du-Vu Doll","TwistedFunnel","Bag of Preparation","Calling Bell","Old Coin","Singing Bowl","Omamori","MawBank","Philosopher\u0027s Stone","Unceasing Top","Bottled Tornado","Lee\u0027s Waffle"],"potions_floor_usage":[6,6,7,14,16,30,31,38,38,44,44,50,50,50],"damage_taken":[{"damage":2,"enemies":"Small Slimes","floor":1,"turns":5},{"damage":0,"enemies":"2 Louse","floor":2,"turns":1},{"damage":0,"enemies":"Jaw Worm","floor":3,"turns":5},{"damage":0,"enemies":"2 Fungi Beasts","floor":4,"turns":5},{"damage":0,"enemies":"Looter","floor":5,"turns":4},{"damage":5,"enemies":"Gremlin Nob","floor":6,"turns":4},{"damage":0,"enemies":"Lots of Slimes","floor":7,"turns":4},{"damage":5,"enemies":"Exordium Thugs","floor":11,"turns":3},{"damage":1,"enemies":"Red Slaver","floor":13,"turns":3},{"damage":10,"enemies":"3 Sentries","floor":14,"turns":6},{"damage":22,"enemies":"Slime Boss","floor":16,"turns":9},{"damage":15,"enemies":"3 Byrds","floor":18,"turns":3},{"damage":10,"enemies":"Shell Parasite","floor":22,"turns":5},{"damage":2,"enemies":"Shelled Parasite and Fungi","floor":27,"turns":4},{"damage":2,"enemies":"Centurion and Healer","floor":29,"turns":5},{"damage":4,"enemies":"Sentry and Sphere","floor":30,"turns":6},{"damage":0,"enemies":"3 Cultists","floor":31,"turns":5},{"damage":55,"enemies":"Champ","floor":33,"turns":13},{"damage":14,"enemies":"Orb Walker","floor":35,"turns":5},{"damage":4,"enemies":"3 Darklings","floor":38,"turns":5},{"damage":28,"enemies":"Sphere and 2 Shapes","floor":39,"turns":5},{"damage":3,"enemies":"Giant Head","floor":40,"turns":10},{"damage":0,"enemies":"Maw","floor":42,"turns":7},{"damage":3,"enemies":"Transient","floor":44,"turns":5},{"damage":36,"enemies":"3 Darklings","floor":45,"turns":4},{"damage":63,"enemies":"Donu and Deca","floor":50,"turns":11}],"seed_played":"4849650326864641798","potions_obtained":[{"floor":2,"key":"Strength Potion"},{"floor":3,"key":"PowerPotion"},{"floor":6,"key":"PowerPotion"},{"floor":7,"key":"FearPotion"},{"floor":14,"key":"SteroidPotion"},{"floor":22,"key":"Fire Potion"},{"floor":30,"key":"Regen Potion"},{"floor":33,"key":"PowerPotion"},{"floor":35,"key":"Energy Potion"},{"floor":40,"key":"Dexterity Potion"},{"floor":45,"key":"Dexterity Potion"}],"is_trial":false,"path_per_floor":["M","M","M","M","M","E","M","R","T","R","M","$","M","E","R","B",null,"M","?","?","$","M","R","$","R","T","M","$","M","M","M","R","B",null,"M","?","$","M","M","E","R","M","T","M","M","?","?","$","R","B",null],"character_chosen":"THE_SILENT","items_purchased":["TwistedFunnel","Noxious Fumes","Apotheosis","Well Laid Plans","PowerPotion","Acrobatics","Lee\u0027s Waffle","Swift Potion","AttackPotion"],"campfire_rested":3,"item_purchase_floors":[12,12,21,21,28,37,48,48,48],"current_hp_per_floor":[68,68,68,68,68,63,63,63,63,63,58,58,57,47,68,46,70,57,57,44,44,36,59,59,59,59,59,59,59,57,74,74,21,89,77,77,77,73,47,44,71,73,73,72,38,99,99,106,106,43],"gold":47,"neow_bonus":"HUNDRED_GOLD","is_prod":false,"is_daily":false,"chose_seed":false,"campfire_upgraded":5,"win_rate":0.0,"timestamp":1553330702,"path_taken":["M","M","M","M","M","E","M","R","T","R","M","$","M","E","R","BOSS","M","?","?","$","M","R","?","R","T","M","$","M","M","M","R","BOSS","M","?","$","M","M","E","R","M","T","M","M","?","?","$","R","BOSS"],"build_version":"2019-01-23","purchased_purges":3,"victory":true,"max_hp_per_floor":[70,70,70,70,70,70,70,70,70,70,70,70,70,70,70,70,70,72,72,77,77,79,79,79,79,79,81,81,83,85,87,87,89,89,91,91,91,91,93,93,93,95,95,97,99,99,99,106,106,106],"card_choices":[{"not_picked":["Prepared","Dagger Throw"],"picked":"Backstab","floor":1},{"not_picked":["Deflect","Crippling Poison"],"picked":"Footwork","floor":2},{"not_picked":["Slice","Outmaneuver"],"picked":"Flying Knee","floor":3},{"not_picked":["Dagger Throw","PiercingWail","Deflect"],"picked":"SKIP","floor":4},{"not_picked":["Dagger Spray","Dash"],"picked":"Noxious Fumes","floor":5},{"not_picked":["Sucker Punch","Calculated Gamble","Deflect"],"picked":"SKIP","floor":6},{"not_picked":["Dash","Prepared","Dodge and Roll"],"picked":"SKIP","floor":7},{"not_picked":["Dagger Spray","Unload"],"picked":"Deadly Poison","floor":11},{"not_picked":["Expertise","Sucker Punch","PiercingWail"],"picked":"SKIP","floor":13},{"not_picked":["Expertise","Envenom","Dagger Throw"],"picked":"SKIP","floor":14},{"not_picked":["Wraith Form v2","Venomology"],"picked":"Adrenaline","floor":16},{"not_picked":["Choke","Dagger Spray","Poisoned Stab+1"],"picked":"Singing Bowl","floor":18},{"not_picked":["Calculated Gamble","All Out Attack","Bane"],"picked":"Singing Bowl","floor":22},{"not_picked":["Deflect+1","Quick Slash","Flechettes+1"],"picked":"Singing Bowl","floor":27},{"not_picked":["Prepared","Blur","Noxious Fumes+1"],"picked":"Singing Bowl","floor":29},{"not_picked":["Dagger Throw+1","Slice","Distraction"],"picked":"Singing Bowl","floor":30},{"not_picked":["Poisoned Stab+1","Outmaneuver","Flechettes"],"picked":"Singing Bowl","floor":31},{"not_picked":["Glass Knife","Envenom","Venomology"],"picked":"Singing Bowl","floor":33},{"not_picked":["Poisoned Stab+1","Dagger Spray","Deflect+1"],"picked":"Singing Bowl","floor":35},{"not_picked":["Reflex+1","Dagger Throw+1"],"picked":"Backflip+1","floor":38},{"not_picked":["Slice","Underhanded Strike","Sucker Punch"],"picked":"Singing Bowl","floor":39},{"not_picked":["Dodge and Roll","Catalyst"],"picked":"Tactician","floor":40},{"not_picked":["Sucker Punch+1","Deadly Poison+1","Unload"],"picked":"Singing Bowl","floor":42},{"not_picked":["Underhanded Strike+1","Blade Dance+1","Predator"],"picked":"Singing Bowl","floor":44},{"not_picked":["Poisoned Stab","Blade Dance+1","Sucker Punch+1"],"picked":"Singing Bowl","floor":45}],"player_experience":58502,"relics_obtained":[{"floor":6,"key":"Bronze Scales"},{"floor":9,"key":"Du-Vu Doll"},{"floor":14,"key":"Bag of Preparation"},{"floor":17,"key":"Old Coin"},{"floor":17,"key":"Singing Bowl"},{"floor":17,"key":"Omamori"},{"floor":26,"key":"MawBank"},{"floor":40,"key":"Unceasing Top"},{"floor":43,"key":"Bottled Tornado"}],"event_choices":[{"damage_healed":0,"gold_gain":0,"player_choice":"Ignored","damage_taken":0,"max_hp_gain":0,"max_hp_loss":0,"event_name":"The Mausoleum","floor":19,"gold_loss":0},{"damage_healed":0,"gold_gain":0,"player_choice":"Shed Blood","damage_taken":18,"max_hp_gain":5,"max_hp_loss":0,"event_name":"Forgotten Altar","floor":20,"gold_loss":0},{"damage_healed":0,"gold_gain":0,"player_choice":"Ignored","damage_taken":0,"max_hp_gain":0,"max_hp_loss":0,"event_name":"Tomb of Lord Red Mask","floor":36,"gold_loss":0},{"damage_healed":61,"gold_gain":0,"player_choice":"Heal","damage_taken":0,"max_hp_gain":0,"max_hp_loss":0,"event_name":"MindBloom","floor":46,"gold_loss":0,"cards_obtained":["Doubt"]},{"damage_healed":0,"gold_gain":100,"player_choice":"Pray","damage_taken":0,"max_hp_gain":0,"max_hp_loss":0,"event_name":"Golden Shrine","floor":47,"gold_loss":0}],"is_beta":false,"boss_relics":[{"not_picked":["Busted Crown","HoveringKite"],"picked":"Calling Bell"},{"not_picked":["Eternal Feather","Orrery"],"picked":"Philosopher\u0027s Stone"}],"items_purged_floors":[21,24,28],"is_endless":false,"potions_floor_spawned":[2,3,6,7,14,22,30,33,35,40,45],"ascension_level":0}