{"gold_per_floor":[119,130,78,89,99,99,99,132,187,234,246,273,314,344,356,368],"floor_reached":16,"playtime":589,"items_purged":[],"score":196,"play_id":"9ae3a0d3-281f-4b3a-b00b-9d5cbc5d9a14","local_time":"20190328130025","is_ascension_mode":true,"campfire_choices":[{"data":"Uppercut","floor":6.0,"key":"SMITH"},{"data":"Feel No Pain","floor":11.0,"key":"SMITH"},{"data":"Metallicize","floor":15.0,"key":"SMITH"}],"neow_cost":"NONE","seed_source_timestamp":20128452164949,"circlet_count":0,"master_deck":["AscendersBane","Strike_R","Strike_R","Strike_R","Strike_R","Defend_R","Defend_R","Defend_R","Defend_R","Bash","Anger","Rampage","Headbutt","Uppercut+1","Sword Boomerang","Sentinel","Feel No Pain+1","Second Wind","Twin Strike","Metallicize+1","Shrug It Off"],"special_seed":0,"relics":["Burning Blood","Matryoshka","Dream Catcher","MawBank","Darkstone Periapt","Odd Mushroom"],"potions_floor_usage":[16],"damage_taken":[{"damage":0.0,"enemies":"2 Louse","floor":1.0,"turns":5.0},{"damage":6.0,"enemies":"Cultist","floor":2.0,"turns":3.0},{"damage":12.0,"enemies":"Jaw Worm","floor":4.0,"turns":3.0},{"damage":6.0,"enemies":"3 Louse","floor":5.0,"turns":3.0},{"damage":8.0,"enemies":"Lagavulin","floor":8.0,"turns":5.0},{"damage":22.0,"enemies":"3 Sentries","floor":10.0,"turns":9.0},{"damage":9.0,"enemies":"Looter","floor":12.0,"turns":3.0},{"damage":30.0,"enemies":"The Mushroom Lair","floor":13.0,"turns":5.0},{"damage":0.0,"enemies":"Large Slime","floor":14.0,"turns":5.0},{"damage":37,"enemies":"Slime Boss","floor":16,"turns":9}],"seed_played":"-4822300046531492213","potions_obtained":[{"floor":0.0,"key":"Block Potion"},{"floor":0.0,"key":"Dexterity Potion"},{"floor":8.0,"key":"SkillPotion"}],"is_trial":false,"path_per_floor":["M","M","$","M","M","R","?","E","T","E","R","M","?","M","R","B"],"character_chosen":"IRONCLAD","items_purchased":["Headbutt"],"campfire_rested":0,"item_purchase_floors":[3],"current_hp_per_floor":[74,74,74,68,68,68,68,66,66,50,50,47,23,29,29,0],"gold":368,"neow_bonus":"THREE_SMALL_POTIONS","is_prod":false,"is_daily":false,"chose_seed":false,"campfire_upgraded":3,"win_rate":0,"timestamp":1553803225,"path_taken":["M","M","$","M","M","R","?","E","T","E","R","?","?","M","R","BOSS"],"build_version":"2019-01-23","purchased_purges":0,"victory":false,"max_hp_per_floor":[75,75,75,75,75,75,75,75,75,75,75,75,75,75,75,75],"card_choices":[{"not_picked":["Pommel Strike","Perfected Strike"],"picked":"Anger","floor":1.0},{"not_picked":["Warcry","Battle Trance"],"picked":"Rampage","floor":2.0},{"not_picked":["Rage","Wild Strike"],"picked":"Uppercut","floor":4.0},{"not_picked":["Clothesline","Hemokinesis"],"picked":"Sword Boomerang","floor":5.0},{"not_picked":["Rage","Clash"],"picked":"Feel No Pain","floor":8.0},{"not_picked":["Heavy Blade","Sever Soul"],"picked":"Second Wind","floor":10.0},{"not_picked":["Clothesline","Heavy Blade"],"picked":"Twin Strike","floor":12.0},{"not_picked":["Iron Wave","Entrench"],"picked":"Metallicize","floor":13.0},{"not_picked":["Iron Wave","Clash"],"picked":"Shrug It Off","floor":14.0}],"player_experience":2394375,"relics_obtained":[{"floor":8.0,"key":"Matryoshka"},{"floor":9.0,"key":"Dream Catcher"},{"floor":9.0,"key":"MawBank"},{"floor":10.0,"key":"Darkstone Periapt"},{"floor":13.0,"key":"Odd Mushroom"}],"event_choices":[{"damage_healed":0.0,"max_hp_gain":0.0,"max_hp_loss":0.0,"gold_gain":0.0,"cards_transformed":["Strike_R"],"event_name":"Transmorgrifier","player_choice":"Transformed","floor":7.0,"gold_loss":0.0,"damage_taken":0.0,"cards_obtained":["Sentinel"]},{"damage_healed":0.0,"max_hp_gain":0.0,"max_hp_loss":0.0,"gold_gain":0.0,"event_name":"Mushrooms","player_choice":"Fought Mushrooms","floor":13.0,"gold_loss":0.0,"damage_taken":0.0}],"is_beta":false,"boss_relics":[],"items_purged_floors":[],"is_endless":false,"potions_floor_spawned":[1,4,8],"killed_by":"Slime Boss","ascension_level":15}