{"gold_per_floor":[110,35,52,52,52,52,52,81,81,97,126,126,126,145,145,217,217,231,231,249,249,268,268,301,301,301,301,331,22,35,46,46,122,122,140,140,191,203,203,229,229,256,256,275,275,675,675,709,709,709,709,709,709,149,181,181],"floor_reached":57,"playtime":3886,"items_purged":["Strike_B","Defend_B","Auto Shields"],"score":3468,"play_id":"4066c6b3-c920-4ac9-9175-7db06a919d36","local_time":"20190409212744","is_ascension_mode":true,"campfire_choices":[{"data":"Redo","floor":6.0,"key":"SMITH"},{"floor":13.0,"key":"REST"},{"data":"Fission","floor":15.0,"key":"SMITH"},{"floor":23.0,"key":"REST"},{"data":"Seek","floor":32.0,"key":"SMITH"},{"data":"Apotheosis","floor":41.0,"key":"SMITH"},{"data":"Skim","floor":45.0,"key":"SMITH"},{"data":"Heatsinks","floor":47.0,"key":"SMITH"},{"floor":49.0,"key":"RECALL"},{"data":"Turbo","floor":53,"key":"SMITH"}],"neow_cost":"PERCENT_DAMAGE","seed_source_timestamp":0,"circlet_count":0,"master_deck":["AscendersBane","Defend_B","Defend_B","Zap","Dualcast+1","Rainbow","Redo+1","Coolheaded","Creative AI","BootSequence","Genetic Algorithm","Fission+1","Skim+1","Seek+1","Creative AI","Hologram","Self Repair","Turbo+1","Coolheaded+1","Electrodynamics","Consume","Apotheosis+1","Panacea","Secret Technique","Storm","Heatsinks+1","Creative AI+1","Creative AI+1","Coolheaded","Coolheaded"],"special_seed":0,"relics":["Cracked Core","Question Card","Lantern","Dead Branch","Regal Pillow","Nuclear Battery","Cables","Mummified Hand","Vajra","Medical Kit","Lizard Tail","Anchor","Dream Catcher","Bag of Marbles","Old Coin","Frozen Egg 2","Bronze Scales","Blue Candle"],"potions_floor_usage":[51,56],"damage_taken":[{"damage":4.0,"enemies":"Jaw Worm","floor":1.0,"turns":4.0},{"damage":0.0,"enemies":"Small Slimes","floor":3.0,"turns":4.0},{"damage":46.0,"enemies":"Gremlin Nob","floor":8.0,"turns":4.0},{"damage":0.0,"enemies":"Cultist","floor":10.0,"turns":3.0},{"damage":0.0,"enemies":"Lagavulin","floor":11.0,"turns":7.0},{"damage":5.0,"enemies":"Exordium Wildlife","floor":14.0,"turns":3.0},{"damage":0.0,"enemies":"The Guardian","floor":16.0,"turns":7.0},{"damage":9.0,"enemies":"Shell Parasite","floor":18.0,"turns":3.0},{"damage":0.0,"enemies":"2 Thieves","floor":20.0,"turns":4.0},{"damage":23.0,"enemies":"Shelled Parasite and Fungi","floor":22.0,"turns":7.0},{"damage":24.0,"enemies":"Book of Stabbing","floor":24.0,"turns":4.0},{"damage":4.0,"enemies":"Slavers","floor":28.0,"turns":5.0},{"damage":0.0,"enemies":"3 Cultists","floor":30.0,"turns":3.0},{"damage":0.0,"enemies":"Chosen and Byrds","floor":31.0,"turns":3.0},{"damage":0.0,"enemies":"Collector","floor":33.0,"turns":8.0},{"damage":0.0,"enemies":"Orb Walker","floor":35.0,"turns":2.0},{"damage":0.0,"enemies":"3 Darklings","floor":38.0,"turns":1.0},{"damage":0.0,"enemies":"Reptomancer","floor":40.0,"turns":4.0},{"damage":0.0,"enemies":"Nemesis","floor":42.0,"turns":5.0},{"damage":0.0,"enemies":"Maw","floor":44.0,"turns":7.0},{"damage":0.0,"enemies":"Mind Bloom Boss Battle","floor":46.0,"turns":2.0},{"damage":0.0,"enemies":"Reptomancer","floor":48.0,"turns":2.0},{"damage":0.0,"enemies":"Awakened One","floor":50.0,"turns":7.0},{"damage":0,"enemies":"Donu and Deca","floor":51,"turns":4},{"damage":0,"enemies":"Shield and Spear","floor":55,"turns":1},{"damage":23,"enemies":"The Heart","floor":56,"turns":6}],"seed_played":"132255054130420879","potions_obtained":[{"floor":3.0,"key":"Strength Potion"},{"floor":11.0,"key":"AttackPotion"},{"floor":14.0,"key":"GamblersBrew"},{"floor":16.0,"key":"FocusPotion"},{"floor":28.0,"key":"SteroidPotion"},{"floor":35.0,"key":"FocusPotion"},{"floor":40.0,"key":"SkillPotion"}],"is_trial":false,"path_per_floor":["M","$","M","?","?","R","?","E","T","M","E","?","R","M","R","B",null,"M","?","M","?","M","R","E","?","T","?","E","$","M","M","R","B",null,"M","?","T","M","?","E","R","E","T","M","R","?","R","E","R","B","B",null,"R","$","E","B",null],"character_chosen":"DEFECT","items_purchased":["Medical Kit","Creative AI+1","Swift Potion","Bronze Scales","Coolheaded"],"campfire_rested":2,"item_purchase_floors":[29,54,54,54,54],"current_hp_per_floor":[42,42,42,24,47,47,47,1,1,1,1,1,37,32,32,32,61,52,52,52,52,29,65,48,48,48,48,51,51,58,65,65,71,71,71,71,71,71,61,71,71,71,71,71,71,71,71,71,71,71,71,71,71,71,71,55],"gold":181,"neow_bonus":"THREE_RARE_CARDS","is_prod":false,"is_daily":false,"chose_seed":false,"campfire_upgraded":7,"win_rate":0,"timestamp":1554816464,"path_taken":["M","$","M","?","?","R","?","E","T","?","E","?","R","M","R","BOSS","M","?","M","?","?","R","E","?","T","?","E","?","M","M","R","BOSS","M","?","?","M","?","E","R","E","T","M","R","?","R","E","R","BOSS","BOSS","R","$","E","BOSS"],"build_version":"2019-04-04","purchased_purges":3,"victory":true,"max_hp_per_floor":[71,71,71,71,71,71,71,71,71,71,71,71,71,71,71,71,71,71,71,71,71,71,71,71,71,71,71,71,71,71,71,71,71,71,71,71,71,71,71,71,71,71,71,71,71,71,71,71,71,71,71,71,71,71,71,71],"card_choices":[{"not_picked":["Thunder Strike","Reboot"],"picked":"Rainbow","floor":0.0},{"not_picked":["Leap","Force Field"],"picked":"Redo","floor":1.0},{"not_picked":["Auto Shields","Double Energy"],"picked":"Coolheaded","floor":3.0},{"not_picked":["Hologram","Gash","Melter"],"picked":"Creative AI","floor":8.0},{"not_picked":["Turbo","Aggregate","Compile Driver"],"picked":"BootSequence","floor":10.0},{"not_picked":["Rip and Tear","Streamline","Auto Shields"],"picked":"Genetic Algorithm","floor":11.0},{"not_picked":["Cold Snap","Go for the Eyes","Barrage"],"picked":"Skim","floor":14.0},{"not_picked":["Multi-Cast","Echo Form","Thunder Strike"],"picked":"Seek","floor":16.0},{"not_picked":["Sunder","Lockon","Redo","Loop"],"picked":"SKIP","floor":18.0},{"not_picked":["Stack","Rebound","Undo"],"picked":"Hologram","floor":20.0},{"not_picked":["Consume","Fusion","BootSequence"],"picked":"Self Repair","floor":22.0},{"not_picked":["Beam Cell+1","Darkness","Hello World"],"picked":"Cold Snap","floor":24.0},{"not_picked":["Stack","Genetic Algorithm","All For One","Gash"],"picked":"SKIP","floor":28.0},{"not_picked":["White Noise","Blizzard","Compile Driver"],"picked":"Turbo","floor":30.0},{"not_picked":["Streamline","Beam Cell","Sunder"],"picked":"Coolheaded+1","floor":31.0},{"not_picked":["All For One","Thunder Strike","Biased Cognition"],"picked":"Electrodynamics","floor":33.0},{"not_picked":["BootSequence","Steam","Hologram","Stack+1"],"picked":"SKIP","floor":35.0},{"not_picked":["Stack","Gash","Ball Lightning"],"picked":"Consume","floor":38.0},{"not_picked":["Panacea","Secret Weapon","Panache"],"picked":"Apotheosis","floor":39.0},{"not_picked":["Forethought","PanicButton","Impatience"],"picked":"Panacea","floor":39.0},{"not_picked":["HandOfGreed","PanicButton","Dark Shackles"],"picked":"Secret Technique","floor":39.0},{"not_picked":["Leap+1","Compile Driver","Multi-Cast","Redo"],"picked":"SKIP","floor":40.0},{"not_picked":["Auto Shields","Leap","Sweeping Beam","Conserve Battery"],"picked":"SKIP","floor":42.0},{"not_picked":["Ball Lightning","Sunder","Tempest"],"picked":"Storm","floor":44.0},{"not_picked":["Sunder","Streamline","Sweeping Beam"],"picked":"Heatsinks","floor":46.0},{"not_picked":["Meteor Strike","Fusion+1","Gash+1"],"picked":"Creative AI","floor":48.0},{"not_picked":["Melter","BootSequence+1","Blizzard"],"picked":"Coolheaded","floor":55}],"player_experience":1374560,"relics_obtained":[{"floor":8.0,"key":"Lantern"},{"floor":9.0,"key":"Dead Branch"},{"floor":11.0,"key":"Regal Pillow"},{"floor":24.0,"key":"Cables"},{"floor":26.0,"key":"Mummified Hand"},{"floor":28.0,"key":"Vajra"},{"floor":40.0,"key":"Anchor"},{"floor":42.0,"key":"Dream Catcher"},{"floor":43.0,"key":"Bag of Marbles"},{"floor":46.0,"key":"Old Coin"},{"floor":48.0,"key":"Frozen Egg 2"},{"floor":55,"key":"Blue Candle"}],"event_choices":[{"damage_healed":0.0,"max_hp_gain":0.0,"max_hp_loss":0.0,"gold_gain":0.0,"event_name":"Scrap Ooze","player_choice":"Success","floor":4.0,"gold_loss":0.0,"damage_taken":18.0,"relics_obtained":["Question Card"]},{"damage_healed":23.0,"max_hp_gain":0.0,"max_hp_loss":0.0,"gold_gain":0.0,"event_name":"Big Fish","player_choice":"Banana","floor":5.0,"gold_loss":0.0,"damage_taken":0.0},{"damage_healed":0.0,"max_hp_gain":0.0,"max_hp_loss":0.0,"gold_gain":0.0,"event_name":"Accursed Blacksmith","player_choice":"Forge","floor":7.0,"gold_loss":0.0,"damage_taken":0.0,"cards_upgraded":["Dualcast"]},{"damage_healed":0.0,"max_hp_gain":0.0,"max_hp_loss":0.0,"gold_gain":0.0,"cards_transformed":["Strike_B"],"event_name":"Living Wall","player_choice":"Change","floor":12.0,"gold_loss":0.0,"damage_taken":0.0,"cards_obtained":["Fission"]},{"damage_healed":0.0,"max_hp_gain":0.0,"max_hp_loss":0.0,"gold_gain":0.0,"cards_transformed":["Strike_B","Strike_B"],"event_name":"Drug Dealer","player_choice":"Became Test Subject","floor":19.0,"gold_loss":0.0,"damage_taken":0.0,"cards_obtained":["Auto Shields","Creative AI"]},{"cards_removed":["Defend_B"],"damage_healed":0.0,"max_hp_gain":0.0,"max_hp_loss":0.0,"gold_gain":0.0,"event_name":"Back to Basics","player_choice":"Elegance","floor":21.0,"gold_loss":0.0,"damage_taken":0.0},{"damage_healed":0.0,"max_hp_gain":0.0,"max_hp_loss":0.0,"gold_gain":0.0,"event_name":"The Mausoleum","player_choice":"Ignored","floor":25.0,"gold_loss":0.0,"damage_taken":0.0},{"damage_healed":0.0,"max_hp_gain":0.0,"max_hp_loss":0.0,"gold_gain":0.0,"event_name":"Vampires","player_choice":"Ignored","floor":27.0,"gold_loss":0.0,"damage_taken":0.0},{"cards_removed":["Cold Snap"],"damage_healed":0.0,"max_hp_gain":0.0,"max_hp_loss":0.0,"gold_gain":0.0,"event_name":"Falling","player_choice":"Removed Attack","floor":36.0,"gold_loss":0.0,"damage_taken":0.0},{"damage_healed":0.0,"max_hp_gain":0.0,"max_hp_loss":0.0,"gold_gain":0.0,"event_name":"SensoryStone","player_choice":"Memory 3","floor":39.0,"gold_loss":0.0,"damage_taken":10.0},{"damage_healed":0.0,"max_hp_gain":0.0,"max_hp_loss":0.0,"gold_gain":0.0,"event_name":"MindBloom","player_choice":"Fight","floor":46.0,"gold_loss":0.0,"damage_taken":0.0}],"is_beta":true,"boss_relics":[{"not_picked":["Snecko Eye","Empty Cage"],"picked":"Nuclear Battery"},{"not_picked":["Pandora\u0027s Box","FrozenCore"],"picked":"Lizard Tail"}],"items_purged_floors":[2,29,54],"is_endless":false,"potions_floor_spawned":[3,11,14,16,18,20,28,30,35,40,48],"ascension_level":20}