{"gold_per_floor":[116,266,266,316,336,365,365,377,430,430,450,465,490,507,507,582,582,582,582,582,507,507,507,507,507,507,422,422,422,422,422,422,422,422,422,422,238,238,238,238,238,238,238,238,238,92,92,92,92,92,92],"floor_reached":51,"playtime":1953,"items_purged":["Strike_B","Pain"],"score":1396,"play_id":"451b19ff-22fe-48b9-92f9-f2894b17bd77","local_time":"20190207120214","is_ascension_mode":true,"campfire_choices":[{"data":"Zap","floor":7,"key":"SMITH"},{"data":"Dualcast","floor":10,"key":"SMITH"},{"data":"Ball Lightning","floor":15,"key":"SMITH"},{"floor":23,"key":"REST"},{"floor":25,"key":"REST"},{"floor":28,"key":"REST"},{"floor":32,"key":"REST"},{"data":"Go for the Eyes","floor":40,"key":"SMITH"},{"data":"Capacitor","floor":47,"key":"SMITH"},{"floor":49,"key":"REST"}],"neow_cost":"NONE","seed_source_timestamp":11954468500457,"circlet_count":0,"master_deck":["AscendersBane","Strike_B","Strike_B","Strike_B","Defend_B","Defend_B","Defend_B","Defend_B","Zap+1","Dualcast+1","Ball Lightning","Sweeping Beam","Gash","Ball Lightning","White Noise","Steam","Coolheaded","Electrodynamics","Cold Snap","Go for the Eyes+1","Glacier","Reinforced Body","Rainbow","Undo","Sunder","Consume+1","Loop","Conserve Battery","Capacitor+1"],"special_seed":0,"relics":["Cracked Core","NeowsBlessing","Orichalcum","Oddly Smooth Stone","Kunai","Ectoplasm","Blood Vial","Strawberry","Incense Burner","Sundial","Snecko Eye","WarpedTongs","DataDisk","Gambling Chip","Meat on the Bone","Smiling Mask"],"potions_floor_usage":[11,16,24,33,41,51,51],"damage_taken":[{"damage":0.0,"enemies":"2 Louse","floor":1.0,"turns":1.0},{"damage":0,"enemies":"Small Slimes","floor":5,"turns":1},{"damage":0,"enemies":"Lagavulin","floor":6,"turns":1},{"damage":2,"enemies":"Jaw Worm","floor":8,"turns":2},{"damage":0,"enemies":"Gremlin Gang","floor":11,"turns":1},{"damage":0,"enemies":"Exordium Thugs","floor":12,"turns":3},{"damage":27,"enemies":"Gremlin Nob","floor":13,"turns":4},{"damage":4,"enemies":"Large Slime","floor":14,"turns":3},{"damage":15,"enemies":"Hexaghost","floor":16,"turns":8},{"damage":6,"enemies":"Chosen","floor":18,"turns":3},{"damage":43,"enemies":"Book of Stabbing","floor":24,"turns":5},{"damage":10,"enemies":"Gremlin Leader","floor":29,"turns":5},{"damage":6,"enemies":"3 Byrds","floor":30,"turns":2},{"damage":18,"enemies":"Snake Plant","floor":31,"turns":4},{"damage":52,"enemies":"Champ","floor":33,"turns":18},{"damage":3,"enemies":"Orb Walker","floor":35,"turns":3},{"damage":2,"enemies":"3 Shapes","floor":39,"turns":2},{"damage":9,"enemies":"Nemesis","floor":41,"turns":7},{"damage":0,"enemies":"Spire Growth","floor":42,"turns":6},{"damage":0,"enemies":"Maw","floor":44,"turns":9},{"damage":0,"enemies":"Transient","floor":48,"turns":6},{"damage":70,"enemies":"Donu and Deca","floor":50,"turns":18},{"damage":30,"enemies":"Awakened One","floor":51,"turns":3}],"seed_played":"1827951886711806783","potions_obtained":[{"floor":5,"key":"Explosive Potion"},{"floor":13,"key":"SkillPotion"},{"floor":14,"key":"GamblersBrew"},{"floor":16,"key":"Dexterity Potion"},{"floor":30,"key":"Energy Potion"},{"floor":39,"key":"LiquidBronze"},{"floor":41,"key":"Fire Potion"},{"floor":42,"key":"Energy Potion"}],"is_trial":false,"path_per_floor":["M","?","?","?","M","E","R","M","T","R","M","M","E","M","R","B",null,"M","?","?","$","?","R","E","R","T","?","R","E","M","M","R","B",null,"M","?","$","T","M","R","E","M","T","M","?","?","R","M","R","B","B"],"character_chosen":"DEFECT","items_purchased":["Sunder"],"campfire_rested":5,"item_purchase_floors":[37],"current_hp_per_floor":[64,64,57,50,50,50,50,48,48,48,48,48,21,17,17,2,54,48,48,48,48,28,50,7,29,36,36,60,52,48,32,56,6,64,63,63,63,63,63,63,56,58,58,60,60,60,60,62,83,25,0],"gold":92,"neow_bonus":"THREE_ENEMY_KILL","is_prod":false,"is_daily":false,"chose_seed":false,"campfire_upgraded":5,"win_rate":0,"timestamp":1549569734,"path_taken":["M","?","?","?","M","E","R","?","T","R","M","M","E","M","R","BOSS","M","?","?","$","?","R","E","R","T","?","R","E","M","?","R","BOSS","M","?","$","?","M","R","E","?","T","M","?","?","R","M","R","BOSS","BOSS"],"build_version":"2019-01-23","purchased_purges":2,"victory":false,"max_hp_per_floor":[71,71,71,71,71,71,71,71,71,71,71,71,71,71,71,71,71,71,71,71,71,76,76,76,76,83,83,83,83,83,83,83,83,83,83,83,83,83,83,83,83,83,83,83,83,83,83,83,83,83,83],"card_choices":[{"not_picked":["Fusion","Gash"],"picked":"Ball Lightning","floor":1.0},{"not_picked":["Streamline","Stack"],"picked":"Sweeping Beam","floor":5},{"not_picked":["Meteor Strike","Rebound"],"picked":"Gash","floor":6},{"not_picked":["Aggregate","Rebound"],"picked":"Ball Lightning","floor":8},{"not_picked":["Redo","Rebound"],"picked":"White Noise","floor":11},{"not_picked":["Skim","White Noise"],"picked":"Steam","floor":12},{"not_picked":["Scrape","Rebound"],"picked":"Ball Lightning","floor":13},{"not_picked":["Creative AI","Hologram"],"picked":"Coolheaded","floor":14},{"not_picked":["Rainbow","Multi-Cast"],"picked":"Electrodynamics","floor":16},{"not_picked":["Steam","BootSequence+1"],"picked":"Cold Snap","floor":18},{"not_picked":["Hologram","Storm"],"picked":"Go for the Eyes","floor":24},{"not_picked":["Blizzard","Ball Lightning"],"picked":"Glacier","floor":29},{"not_picked":["Beam Cell","Rip and Tear","Hyperbeam"],"picked":"SKIP","floor":30},{"not_picked":["Barrage","White Noise"],"picked":"Reinforced Body","floor":31},{"not_picked":["Hyperbeam","Meteor Strike"],"picked":"Rainbow","floor":33},{"not_picked":["Barrage","Auto Shields"],"picked":"Undo","floor":35},{"not_picked":["Steam+1","Scrape"],"picked":"Consume+1","floor":39},{"not_picked":["Barrage","Sweeping Beam+1"],"picked":"Loop","floor":41},{"not_picked":["Sweeping Beam","Streamline"],"picked":"Conserve Battery","floor":42},{"not_picked":["FTL","Doom and Gloom"],"picked":"Capacitor","floor":44},{"not_picked":["Self Repair","Streamline+1","Rebound"],"picked":"SKIP","floor":48}],"player_experience":2173384,"relics_obtained":[{"floor":6,"key":"Orichalcum"},{"floor":9,"key":"Oddly Smooth Stone"},{"floor":13,"key":"Kunai"},{"floor":24,"key":"Blood Vial"},{"floor":26,"key":"Strawberry"},{"floor":29,"key":"Sundial"},{"floor":38,"key":"DataDisk"},{"floor":41,"key":"Gambling Chip"},{"floor":43,"key":"Meat on the Bone"}],"event_choices":[{"damage_healed":0.0,"max_hp_gain":0.0,"max_hp_loss":0.0,"gold_gain":150.0,"event_name":"Liars Game","player_choice":"AGREE","floor":2.0,"gold_loss":0.0,"damage_taken":0.0,"cards_obtained":["Doubt"]},{"cards_removed":["Doubt"],"damage_healed":0.0,"max_hp_gain":0.0,"max_hp_loss":0.0,"gold_gain":0.0,"event_name":"Golden Wing","player_choice":"Card Removal","floor":3.0,"gold_loss":0.0,"damage_taken":7.0},{"damage_healed":0,"gold_gain":50,"player_choice":"Touch","damage_taken":7,"max_hp_gain":0,"max_hp_loss":0,"event_name":"FaceTrader","floor":4,"gold_loss":0},{"damage_healed":0,"gold_gain":0,"player_choice":"Ignored","damage_taken":0,"max_hp_gain":0,"max_hp_loss":0,"event_name":"Cursed Tome","floor":19,"gold_loss":0},{"damage_healed":0,"gold_gain":0,"player_choice":"Ignored","damage_taken":0,"max_hp_gain":0,"max_hp_loss":0,"event_name":"Vampires","floor":20,"gold_loss":0},{"damage_healed":0,"gold_gain":0,"player_choice":"Shed Blood","damage_taken":25,"max_hp_gain":5,"max_hp_loss":0,"event_name":"Forgotten Altar","floor":22,"gold_loss":0},{"damage_healed":0,"gold_gain":0,"player_choice":"Obtained Relic","damage_taken":0,"relics_obtained":["Incense Burner"],"max_hp_gain":0,"max_hp_loss":0,"event_name":"Addict","floor":27,"gold_loss":85},{"damage_healed":0,"gold_gain":0,"player_choice":"Rummage","damage_taken":0,"relics_obtained":["WarpedTongs"],"max_hp_gain":0,"max_hp_loss":0,"event_name":"Accursed Blacksmith","floor":36,"gold_loss":0,"cards_obtained":["Pain"]},{"cards_removed":["Ball Lightning"],"damage_healed":0,"gold_gain":0,"player_choice":"Removed Attack","damage_taken":0,"max_hp_gain":0,"max_hp_loss":0,"event_name":"Falling","floor":45,"gold_loss":0},{"damage_healed":0,"gold_gain":0,"player_choice":"Paid Gold","damage_taken":0,"relics_obtained":["Smiling Mask"],"max_hp_gain":0,"max_hp_loss":0,"event_name":"WeMeetAgain","floor":46,"gold_loss":146}],"is_beta":false,"boss_relics":[{"not_picked":["Runic Dome","Busted Crown"],"picked":"Ectoplasm"},{"not_picked":["Eternal Feather","Coffee Dripper"],"picked":"Snecko Eye"}],"items_purged_floors":[21,37],"is_endless":false,"potions_floor_spawned":[5,13,14,16,30,31,39,41,42,48],"killed_by":"Awakened One","ascension_level":20}