{"gold_per_floor":[113,18,18,18,193,234,250,104,104,129,129,167,182,35,35,154,154,177,200,200,200,249,249,267,267,320,320,320,359,359,373,373,503,503,518,518],"floor_reached":36,"playtime":2866,"items_purged":["Doubt"],"score":514,"play_id":"f9132a82-fd74-4e24-b9ea-4de4c7008071","local_time":"20190506153816","is_ascension_mode":true,"campfire_choices":[{"data":"Flame Barrier","floor":11.0,"key":"SMITH"},{"floor":15.0,"key":"REST"},{"floor":23.0,"key":"REST"},{"floor":25.0,"key":"REST"},{"floor":27.0,"key":"REST"},{"floor":30.0,"key":"REST"},{"floor":32.0,"key":"REST"}],"neow_cost":"NONE","seed_source_timestamp":14470443514055,"circlet_count":0,"master_deck":["Strike_R","Strike_R","Strike_R","Strike_R","Strike_R","Defend_R","Defend_R","Defend_R","Defend_R","Bash","Flex","Whirlwind","Battle Trance","Flame Barrier+1","Flex","Entrench+1","Armaments+1","Limit Break","Shrug It Off","Inflame","RitualDagger","Heavy Blade","Reaper","Entrench"],"special_seed":0,"relics":["Black Blood","NeowsBlessing","Golden Idol","Question Card","Sundial","Lantern","Vajra","Philosopher\u0027s Stone","Juzu Bracelet","War Paint","Red Mask"],"potions_floor_usage":[],"damage_taken":[{"damage":0.0,"enemies":"Cultist","floor":1.0,"turns":1.0},{"damage":0.0,"enemies":"Gremlin Nob","floor":6.0,"turns":1.0},{"damage":0.0,"enemies":"2 Louse","floor":7.0,"turns":1.0},{"damage":0.0,"enemies":"Small Slimes","floor":10.0,"turns":4.0},{"damage":25.0,"enemies":"3 Sentries","floor":12.0,"turns":7.0},{"damage":11.0,"enemies":"Blue Slaver","floor":13.0,"turns":3.0},{"damage":25.0,"enemies":"The Guardian","floor":16.0,"turns":16.0},{"damage":26.0,"enemies":"2 Thieves","floor":18.0,"turns":5.0},{"damage":6.0,"enemies":"Shell Parasite","floor":19.0,"turns":5.0},{"damage":0.0,"enemies":"Snake Plant","floor":21.0,"turns":1.0},{"damage":46.0,"enemies":"Cultist and Chosen","floor":24.0,"turns":9.0},{"damage":25.0,"enemies":"Masked Bandits","floor":29.0,"turns":4.0},{"damage":21.0,"enemies":"Snecko","floor":31.0,"turns":4.0},{"damage":36.0,"enemies":"Champ","floor":33.0,"turns":10.0},{"damage":68,"enemies":"3 Darklings","floor":35,"turns":8},{"damage":18,"enemies":"3 Shapes","floor":36,"turns":1}],"seed_played":"-7241578948622377571","potions_obtained":[{"floor":1.0,"key":"SpeedPotion"},{"floor":6.0,"key":"SmokeBomb"},{"floor":10.0,"key":"Strength Potion"},{"floor":19.0,"key":"Energy Potion"},{"floor":24.0,"key":"Strength Potion"},{"floor":31.0,"key":"Fire Potion"},{"floor":33.0,"key":"LiquidBronze"},{"floor":35,"key":"Dexterity Potion"}],"is_trial":false,"path_per_floor":["M","$","?","?","?","E","M","$","T","M","R","E","M","$","R","B",null,"M","M","?","M","T","R","M","R","T","R","?","?","R","M","R","B",null,"M","M"],"character_chosen":"IRONCLAD","items_purchased":["Flex","Whirlwind","Flame Barrier","Vajra"],"campfire_rested":6,"item_purchase_floors":[2,2,8,14],"current_hp_per_floor":[78,78,78,78,78,80,80,80,80,80,80,61,56,56,80,61,75,55,55,49,55,55,79,39,63,63,80,80,61,80,65,80,50,73,15,0],"gold":518,"neow_bonus":"THREE_ENEMY_KILL","is_prod":false,"is_daily":false,"chose_seed":false,"campfire_upgraded":1,"win_rate":0,"timestamp":1557153496,"path_taken":["M","$","?","?","?","E","M","$","T","M","R","E","M","?","R","BOSS","M","M","?","M","?","R","M","R","T","R","?","?","R","M","R","BOSS","M","M"],"build_version":"2019-01-23","purchased_purges":1,"victory":false,"max_hp_per_floor":[80,80,80,80,80,80,80,80,80,80,80,80,80,80,80,80,80,80,80,80,80,80,80,80,80,80,80,80,80,80,80,80,80,80,80,80],"card_choices":[{"not_picked":["Sever Soul","Body Slam","True Grit"],"picked":"SKIP","floor":1.0},{"not_picked":["Double Tap","Carnage"],"picked":"Battle Trance","floor":6.0},{"not_picked":["Sever Soul","Anger","Perfected Strike","Reckless Charge"],"picked":"SKIP","floor":7.0},{"not_picked":["Reckless Charge","Sword Boomerang","Headbutt"],"picked":"Flex","floor":10.0},{"not_picked":["Seeing Red","Headbutt","Second Wind"],"picked":"Entrench","floor":12.0},{"not_picked":["True Grit","Hemokinesis","Battle Trance"],"picked":"Armaments","floor":13.0},{"not_picked":["Impervious","Feed","Dark Embrace"],"picked":"Limit Break","floor":16.0},{"not_picked":["Sever Soul","Clothesline","Body Slam+1"],"picked":"Shrug It Off","floor":18.0},{"not_picked":["Intimidate+1","Anger","Combust"],"picked":"Inflame","floor":19.0},{"not_picked":["Headbutt","Flex","Corruption","True Grit"],"picked":"SKIP","floor":24.0},{"not_picked":["Fiend Fire","Carnage","Evolve"],"picked":"Heavy Blade","floor":29.0},{"not_picked":["Armaments","Anger+1","Cleave","Thunderclap"],"picked":"SKIP","floor":31.0},{"not_picked":["Offering","Exhume","Brutality"],"picked":"Reaper","floor":33.0},{"not_picked":["True Grit","Flame Barrier+1","Carnage"],"picked":"Entrench","floor":35}],"player_experience":755116,"relics_obtained":[{"floor":6.0,"key":"Question Card"},{"floor":9.0,"key":"Sundial"},{"floor":12.0,"key":"Lantern"},{"floor":22.0,"key":"Juzu Bracelet"},{"floor":26.0,"key":"War Paint"},{"floor":29.0,"key":"Red Mask"}],"event_choices":[{"damage_healed":0.0,"max_hp_gain":0.0,"max_hp_loss":0.0,"gold_gain":0.0,"event_name":"Golden Idol","player_choice":"Take Wound","floor":3.0,"gold_loss":0.0,"damage_taken":0.0,"relics_obtained":["Golden Idol"],"cards_obtained":["Injury"]},{"cards_removed":["Injury"],"damage_healed":0.0,"max_hp_gain":0.0,"max_hp_loss":0.0,"gold_gain":0.0,"event_name":"Living Wall","player_choice":"Forget","floor":4.0,"gold_loss":0.0,"damage_taken":0.0},{"damage_healed":0.0,"max_hp_gain":0.0,"max_hp_loss":0.0,"gold_gain":175.0,"event_name":"Liars Game","player_choice":"AGREE","floor":5.0,"gold_loss":0.0,"damage_taken":0.0,"cards_obtained":["Doubt"]},{"damage_healed":0.0,"max_hp_gain":0.0,"max_hp_loss":0.0,"gold_gain":0.0,"event_name":"Nest","player_choice":"Joined the Cult","floor":20.0,"gold_loss":0.0,"damage_taken":6.0,"cards_obtained":["RitualDagger"]},{"damage_healed":0.0,"max_hp_gain":0.0,"max_hp_loss":0.0,"gold_gain":0.0,"event_name":"Vampires","player_choice":"Ignored","floor":28.0,"gold_loss":0.0,"damage_taken":0.0},{"damage_healed":0.0,"max_hp_gain":0.0,"max_hp_loss":0.0,"gold_gain":0.0,"event_name":"Masked Bandits","player_choice":"Fought Bandits","floor":29.0,"gold_loss":0.0,"damage_taken":0.0}],"is_beta":false,"boss_relics":[{"not_picked":["Empty Cage","Ectoplasm"],"picked":"Philosopher\u0027s Stone"},{"not_picked":["Tiny House","Cursed Key"],"picked":"Black Blood"}],"items_purged_floors":[8],"is_endless":false,"potions_floor_spawned":[1,6,10,13,19,24,31,33,35],"killed_by":"3 Shapes","ascension_level":6}