{"gold_per_floor":[113,113,127,18,30,30,45,71,117,117,117,149,164,174,174,245,245,259,159,159,169,182,217,217,249,274,274,339,355,555,571,571,571],"floor_reached":33,"playtime":1041,"items_purged":["Bash","Strike_R"],"score":686,"play_id":"4bc2516f-72d3-4087-a719-d9635343ac2c","local_time":"20190317181405","is_ascension_mode":true,"campfire_choices":[{"data":"Uppercut","floor":6.0,"key":"SMITH"},{"floor":11.0,"key":"REST"},{"data":"Second Wind","floor":15.0,"key":"SMITH"},{"data":"Double Tap","floor":24.0,"key":"SMITH"},{"data":"Power Through","floor":27.0,"key":"SMITH"},{"data":"Feel No Pain","floor":32.0,"key":"SMITH"}],"neow_cost":"TEN_PERCENT_HP_LOSS","seed_source_timestamp":10156874456000,"circlet_count":0,"master_deck":["AscendersBane","Strike_R+1","Defend_R","Defend_R","Defend_R","Defend_R","Uppercut+1","Immolate+1","Feel No Pain+1","Second Wind+1","Headbutt","Double Tap+1","Dropkick","Power Through+1","Dropkick"],"special_seed":0,"relics":["Burning Blood","Ornamental Fan","Whetstone","Pen Nib","Runic Dome","Calipers","Ancient Tea Set","Omamori","Tiny Chest"],"potions_floor_usage":[33,33],"damage_taken":[{"damage":8.0,"enemies":"Small Slimes","floor":1.0,"turns":3.0},{"damage":6.0,"enemies":"Jaw Worm","floor":3.0,"turns":3.0},{"damage":3.0,"enemies":"Cultist","floor":5.0,"turns":4.0},{"damage":28.0,"enemies":"Exordium Wildlife","floor":7.0,"turns":5.0},{"damage":20.0,"enemies":"Gremlin Nob","floor":8.0,"turns":4.0},{"damage":15.0,"enemies":"3 Sentries","floor":12.0,"turns":3.0},{"damage":10.0,"enemies":"Red Slaver","floor":13.0,"turns":3.0},{"damage":15.0,"enemies":"Lots of Slimes","floor":14.0,"turns":2.0},{"damage":0.0,"enemies":"Slime Boss","floor":16.0,"turns":8.0},{"damage":2.0,"enemies":"3 Byrds","floor":18.0,"turns":2.0},{"damage":16.0,"enemies":"Shell Parasite","floor":21.0,"turns":4.0},{"damage":0.0,"enemies":"3 Cultists","floor":22.0,"turns":1.0},{"damage":33.0,"enemies":"Slavers","floor":23.0,"turns":3.0},{"damage":0.0,"enemies":"Gremlin Leader","floor":25.0,"turns":3.0},{"damage":31.0,"enemies":"Slavers","floor":28.0,"turns":6.0},{"damage":0.0,"enemies":"Snecko","floor":29.0,"turns":2.0},{"damage":11.0,"enemies":"Sentry and Sphere","floor":31.0,"turns":4.0},{"damage":37,"enemies":"Automaton","floor":33,"turns":12}],"seed_played":"-5670778311612174003","potions_obtained":[{"floor":3.0,"key":"SkillPotion"},{"floor":8.0,"key":"LiquidBronze"},{"floor":13.0,"key":"GamblersBrew"},{"floor":16.0,"key":"FearPotion"},{"floor":25.0,"key":"SpeedPotion"},{"floor":28.0,"key":"Dexterity Potion"}],"is_trial":false,"path_per_floor":["M","?","M","$","M","R","M","E","T","?","R","E","M","M","R","B",null,"M","$","?","M","M","E","R","E","T","R","E","M","?","M","R","B"],"character_chosen":"IRONCLAD","items_purchased":["Feel No Pain"],"campfire_rested":1,"item_purchase_floors":[4],"current_hp_per_floor":[66,71,71,71,73,73,51,37,37,30,51,42,38,29,29,35,64,68,68,68,58,64,37,37,43,43,43,18,24,24,19,19,0],"gold":571,"neow_bonus":"TRANSFORM_TWO_CARDS","is_prod":false,"is_daily":false,"chose_seed":false,"campfire_upgraded":5,"win_rate":0,"timestamp":1552817645,"path_taken":["M","?","M","$","M","R","M","E","T","?","R","E","M","M","R","BOSS","M","$","?","M","M","E","R","E","T","R","E","M","?","?","R","BOSS"],"build_version":"2019-01-23","purchased_purges":2,"victory":false,"max_hp_per_floor":[68,73,73,73,73,73,73,73,73,73,73,73,73,73,73,73,73,73,73,73,73,73,73,73,73,73,73,73,73,73,73,73,73],"card_choices":[{"not_picked":["Cleave","Armaments","Thunderclap"],"picked":"SKIP","floor":1.0},{"not_picked":["Burning Pact","True Grit","Thunderclap"],"picked":"SKIP","floor":3.0},{"not_picked":["Shrug It Off","Sword Boomerang","Shockwave"],"picked":"SKIP","floor":5.0},{"not_picked":["Anger","Iron Wave"],"picked":"Second Wind","floor":7.0},{"not_picked":["Warcry","Corruption","Sever Soul"],"picked":"SKIP","floor":8.0},{"not_picked":["Demon Form","Burning Pact","Carnage"],"picked":"SKIP","floor":12.0},{"not_picked":["Demon Form","Burning Pact","Carnage"],"picked":"SKIP","floor":12.0},{"not_picked":["Flame Barrier","Heavy Blade"],"picked":"Headbutt","floor":13.0},{"not_picked":["Shrug It Off","Wild Strike","Combust"],"picked":"SKIP","floor":14.0},{"not_picked":["Barricade","Impervious"],"picked":"Double Tap","floor":16.0},{"not_picked":["Combust","Anger","Havoc"],"picked":"SKIP","floor":18.0},{"not_picked":["Headbutt","Body Slam","True Grit"],"picked":"SKIP","floor":21.0},{"not_picked":["True Grit","Ghostly Armor","Flame Barrier"],"picked":"SKIP","floor":22.0},{"not_picked":["Spot Weakness","Inflame","Exhume"],"picked":"SKIP","floor":23.0},{"not_picked":["Warcry","Entrench"],"picked":"Power Through","floor":25.0},{"not_picked":["Shrug It Off","Berserk","Perfected Strike"],"picked":"SKIP","floor":28.0},{"not_picked":["Shrug It Off","Berserk","Perfected Strike"],"picked":"SKIP","floor":28.0},{"not_picked":["Perfected Strike+1","Feel No Pain"],"picked":"Dropkick","floor":29.0},{"not_picked":["Shrug It Off","Body Slam","Dropkick"],"picked":"SKIP","floor":31.0}],"player_experience":2851136,"relics_obtained":[{"floor":8.0,"key":"Ornamental Fan"},{"floor":9.0,"key":"Whetstone"},{"floor":12.0,"key":"Pen Nib"},{"floor":23.0,"key":"Calipers"},{"floor":25.0,"key":"Ancient Tea Set"},{"floor":26.0,"key":"Omamori"},{"floor":28.0,"key":"Tiny Chest"}],"event_choices":[{"damage_healed":0.0,"max_hp_gain":5.0,"max_hp_loss":0.0,"gold_gain":0.0,"event_name":"Big Fish","player_choice":"Donut","floor":2.0,"gold_loss":0.0,"damage_taken":0.0},{"cards_removed":["Strike_R"],"damage_healed":0.0,"max_hp_gain":0.0,"max_hp_loss":0.0,"gold_gain":0.0,"event_name":"Golden Wing","player_choice":"Card Removal","floor":10.0,"gold_loss":0.0,"damage_taken":7.0},{"damage_healed":0.0,"max_hp_gain":0.0,"max_hp_loss":0.0,"gold_gain":0.0,"event_name":"The Library","player_choice":"Read","floor":20.0,"gold_loss":0.0,"damage_taken":0.0,"cards_obtained":["Dropkick"]},{"damage_healed":0.0,"max_hp_gain":0.0,"max_hp_loss":0.0,"gold_gain":250.0,"event_name":"The Joust","player_choice":"Bet on Owner","floor":30.0,"gold_loss":50.0,"damage_taken":0.0}],"is_beta":false,"boss_relics":[{"not_picked":["White Beast Statue","Runic Cube"],"picked":"Runic Dome"}],"items_purged_floors":[4,19],"is_endless":false,"potions_floor_spawned":[3,8,13,16,22,25,28,29],"killed_by":"Automaton","ascension_level":15}