{"gold_per_floor":[210,230,250,260,30,30,56,56,56,84,100,100,129,148,148,148],"floor_reached":16,"playtime":548,"items_purged":["Strike_G"],"score":214,"play_id":"54f2c06f-8a54-4bec-af72-d00c7b50a58b","local_time":"20190430125323","is_ascension_mode":true,"campfire_choices":[{"data":"Neutralize","floor":6.0,"key":"SMITH"},{"floor":8,"key":"REST"},{"floor":12,"key":"REST"},{"data":"Catalyst","floor":15,"key":"SMITH"}],"neow_cost":"NONE","seed_source_timestamp":120177096996723,"circlet_count":0,"master_deck":["AscendersBane","Defend_G","Defend_G","Defend_G","Defend_G","Defend_G","Strike_G","Strike_G","Strike_G","Strike_G","Survivor","Neutralize+1","Riddle With Holes","Endless Agony","Deadly Poison","Cloak And Dagger","Catalyst+1","Deadly Poison","Deflect"],"special_seed":0,"relics":["Ring of the Snake","Membership Card","WingedGreaves","Ginger","Shovel","Torii"],"potions_floor_usage":[7,10,13],"damage_taken":[{"damage":6.0,"enemies":"Cultist","floor":1.0,"turns":5.0},{"damage":0.0,"enemies":"Small Slimes","floor":2.0,"turns":4.0},{"damage":2.0,"enemies":"2 Louse","floor":3.0,"turns":3.0},{"damage":19.0,"enemies":"Exordium Thugs","floor":4.0,"turns":6.0},{"damage":12,"enemies":"Gremlin Nob","floor":7,"turns":3},{"damage":14,"enemies":"3 Sentries","floor":10,"turns":6},{"damage":7,"enemies":"Gremlin Gang","floor":11,"turns":5},{"damage":26,"enemies":"Lagavulin","floor":13,"turns":6},{"damage":0,"enemies":"Looter","floor":14,"turns":4},{"damage":14,"enemies":"Slime Boss","floor":16,"turns":4}],"seed_played":"5294826022290695433","potions_obtained":[{"floor":1.0,"key":"Fire Potion"},{"floor":7,"key":"Strength Potion"},{"floor":11,"key":"Energy Potion"}],"is_trial":false,"path_per_floor":["M","M","M","M","$","R","E","R","T","E","M","R","E","M","R","B"],"character_chosen":"THE_SILENT","items_purchased":["Membership Card"],"campfire_rested":2,"item_purchase_floors":[5],"current_hp_per_floor":[53,53,51,32,32,32,20,39,39,25,18,37,11,11,11,0],"gold":148,"neow_bonus":"HUNDRED_GOLD","is_prod":false,"is_daily":false,"chose_seed":false,"campfire_upgraded":2,"win_rate":0,"timestamp":1556654003,"path_taken":["M","M","M","M","$","R","E","R","T","E","M","R","E","M","R","BOSS"],"build_version":"2019-01-23","purchased_purges":1,"victory":false,"max_hp_per_floor":[66,66,66,66,66,66,66,66,66,66,66,66,66,66,66,66],"card_choices":[{"not_picked":["Deflect","PiercingWail"],"picked":"Riddle With Holes","floor":1.0},{"not_picked":["Slice","All Out Attack"],"picked":"Endless Agony","floor":2.0},{"not_picked":["Acrobatics","Endless Agony"],"picked":"Deadly Poison","floor":3.0},{"not_picked":["Flying Knee","Deadly Poison"],"picked":"Cloak And Dagger","floor":4.0},{"not_picked":["Concentrate","Sucker Punch"],"picked":"Catalyst","floor":7},{"not_picked":["Slice","Phantasmal Killer"],"picked":"Deadly Poison","floor":10},{"not_picked":["Skewer","Underhanded Strike","Deadly Poison"],"picked":"SKIP","floor":11},{"not_picked":["Bane","Setup"],"picked":"Deflect","floor":13},{"not_picked":["Infinite Blades","Cloak And Dagger","Finisher"],"picked":"SKIP","floor":14}],"player_experience":2515376,"relics_obtained":[{"floor":7,"key":"WingedGreaves"},{"floor":9,"key":"Ginger"},{"floor":10,"key":"Shovel"},{"floor":13,"key":"Torii"}],"event_choices":[],"is_beta":false,"boss_relics":[],"items_purged_floors":[5],"is_endless":false,"potions_floor_spawned":[1,7,11],"killed_by":"Slime Boss","ascension_level":15}