{"gold_per_floor":[118,129,184,105,105,131,131,159,159,159,192,210,245,263,263,338,338,352,363,65,84,84,115,115,142,223,248,267,300,320,353,353,427,427,437,448,58,158,158,158,158,187,211,211,241,241,257,182,182,182,182,182,182,18,43,43],"floor_reached":57,"playtime":2761,"items_purged":["Regret"],"score":2993,"play_id":"d35b2534-9bb7-43a4-a27a-d6bf2c72b4c4","local_time":"20190204211411","daily_mods":["SealedDeck","DeadlyEvents","Elite Swarm"],"is_ascension_mode":true,"campfire_choices":[{"data":"Armaments","floor":7,"key":"SMITH"},{"data":"Feed","floor":10,"key":"SMITH"},{"data":"Shockwave","floor":15,"key":"SMITH"},{"data":"Limit Break","floor":24,"key":"SMITH"},{"data":"1","floor":32,"key":"LIFT"},{"data":"2","floor":40,"key":"LIFT"},{"data":"3","floor":41,"key":"LIFT"},{"data":"True Grit","floor":44,"key":"SMITH"},{"floor":49,"key":"RECALL"},{"data":"Inflame","floor":53,"key":"SMITH"}],"neow_cost":"","seed_source_timestamp":0,"circlet_count":0,"master_deck":["AscendersBane","Sword Boomerang","Metallicize","Armaments+1","Inflame+1","Heavy Blade","Headbutt","Anger","Shrug It Off","Pommel Strike","Corruption","Ghostly Armor","Shockwave+1","Feed+1","Impervious","Reaper+1","Fiend Fire+1","Body Slam+1","Clothesline+1","Whirlwind+1","Uppercut+1","Limit Break+1","Impervious","Exhume","Offering","Exhume","Shrug It Off","True Grit+1","Impervious","Impervious","Evolve+1","Shrug It Off+1","Dark Shackles","Heavy Blade+1","Barricade"],"relics":["Burning Blood","Strawberry","PreservedInsect","Champion Belt","Darkstone Periapt","Molten Egg 2","Bird Faced Urn","Mark of Pain","Chemical X","Meat on the Bone","Torii","Pear","Girya","Paper Frog","Matryoshka","Cursed Key","WingedGreaves","Unceasing Top","Prayer Wheel","Question Card","Bag of Preparation","Mercury Hourglass"],"potions_floor_usage":[8,11,23,25,27,56,56],"damage_taken":[{"damage":9,"enemies":"Jaw Worm","floor":1,"turns":2},{"damage":0,"enemies":"2 Louse","floor":2,"turns":2},{"damage":31,"enemies":"3 Sentries","floor":6,"turns":6},{"damage":7,"enemies":"Lagavulin","floor":8,"turns":5},{"damage":14,"enemies":"3 Sentries","floor":11,"turns":7},{"damage":8,"enemies":"Small Slimes","floor":12,"turns":3},{"damage":12,"enemies":"Lagavulin","floor":13,"turns":5},{"damage":0,"enemies":"3 Louse","floor":14,"turns":4},{"damage":82,"enemies":"Slime Boss","floor":16,"turns":11},{"damage":0,"enemies":"Chosen","floor":18,"turns":4},{"damage":13,"enemies":"3 Byrds","floor":19,"turns":5},{"damage":2,"enemies":"3 Cultists","floor":21,"turns":3},{"damage":39,"enemies":"Book of Stabbing","floor":23,"turns":4},{"damage":11,"enemies":"Slavers","floor":25,"turns":2},{"damage":38,"enemies":"Gremlin Leader","floor":27,"turns":4},{"damage":45,"enemies":"Snecko","floor":28,"turns":7},{"damage":8,"enemies":"Book of Stabbing","floor":29,"turns":3},{"damage":7,"enemies":"Sentry and Sphere","floor":30,"turns":5},{"damage":16,"enemies":"Gremlin Leader","floor":31,"turns":5},{"damage":23,"enemies":"Champ","floor":33,"turns":7},{"damage":9,"enemies":"Orb Walker","floor":35,"turns":3},{"damage":6,"enemies":"3 Darklings","floor":36,"turns":4},{"damage":7,"enemies":"Mind Bloom Boss Battle","floor":38,"turns":9},{"damage":19,"enemies":"Giant Head","floor":42,"turns":7},{"damage":9,"enemies":"Nemesis","floor":45,"turns":7},{"damage":6,"enemies":"4 Shapes","floor":47,"turns":5},{"damage":76,"enemies":"Awakened One","floor":50,"turns":11},{"damage":19,"enemies":"Donu and Deca","floor":51,"turns":6},{"damage":100,"enemies":"Shield and Spear","floor":55,"turns":10},{"damage":66,"enemies":"The Heart","floor":56,"turns":8}],"seed_played":"-1167893411566027756","potions_obtained":[{"floor":6,"key":"Swift Potion"},{"floor":8,"key":"Energy Potion"},{"floor":13,"key":"Poison Potion"},{"floor":14,"key":"Ancient Potion"},{"floor":23,"key":"Swift Potion"},{"floor":25,"key":"Swift Potion"},{"floor":27,"key":"Dexterity Potion"},{"floor":45,"key":"SpeedPotion"}],"is_trial":true,"path_per_floor":["M","M","?","$","?","E","R","E","T","R","E","M","E","M","R","B",null,"M","M","$","M","?","E","R","E","T","E","M","E","M","E","R","B",null,"M","M","$","?","?","R","R","E","T","R","E","?","M","$","R","B","B",null,"R","$","E","B",null],"character_chosen":"IRONCLAD","items_purchased":["Shockwave","Chemical X","Whirlwind+1","WingedGreaves","Shrug It Off","Dark Shackles","Heavy Blade+1"],"campfire_rested":0,"item_purchase_floors":[4,20,20,37,37,54,54],"current_hp_per_floor":[65,71,71,71,67,42,42,45,45,45,41,49,47,63,63,18,84,101,110,110,110,110,87,87,82,92,76,65,79,91,97,97,98,121,128,128,128,132,125,125,125,129,135,135,135,135,139,139,139,125,134,141,141,141,117,91],"gold":43,"neow_bonus":"","is_prod":false,"is_daily":false,"chose_seed":false,"campfire_upgraded":6,"win_rate":0,"timestamp":1549343651,"path_taken":["M","M","?","$","?","E","R","E","T","R","E","M","E","M","R","BOSS","M","M","$","M","?","E","R","E","T","E","M","E","M","E","R","BOSS","M","M","$","?","?","R","R","E","T","R","E","?","?","$","R","BOSS","BOSS","R","$","E","BOSS"],"build_version":"2019-01-23","purchased_purges":1,"victory":true,"max_hp_per_floor":[75,75,75,75,82,82,82,86,86,86,90,94,98,102,102,106,106,106,110,110,110,110,110,110,110,120,120,124,124,124,128,128,128,128,128,128,128,132,125,125,125,129,135,135,135,135,139,139,139,139,143,143,143,143,143,143],"card_choices":[{"not_picked":["Combust","Bloodletting"],"picked":"Ghostly Armor","floor":1},{"not_picked":["Heavy Blade","Rage","Headbutt"],"picked":"SKIP","floor":2},{"not_picked":["Brutality","Dark Embrace"],"picked":"Feed","floor":6},{"not_picked":["Feed","Offering"],"picked":"Impervious","floor":8},{"not_picked":["Fiend Fire","Juggernaut"],"picked":"Reaper","floor":11},{"not_picked":["Cleave+1","Havoc","Thunderclap+1"],"picked":"SKIP","floor":12},{"not_picked":["Reaper+1","Berserk","Double Tap"],"picked":"SKIP","floor":13},{"not_picked":["Headbutt+1","Thunderclap+1","Iron Wave+1"],"picked":"SKIP","floor":14},{"not_picked":["Dark Embrace","Double Tap"],"picked":"Fiend Fire+1","floor":16},{"not_picked":["Sentinel","Headbutt+1"],"picked":"Body Slam+1","floor":18},{"not_picked":["Clash+1","Headbutt+1"],"picked":"Clothesline+1","floor":19},{"not_picked":["Warcry","Corruption"],"picked":"Uppercut+1","floor":21},{"not_picked":["Juggernaut","Bludgeon+1"],"picked":"Limit Break","floor":23},{"not_picked":["Bludgeon+1","Fiend Fire+1"],"picked":"Impervious","floor":25},{"not_picked":["Demon Form","Fiend Fire+1","Bludgeon+1"],"picked":"SKIP","floor":27},{"not_picked":["Headbutt+1","Searing Blow+1","Bloodletting"],"picked":"SKIP","floor":28},{"not_picked":["Limit Break","Demon Form"],"picked":"Exhume","floor":29},{"not_picked":["Heavy Blade+1","Sword Boomerang+1","Cleave+1"],"picked":"SKIP","floor":30},{"not_picked":["Juggernaut","Double Tap"],"picked":"Offering","floor":31},{"not_picked":["Juggernaut","Offering"],"picked":"Exhume","floor":33},{"not_picked":["Havoc+1","Armaments","Iron Wave+1"],"picked":"SKIP","floor":35},{"not_picked":["Dual Wield","Seeing Red","Ghostly Armor"],"picked":"SKIP","floor":36},{"not_picked":["Thunderclap+1","Cleave+1"],"picked":"True Grit","floor":38},{"not_picked":["Bludgeon+1","Demon Form"],"picked":"Impervious","floor":42},{"not_picked":["Juggernaut","Brutality","Double Tap"],"picked":"Impervious","floor":45},{"not_picked":["Combust","Shockwave","Blood for Blood+1"],"picked":"Evolve+1","floor":47},{"not_picked":["Sentinel","Warcry","Headbutt+1"],"picked":"Shrug It Off+1","floor":47},{"not_picked":["Berserk","Brutality","Immolate+1"],"picked":"Barricade","floor":55}],"player_experience":2153532,"relics_obtained":[{"floor":6,"key":"PreservedInsect"},{"floor":8,"key":"Champion Belt"},{"floor":9,"key":"Darkstone Periapt"},{"floor":11,"key":"Molten Egg 2"},{"floor":13,"key":"Bird Faced Urn"},{"floor":23,"key":"Meat on the Bone"},{"floor":25,"key":"Torii"},{"floor":26,"key":"Pear"},{"floor":27,"key":"Girya"},{"floor":29,"key":"Paper Frog"},{"floor":31,"key":"Matryoshka"},{"floor":38,"key":"Unceasing Top"},{"floor":42,"key":"Prayer Wheel"},{"floor":43,"key":"Question Card"},{"floor":45,"key":"Bag of Preparation"},{"floor":55,"key":"Mercury Hourglass"}],"event_choices":[{"damage_healed":0,"gold_gain":55,"player_choice":"Gained Gold","damage_taken":0,"max_hp_gain":0,"max_hp_loss":0,"event_name":"Golden Wing","floor":3,"gold_loss":0},{"damage_healed":0,"gold_gain":0,"player_choice":"Success","damage_taken":11,"relics_obtained":["Strawberry"],"max_hp_gain":0,"max_hp_loss":0,"event_name":"Scrap Ooze","floor":5,"gold_loss":0},{"damage_healed":0,"gold_gain":0,"player_choice":"Ignored","damage_taken":0,"max_hp_gain":0,"max_hp_loss":0,"event_name":"Vampires","floor":22,"gold_loss":0},{"damage_healed":0,"gold_gain":0,"player_choice":"Fight","damage_taken":0,"max_hp_gain":0,"max_hp_loss":0,"event_name":"MindBloom","floor":38,"gold_loss":0},{"damage_healed":0,"gold_gain":0,"player_choice":"Max HP","damage_taken":0,"max_hp_gain":0,"max_hp_loss":7,"event_name":"Winding Halls","floor":39,"gold_loss":0},{"damage_healed":0,"gold_gain":0,"player_choice":"Ignored","damage_taken":0,"max_hp_gain":0,"max_hp_loss":0,"event_name":"Tomb of Lord Red Mask","floor":46,"gold_loss":0}],"is_beta":false,"boss_relics":[{"not_picked":["Runic Cube","Calling Bell"],"picked":"Mark of Pain"},{"not_picked":["Astrolabe","Empty Cage"],"picked":"Cursed Key"}],"items_purged_floors":[48],"is_endless":false,"potions_floor_spawned":[6,8,13,14,21,23,25,27,30,42,45,47],"ascension_level":20}