{"gold_per_floor":[117,117,129,129,54,92,92,110,110,123,141,157,157,176,176,300,300,318,318,116,141,56,56,56,56,56,56,81,81,94,112,112,231,231,256,47,60,6,19,19,19],"floor_reached":41,"playtime":1966,"items_purged":["Injury"],"score":514,"play_id":"f0d138b0-5e20-464e-8860-f8d4c1e3a176","local_time":"20181205233349","is_ascension_mode":true,"campfire_choices":[{"floor":7.0,"key":"REST"},{"floor":13,"key":"REST"},{"floor":15,"key":"REST"},{"floor":23,"key":"REST"},{"data":"Hyperbeam","floor":24,"key":"SMITH"},{"data":"Go for the Eyes","floor":25,"key":"SMITH"},{"data":"Conserve Battery","floor":27,"key":"SMITH"},{"data":"Sweeping Beam","floor":32,"key":"SMITH"},{"floor":40,"key":"REST"}],"neow_cost":"NONE","seed_source_timestamp":764528297390018,"circlet_count":0,"master_deck":["Strike_B+1","Strike_B+1","Strike_B+1","Defend_B+1","Defend_B+1","Defend_B+1","Defend_B+1","FTL","Force Field","Leap","Static Discharge","Go for the Eyes+1","Conserve Battery+1","Hyperbeam+1","Self Repair+1","Sweeping Beam+1","Beam Cell","Streamline","Conserve Battery+1","Streamline+1","Sunder","Rebound"],"special_seed":0,"relics":["Busted Crown","Golden Idol","Turnip","The Courier","Empty Cage","Frozen Egg 2","WingedGreaves","Bottled Tornado","Bottled Lightning","Orrery","Kunai"],"potions_floor_usage":[16,33,33,37,37,41],"damage_taken":[{"damage":7.0,"enemies":"Small Slimes","floor":1.0,"turns":4.0},{"damage":1.0,"enemies":"Cultist","floor":3.0,"turns":4.0},{"damage":45.0,"enemies":"3 Sentries","floor":6.0,"turns":11.0},{"damage":0,"enemies":"Jaw Worm","floor":8,"turns":2},{"damage":4,"enemies":"Blue Slaver","floor":10,"turns":4},{"damage":8,"enemies":"Exordium Wildlife","floor":11,"turns":5},{"damage":11,"enemies":"3 Louse","floor":12,"turns":4},{"damage":6,"enemies":"Looter","floor":14,"turns":3},{"damage":44,"enemies":"Slime Boss","floor":16,"turns":16},{"damage":18,"enemies":"Chosen","floor":18,"turns":7},{"damage":4,"enemies":"Shell Parasite","floor":21,"turns":7},{"damage":9,"enemies":"Snecko","floor":28,"turns":6},{"damage":1,"enemies":"Cultist and Chosen","floor":30,"turns":6},{"damage":0,"enemies":"Centurion and Healer","floor":31,"turns":3},{"damage":47,"enemies":"Automaton","floor":33,"turns":10},{"damage":12,"enemies":"Orb Walker","floor":35,"turns":6},{"damage":0,"enemies":"3 Darklings","floor":37,"turns":2},{"damage":35,"enemies":"Maw","floor":39,"turns":9},{"damage":64,"enemies":"Giant Head","floor":41,"turns":7}],"seed_played":"6421485468159293442","potions_obtained":[{"floor":1.0,"key":"Poison Potion"},{"floor":6.0,"key":"Strength Potion"},{"floor":10,"key":"Dexterity Potion"},{"floor":21,"key":"Strength Potion"},{"floor":30,"key":"Explosive Potion"},{"floor":35,"key":"EntropicBrew"}],"is_trial":false,"path_per_floor":["M","?","M","?","$","E","R","M","T","M","M","M","R","M","R","B",null,"M","?","$","M","?","R","R","R","T","R","M","T","M","M","R","B",null,"M","$","M","$","M","R","E"],"character_chosen":"DEFECT","items_purchased":["Frozen Egg 2","Kunai","Sunder"],"campfire_rested":5,"item_purchase_floors":[20,36,38],"current_hp_per_floor":[61,61,60,60,60,15,37,37,37,33,25,14,36,30,52,8,58,40,40,40,36,36,58,58,58,58,58,49,49,58,68,68,31,64,62,62,62,62,37,59,0],"gold":19,"neow_bonus":"BOSS_RELIC","is_prod":false,"is_daily":false,"chose_seed":false,"campfire_upgraded":4,"win_rate":0,"timestamp":1544049229,"path_taken":["M","?","?","?","$","E","R","M","T","M","M","M","R","M","R","BOSS","M","?","$","M","?","R","R","R","T","R","M","?","M","M","R","BOSS","M","$","M","$","M","R","E"],"build_version":"2018-12-05","purchased_purges":1,"victory":false,"max_hp_per_floor":[75,75,75,75,75,75,75,75,75,75,75,75,75,75,75,75,75,75,75,75,75,75,75,75,75,75,75,75,75,75,75,75,75,75,75,75,75,75,75,75,75],"card_choices":[{"not_picked":[],"picked":"FTL","floor":1.0},{"not_picked":[],"picked":"Force Field","floor":3.0},{"not_picked":["Beam Cell"],"picked":"SKIP","floor":6.0},{"not_picked":["Rebound"],"picked":"SKIP","floor":8},{"not_picked":[],"picked":"Leap","floor":10},{"not_picked":[],"picked":"Static Discharge","floor":11},{"not_picked":[],"picked":"Go for the Eyes","floor":12},{"not_picked":[],"picked":"Conserve Battery","floor":14},{"not_picked":[],"picked":"Hyperbeam","floor":16},{"not_picked":["Compile Driver"],"picked":"SKIP","floor":18},{"not_picked":["Stack"],"picked":"SKIP","floor":21},{"not_picked":[],"picked":"Self Repair+1","floor":28},{"not_picked":["Conserve Battery"],"picked":"SKIP","floor":30},{"not_picked":[],"picked":"Sweeping Beam","floor":31},{"not_picked":[],"picked":"Beam Cell","floor":34},{"not_picked":[],"picked":"Streamline","floor":34},{"not_picked":[],"picked":"Conserve Battery+1","floor":34},{"not_picked":["Cold Snap+1"],"picked":"SKIP","floor":35},{"not_picked":[],"picked":"Streamline+1","floor":37},{"not_picked":[],"picked":"Rebound","floor":39}],"player_experience":247535,"relics_obtained":[{"floor":6.0,"key":"Turnip"},{"floor":9,"key":"The Courier"},{"floor":26,"key":"Bottled Tornado"},{"floor":29,"key":"Bottled Lightning"}],"event_choices":[{"cards_removed":["Strike_B"],"damage_healed":0.0,"max_hp_gain":0.0,"max_hp_loss":0.0,"gold_gain":0.0,"event_name":"Purifier","player_choice":"Purged","floor":2.0,"gold_loss":0.0,"damage_taken":0.0},{"damage_healed":0.0,"max_hp_gain":0.0,"max_hp_loss":0.0,"gold_gain":0.0,"event_name":"Golden Idol","player_choice":"Take Wound","floor":4.0,"gold_loss":0.0,"damage_taken":0.0,"relics_obtained":["Golden Idol"],"cards_obtained":["Injury"]},{"damage_healed":0,"gold_gain":0,"player_choice":"Simplicity","damage_taken":0,"max_hp_gain":0,"max_hp_loss":0,"event_name":"Back to Basics","floor":19,"gold_loss":0,"cards_upgraded":["Strike_B","Strike_B","Strike_B","Defend_B","Defend_B","Defend_B","Defend_B"]},{"damage_healed":0,"gold_gain":0,"player_choice":"Obtained Relic","damage_taken":0,"relics_obtained":["WingedGreaves"],"max_hp_gain":0,"max_hp_loss":0,"event_name":"Addict","floor":22,"gold_loss":85}],"is_beta":true,"boss_relics":[{"not_picked":["Velvet Choker","Tiny House"],"picked":"Empty Cage"},{"not_picked":["Runic Pyramid","Calling Bell"],"picked":"Orrery"}],"items_purged_floors":[5],"is_endless":false,"potions_floor_spawned":[1,6,10,21,30,35],"killed_by":"Giant Head","ascension_level":6}