{"gold_per_floor":[112,129,143,143,158,173,186,218,245,264,264,282,282,301,301,401,401,414,339,339,339,219,219,237,237,237,237,162,0,0,14,14,113,113,124,224,224,243,253,253],"floor_reached":40,"playtime":2929,"items_purged":["Strike_G"],"score":429,"play_id":"b24eb0e3-28a9-4fe6-bd98-f638df42fbd2","local_time":"20190330181739","is_ascension_mode":true,"campfire_choices":[{"floor":11,"key":"REST"},{"floor":13,"key":"REST"},{"floor":15,"key":"REST"},{"floor":23,"key":"RECALL"},{"floor":25,"key":"REST"},{"data":"1","floor":27,"key":"LIFT"},{"floor":32,"key":"REST"}],"neow_cost":"CURSE","seed_source_timestamp":25646430726589,"circlet_count":0,"master_deck":["Defend_G","Defend_G","Defend_G","Defend_G","Defend_G","Strike_G","Strike_G","Strike_G","Survivor","Neutralize","Quick Slash","Underhanded Strike","Dagger Throw","Leg Sweep","Deadly Poison","Choke","Glass Knife","Corpse Explosion","Backstab+1","Dagger Spray","Panacea","Deadly Poison","Die Die Die","Acrobatics+1","Acrobatics+1","Crippling Poison+1"],"relics":["Ring of the Snake","FossilizedHelix","Sundial","HoveringKite","Enchiridion","Girya","Philosopher\u0027s Stone","Dead Branch"],"potions_floor_usage":[33,33],"damage_taken":[{"damage":20,"enemies":"Cultist","floor":1,"turns":6},{"damage":2,"enemies":"Small Slimes","floor":2,"turns":3},{"damage":4,"enemies":"2 Louse","floor":3,"turns":4},{"damage":0,"enemies":"Exordium Wildlife","floor":5,"turns":5},{"damage":0,"enemies":"3 Louse","floor":6,"turns":4},{"damage":19,"enemies":"Large Slime","floor":7,"turns":5},{"damage":13,"enemies":"Lagavulin","floor":8,"turns":7},{"damage":0,"enemies":"Blue Slaver","floor":10,"turns":4},{"damage":6,"enemies":"Exordium Thugs","floor":12,"turns":4},{"damage":1,"enemies":"3 Louse","floor":14,"turns":4},{"damage":33,"enemies":"The Guardian","floor":16,"turns":14},{"damage":9,"enemies":"Chosen","floor":18,"turns":5},{"damage":24,"enemies":"Spheric Guardian","floor":24,"turns":5},{"damage":15,"enemies":"Cultist and Chosen","floor":31,"turns":6},{"damage":54,"enemies":"Collector","floor":33,"turns":10},{"damage":0,"enemies":"3 Darklings","floor":35,"turns":2},{"damage":22,"enemies":"Mind Bloom Boss Battle","floor":36,"turns":7},{"damage":0,"enemies":"Orb Walker","floor":38,"turns":1},{"damage":9,"enemies":"Sphere and 2 Shapes","floor":39,"turns":4},{"damage":60,"enemies":"Giant Head","floor":40,"turns":7}],"seed_played":"-7250864819937032472","potions_obtained":[{"floor":3,"key":"Regen Potion"},{"floor":8,"key":"Poison Potion"},{"floor":14,"key":"Poison Potion"},{"floor":16,"key":"EssenceOfSteel"},{"floor":36,"key":"Energy Potion"}],"is_trial":false,"path_per_floor":["M","M","M","?","M","M","M","E","T","M","R","M","R","M","R","B",null,"M","?","?","?","$","R","M","R","T","R","$","?","$","M","R","B",null,"M","?","?","M","M","E"],"character_chosen":"THE_SILENT","items_purchased":["Dagger Spray","Panacea"],"campfire_rested":5,"item_purchase_floors":[22,22],"current_hp_per_floor":[50,48,44,44,44,44,25,12,12,12,33,27,48,47,68,35,70,61,61,45,68,68,68,44,65,65,65,65,65,65,50,70,30,70,70,48,48,48,39,0],"gold":253,"neow_bonus":"ONE_RARE_RELIC","is_prod":false,"is_daily":false,"chose_seed":false,"campfire_upgraded":0,"win_rate":0,"timestamp":1553969859,"path_taken":["M","M","?","?","M","M","M","E","T","M","R","?","R","M","R","BOSS","M","?","?","?","$","R","M","R","T","R","$","?","$","?","R","BOSS","M","?","?","M","M","E"],"build_version":"2019-01-23","purchased_purges":1,"victory":false,"max_hp_per_floor":[70,70,70,70,70,70,70,70,70,70,70,70,70,70,70,70,70,70,70,70,70,70,70,70,70,70,70,70,70,70,70,70,70,70,70,70,70,70,70,70],"card_choices":[{"not_picked":["PiercingWail","Slice"],"picked":"Quick Slash","floor":1},{"not_picked":["Concentrate","PiercingWail"],"picked":"Underhanded Strike","floor":2},{"not_picked":["Cloak And Dagger","Infinite Blades"],"picked":"Dagger Throw","floor":3},{"not_picked":["Cloak And Dagger","Quick Slash","Setup"],"picked":"SKIP","floor":5},{"not_picked":["Deflect","Outmaneuver"],"picked":"Leg Sweep","floor":6},{"not_picked":["PiercingWail","Prepared","Catalyst"],"picked":"SKIP","floor":7},{"not_picked":["Underhanded Strike","Dodge and Roll","Acrobatics"],"picked":"SKIP","floor":8},{"not_picked":["Dodge and Roll","Blade Dance"],"picked":"Deadly Poison","floor":10},{"not_picked":["All Out Attack","PiercingWail"],"picked":"Choke","floor":12},{"not_picked":["Predator","Riddle With Holes"],"picked":"Glass Knife","floor":14},{"not_picked":["Venomology","Bullet Time"],"picked":"Corpse Explosion","floor":16},{"not_picked":["Setup","Cloak And Dagger+1"],"picked":"Backstab+1","floor":18},{"not_picked":["Deflect","Outmaneuver"],"picked":"Deadly Poison","floor":24},{"not_picked":["Dagger Throw","Riddle With Holes","Infinite Blades+1"],"picked":"SKIP","floor":31},{"not_picked":["Grand Finale","Burst"],"picked":"Die Die Die","floor":33},{"not_picked":["Underhanded Strike","Well Laid Plans+1"],"picked":"Acrobatics+1","floor":35},{"not_picked":["Distraction","Poisoned Stab"],"picked":"Acrobatics+1","floor":36},{"not_picked":["Calculated Gamble+1","Slice+1"],"picked":"Crippling Poison+1","floor":38},{"not_picked":["Sucker Punch+1","Accuracy+1","PiercingWail"],"picked":"SKIP","floor":39}],"player_experience":454049,"relics_obtained":[{"floor":8,"key":"Sundial"},{"floor":20,"key":"Enchiridion"},{"floor":26,"key":"Girya"},{"floor":36,"key":"Dead Branch"}],"event_choices":[{"cards_removed":["Pain"],"damage_healed":0,"gold_gain":0,"player_choice":"Removed Curses","damage_taken":0,"max_hp_gain":0,"max_hp_loss":0,"event_name":"Fountain of Cleansing","floor":4,"gold_loss":0},{"cards_removed":["Strike_G"],"damage_healed":0,"gold_gain":0,"player_choice":"Gave Gold","damage_taken":0,"max_hp_gain":0,"max_hp_loss":0,"event_name":"Beggar","floor":19,"gold_loss":75},{"damage_healed":0,"gold_gain":0,"player_choice":"Obtained Book","damage_taken":16,"max_hp_gain":0,"max_hp_loss":0,"event_name":"Cursed Tome","floor":20,"gold_loss":0},{"damage_healed":23,"gold_gain":0,"player_choice":"Heal","damage_taken":0,"max_hp_gain":0,"max_hp_loss":0,"event_name":"The Library","floor":21,"gold_loss":0},{"damage_healed":0,"gold_gain":0,"player_choice":"Paid Fearfully","damage_taken":0,"max_hp_gain":0,"max_hp_loss":0,"event_name":"Masked Bandits","floor":29,"gold_loss":162},{"damage_healed":0,"gold_gain":0,"player_choice":"Fight","damage_taken":0,"max_hp_gain":0,"max_hp_loss":0,"event_name":"MindBloom","floor":36,"gold_loss":0},{"damage_healed":0,"gold_gain":0,"player_choice":"Ignored","damage_taken":0,"max_hp_gain":0,"max_hp_loss":0,"event_name":"Mysterious Sphere","floor":37,"gold_loss":0}],"is_beta":false,"boss_relics":[{"not_picked":["White Beast Statue","Empty Cage"],"picked":"HoveringKite"},{"not_picked":["Lizard Tail","Tiny House"],"picked":"Philosopher\u0027s Stone"}],"items_purged_floors":[28],"is_endless":false,"potions_floor_spawned":[3,8,14,16,18,24,36],"killed_by":"Giant Head","ascension_level":2}