{"gold_per_floor":[119,26,26,36,36,66,66,77,159,172,183,183,183,158,158,158],"floor_reached":16,"playtime":743,"items_purged":[],"score":150,"play_id":"31698b47-b38d-47d0-8aa4-135718e88d38","local_time":"20190419233430","is_ascension_mode":true,"campfire_choices":[{"floor":15,"key":"REST"}],"neow_cost":"NONE","seed_source_timestamp":46766517083209,"circlet_count":0,"master_deck":["Defend_G","Defend_G","Defend_G","Defend_G","Defend_G","Strike_G","Strike_G","Strike_G","Strike_G","Survivor","Neutralize","Backflip","Dodge and Roll","Footwork+1","Outmaneuver","Prepared","Flying Knee","Deflect","Phantasmal Killer","Deadly Poison","Dodge and Roll"],"relics":["Ring of the Snake","NeowsBlessing","Lantern","Gremlin Horn","Golden Idol"],"potions_floor_usage":[],"damage_taken":[{"damage":0,"enemies":"Jaw Worm","floor":1,"turns":1},{"damage":0,"enemies":"Cultist","floor":4,"turns":1},{"damage":0,"enemies":"3 Sentries","floor":6,"turns":2},{"damage":0,"enemies":"2 Louse","floor":8,"turns":4},{"damage":0,"enemies":"Exordium Thugs","floor":10,"turns":6},{"damage":6,"enemies":"Lots of Slimes","floor":11,"turns":5},{"damage":61,"enemies":"Slime Boss","floor":16,"turns":14}],"seed_played":"-4245310008348824213","potions_obtained":[{"floor":4,"key":"Weak Potion"},{"floor":6,"key":"Ancient Potion"},{"floor":8,"key":"GhostInAJar"}],"is_trial":false,"path_per_floor":["M","$","?","M","?","E","$","M","T","M","M","?","?","$","R","B"],"character_chosen":"THE_SILENT","items_purchased":["Dodge and Roll","Footwork","Dodge and Roll"],"campfire_rested":1,"item_purchase_floors":[2,2,14],"current_hp_per_floor":[70,70,63,63,63,63,63,63,63,63,57,40,40,40,61,0],"gold":158,"neow_bonus":"THREE_ENEMY_KILL","is_prod":false,"is_daily":false,"chose_seed":false,"campfire_upgraded":0,"win_rate":0,"timestamp":1555713270,"path_taken":["M","$","?","?","?","E","?","M","T","?","M","?","?","$","R","BOSS"],"build_version":"2019-01-23","purchased_purges":0,"victory":false,"max_hp_per_floor":[70,70,70,70,70,70,70,70,70,70,70,70,70,70,70,70],"card_choices":[{"not_picked":["Acrobatics","Sucker Punch"],"picked":"Backflip","floor":1},{"not_picked":["Choke","Backflip"],"picked":"Outmaneuver","floor":4},{"not_picked":["Quick Slash","Acrobatics"],"picked":"Flying Knee","floor":6},{"not_picked":["Blade Dance","Outmaneuver"],"picked":"Deflect","floor":8},{"not_picked":["Bane","Catalyst"],"picked":"Phantasmal Killer","floor":10},{"not_picked":["Calculated Gamble","Bane"],"picked":"Deadly Poison","floor":11}],"player_experience":667935,"relics_obtained":[{"floor":6,"key":"Lantern"},{"floor":9,"key":"Gremlin Horn"}],"event_choices":[{"damage_healed":0,"gold_gain":0,"player_choice":"Damaged","damage_taken":7,"max_hp_gain":0,"max_hp_loss":0,"event_name":"Wheel of Change","floor":3,"gold_loss":0},{"damage_healed":0,"gold_gain":0,"cards_transformed":["Strike_G"],"player_choice":"Transformed","damage_taken":0,"max_hp_gain":0,"max_hp_loss":0,"event_name":"Transmorgrifier","floor":5,"gold_loss":0,"cards_obtained":["Prepared"]},{"damage_healed":0,"gold_gain":0,"player_choice":"Take Damage","damage_taken":17,"relics_obtained":["Golden Idol"],"max_hp_gain":0,"max_hp_loss":0,"event_name":"Golden Idol","floor":12,"gold_loss":0},{"damage_healed":0,"gold_gain":0,"player_choice":"Grow","damage_taken":0,"max_hp_gain":0,"max_hp_loss":0,"event_name":"Living Wall","floor":13,"gold_loss":0,"cards_upgraded":["Footwork"]}],"is_beta":false,"boss_relics":[],"items_purged_floors":[],"is_endless":false,"potions_floor_spawned":[4,6,8],"killed_by":"Slime Boss","ascension_level":4}