{"gold_per_floor":[111,111,128,98,115,115,3,3,28,62,74,74,91,74,74,148,148,165,176,226,249,266,266,0,18,71,104,119,119,153,169,169,244,244,277,177,123,143,18,18,38,38,63,63,80,80,98,98,98,98],"floor_reached":51,"playtime":2372,"items_purged":["Strike_G","Strike_G","Strike_G"],"score":1181,"play_id":"5c3682cb-a1f7-4356-91df-38cfdbea28e1","local_time":"20180914220556","is_ascension_mode":true,"campfire_choices":[{"data":"Neutralize","floor":6.0,"key":"SMITH"},{"floor":12.0,"key":"REST"},{"data":"Bouncing Flask","floor":15.0,"key":"SMITH"},{"floor":23,"key":"REST"},{"data":"Catalyst","floor":29,"key":"SMITH"},{"floor":32,"key":"REST"},{"data":"Corpse Explosion","floor":40,"key":"SMITH"},{"floor":46,"key":"REST"},{"data":"Bouncing Flask","floor":49,"key":"SMITH"}],"neow_cost":"PERCENT_DAMAGE","seed_source_timestamp":50583422851355,"circlet_count":0,"master_deck":["Defend_G","Defend_G","Defend_G+1","Defend_G","Defend_G+1","Survivor","Neutralize+1","AscendersBane","Flying Knee","Catalyst+1","Flying Knee","Backstab","Footwork","Poisoned Stab","Dagger Spray","Bouncing Flask+1","Corpse Explosion+1","Dash","Backflip","Catalyst+1","Backflip","Malaise","PiercingWail","Bouncing Flask+1","Sucker Punch+1","Chrysalis"],"special_seed":0,"relics":["Ring of the Snake","Ginger","Oddly Smooth Stone","Ancient Tea Set","Snecko Eye","Anchor","Pen Nib","StoneCalendar","Empty Cage","Matryoshka","Gambling Chip","Lantern","Bag of Marbles"],"potions_floor_usage":[30,50,50],"damage_taken":[{"damage":0.0,"enemies":"2 Louse","floor":1.0,"turns":5.0},{"damage":4.0,"enemies":"Jaw Worm","floor":3.0,"turns":5.0},{"damage":1.0,"enemies":"Cultist","floor":5.0,"turns":5.0},{"damage":23.0,"enemies":"Lagavulin","floor":10.0,"turns":13.0},{"damage":2.0,"enemies":"Blue Slaver","floor":11.0,"turns":3.0},{"damage":0.0,"enemies":"Large Slime","floor":13.0,"turns":5.0},{"damage":0.0,"enemies":"Exordium Thugs","floor":14.0,"turns":4.0},{"damage":6.0,"enemies":"Hexaghost","floor":16.0,"turns":7.0},{"damage":4.0,"enemies":"3 Byrds","floor":18.0,"turns":6.0},{"damage":0.0,"enemies":"Chosen","floor":19.0,"turns":3.0},{"damage":28,"enemies":"Shelled Parasite and Fungi","floor":22,"turns":5},{"damage":0,"enemies":"Cultist and Chosen","floor":25,"turns":3},{"damage":0,"enemies":"Centurion and Healer","floor":27,"turns":4},{"damage":0,"enemies":"Chosen and Byrds","floor":28,"turns":3},{"damage":14,"enemies":"Gremlin Leader","floor":30,"turns":8},{"damage":0,"enemies":"3 Cultists","floor":31,"turns":3},{"damage":32,"enemies":"Champ","floor":33,"turns":6},{"damage":0,"enemies":"Orb Walker","floor":35,"turns":3},{"damage":0,"enemies":"3 Shapes","floor":38,"turns":6},{"damage":12,"enemies":"3 Darklings","floor":41,"turns":4},{"damage":0,"enemies":"Mind Bloom Boss Battle","floor":42,"turns":4},{"damage":0,"enemies":"Spire Growth","floor":45,"turns":3},{"damage":0,"enemies":"Transient","floor":47,"turns":5},{"damage":41,"enemies":"Time Eater","floor":50,"turns":7}],"seed_played":"-6318266252626485053","potions_obtained":[{"floor":4.0,"key":"EntropicBrew"},{"floor":4.0,"key":"Block Potion"},{"floor":22,"key":"GamblersBrew"},{"floor":31,"key":"Dexterity Potion"},{"floor":33,"key":"Regen Potion"}],"is_trial":false,"path_per_floor":["M","?","M","?","M","R","$","?","T","E","M","R","M","M","R","B",null,"M","M","?","T","M","R","$","M","T","M","M","R","E","M","R","B",null,"M","$","?","M","$","R","M","?","T","$","M","R","M","?","R","B"],"character_chosen":"THE_SILENT","items_purchased":["Backstab","Footwork","HandOfGreed"],"campfire_rested":4,"item_purchase_floors":[7,7,24],"current_hp_per_floor":[44,66,62,62,61,61,61,41,41,18,16,35,35,35,35,29,57,53,53,53,53,25,44,44,44,44,44,44,44,30,30,49,17,54,54,54,54,54,54,54,42,42,42,42,42,61,61,61,61,31],"gold":98,"neow_bonus":"ONE_RARE_RELIC","is_prod":false,"is_daily":false,"chose_seed":false,"campfire_upgraded":5,"win_rate":0,"timestamp":1536987956,"path_taken":["M","?","M","?","M","R","$","?","T","E","M","R","?","M","R","BOSS","M","M","?","?","M","R","$","M","T","M","M","R","E","M","R","BOSS","M","?","?","M","$","R","M","?","T","$","?","R","M","?","R","BOSS"],"build_version":"2018-09-06","purchased_purges":3,"victory":true,"max_hp_per_floor":[66,66,66,66,66,66,66,66,66,66,66,66,66,66,66,66,66,66,66,66,66,66,66,66,66,66,66,66,66,66,66,66,66,66,66,66,66,66,66,66,66,66,66,66,66,66,66,66,66,66],"card_choices":[{"not_picked":["Deflect","Flechettes"],"picked":"Flying Knee","floor":1.0},{"not_picked":["Underhanded Strike","Bane"],"picked":"Catalyst","floor":3.0},{"not_picked":["Setup","Accuracy"],"picked":"Flying Knee","floor":5.0},{"not_picked":["Wraith Form v2","Catalyst"],"picked":"Poisoned Stab","floor":10.0},{"not_picked":["Distraction","Quick Slash"],"picked":"Dagger Spray","floor":11.0},{"not_picked":["Poisoned Stab","Predator"],"picked":"Bouncing Flask","floor":13.0},{"not_picked":["Cloak And Dagger","Eviscerate","Prepared"],"picked":"SKIP","floor":14.0},{"not_picked":["Phantasmal Killer","After Image"],"picked":"Corpse Explosion","floor":16.0},{"not_picked":["Slice","Backstab"],"picked":"Dash","floor":18.0},{"not_picked":["Blade Dance","Cloak And Dagger","Slice"],"picked":"SKIP","floor":19.0},{"not_picked":["Deflect+1","Bane","Dagger Spray"],"picked":"SKIP","floor":22},{"not_picked":["Dodge and Roll","Well Laid Plans"],"picked":"Backflip","floor":25},{"not_picked":["Wraith Form v2","Quick Slash"],"picked":"Catalyst+1","floor":27},{"not_picked":["Acrobatics","Outmaneuver"],"picked":"Backflip","floor":28},{"not_picked":["Dagger Throw","Slice","Quick Slash"],"picked":"SKIP","floor":30},{"not_picked":["Bane","Quick Slash","Deflect"],"picked":"SKIP","floor":31},{"not_picked":["Wraith Form v2","Corpse Explosion"],"picked":"Malaise","floor":33},{"not_picked":["Deadly Poison","Dodge and Roll"],"picked":"PiercingWail","floor":35},{"not_picked":["Dagger Throw","Setup","Prepared"],"picked":"SKIP","floor":38},{"not_picked":["Dagger Throw","Setup","Prepared"],"picked":"SKIP","floor":38},{"not_picked":["Infinite Blades+1","Distraction"],"picked":"Bouncing Flask","floor":41},{"not_picked":["Dagger Spray","Escape Plan"],"picked":"Sucker Punch+1","floor":45},{"not_picked":["Blade Dance","Quick Slash","Sucker Punch+1"],"picked":"SKIP","floor":47}],"player_experience":1141047,"relics_obtained":[{"floor":9.0,"key":"Oddly Smooth Stone"},{"floor":10.0,"key":"Ancient Tea Set"},{"floor":21.0,"key":"Anchor"},{"floor":26,"key":"Pen Nib"},{"floor":30,"key":"StoneCalendar"},{"floor":42,"key":"Gambling Chip"},{"floor":43,"key":"Lantern"},{"floor":43,"key":"Bag of Marbles"}],"event_choices":[{"event_name":"Big Fish","player_choice":"Banana","floor":2.0,"damage_taken":0.0},{"event_name":"The Woman in Blue","player_choice":"Bought 2 Potions","floor":4.0,"damage_taken":0.0},{"event_name":"Shining Light","player_choice":"Entered Light","floor":8.0,"damage_taken":0.0},{"event_name":"Nest","player_choice":"Stole From Cult","floor":20.0,"damage_taken":0.0},{"event_name":"WeMeetAgain","player_choice":"Gold","floor":37,"damage_taken":0},{"event_name":"MindBloom","player_choice":"Fight","floor":42,"damage_taken":0},{"event_name":"Transmorgrifier","player_choice":"Transform","floor":48,"damage_taken":0}],"is_beta":false,"boss_relics":[{"not_picked":["HoveringKite","Lizard Tail"],"picked":"Snecko Eye"},{"not_picked":["Runic Dome","Pandora\u0027s Box"],"picked":"Empty Cage"}],"items_purged_floors":[24,36,39],"is_endless":false,"potions_floor_spawned":[5,11,13,22,31,33,35,42],"ascension_level":15}