{"gold_per_floor":[114,129,204,222,242,242,242,11,11,26,59,9,38,57,57,156,156,172,87,103,103,27,27,39,49,49,78,98,98,123,136,136,231,231,251,266,279,379,131,161,181,199,246,246,273,273,290,323,323,323],"floor_reached":51,"playtime":1909,"items_purged":["Strike_R","Strike_R"],"score":911,"play_id":"e54178a3-4252-4281-b99b-6e077eebf1a0","local_time":"25611029182748","is_ascension_mode":false,"campfire_choices":[{"data":"Rampage","floor":6,"key":"SMITH"},{"data":"True Grit","floor":15,"key":"SMITH"},{"data":"Dual Wield","floor":23,"key":"SMITH"},{"floor":29,"key":"REST"},{"data":"Uppercut","floor":32,"key":"SMITH"},{"data":"Reaper","floor":44,"key":"SMITH"},{"data":"Shrug It Off","floor":46,"key":"SMITH"},{"data":"Bash","floor":49,"key":"SMITH"}],"neow_cost":"","seed_source_timestamp":11831140142897,"circlet_count":0,"master_deck":["Strike_R+1","Strike_R+1","Defend_R","Defend_R","Defend_R","Defend_R","Bash+1","Rampage+1","Shrug It Off+1","True Grit+1","Dual Wield+1","Rage+1","Necronomicurse","Uppercut+1","Whirlwind+1","Battle Trance+1","Clash","Reaper+1","Intimidate+1","Burning Pact+1"],"relics":["Burning Blood","Ice Cream","Bag of Marbles","Question Card","Whetstone","Pocketwatch","White Beast Statue","Potion Belt","Necronomicon","Self Forming Clay","Bag of Preparation","Ginger","Velvet Choker","Nunchaku","Vajra","PreservedInsect","Centennial Puzzle","Happy Flower","Torii"],"potions_floor_usage":[11,13,18,20,24,24,25,30,33,33,33,33,38,40,50,50,50,50,50],"damage_taken":[{"damage":8,"enemies":"2 Louse","floor":1,"turns":3},{"damage":1,"enemies":"Jaw Worm","floor":2,"turns":4},{"damage":1,"enemies":"Cultist","floor":4,"turns":4},{"damage":15,"enemies":"Looter","floor":5,"turns":3},{"damage":0,"enemies":"2 Fungi Beasts","floor":10,"turns":3},{"damage":17,"enemies":"3 Sentries","floor":11,"turns":9},{"damage":25,"enemies":"Lagavulin","floor":13,"turns":6},{"damage":2,"enemies":"Blue Slaver","floor":14,"turns":4},{"damage":23,"enemies":"The Guardian","floor":16,"turns":9},{"damage":18,"enemies":"Shell Parasite","floor":18,"turns":6},{"damage":16,"enemies":"2 Thieves","floor":20,"turns":4},{"damage":20,"enemies":"Shelled Parasite and Fungi","floor":24,"turns":5},{"damage":0,"enemies":"Chosen and Byrds","floor":25,"turns":4},{"damage":0,"enemies":"Slavers","floor":27,"turns":1},{"damage":10,"enemies":"Cultist and Chosen","floor":28,"turns":3},{"damage":11,"enemies":"Book of Stabbing","floor":30,"turns":5},{"damage":14,"enemies":"Centurion and Healer","floor":31,"turns":7},{"damage":46,"enemies":"Champ","floor":33,"turns":8},{"damage":0,"enemies":"3 Darklings","floor":35,"turns":1},{"damage":4,"enemies":"3 Shapes","floor":36,"turns":3},{"damage":0,"enemies":"3 Darklings","floor":37,"turns":1},{"damage":9,"enemies":"Mind Bloom Boss Battle","floor":38,"turns":6},{"damage":0,"enemies":"Nemesis","floor":40,"turns":5},{"damage":33,"enemies":"Spire Growth","floor":41,"turns":4},{"damage":6,"enemies":"4 Shapes","floor":42,"turns":1},{"damage":0,"enemies":"Jaw Worm Horde","floor":47,"turns":2},{"damage":4,"enemies":"Giant Head","floor":48,"turns":4},{"damage":46,"enemies":"Awakened One","floor":50,"turns":7}],"seed_played":"8132080434637827018","potions_obtained":[{"floor":2,"key":"Energy Potion"},{"floor":5,"key":"Swift Potion"},{"floor":10,"key":"Dexterity Potion"},{"floor":14,"key":"GamblersBrew"},{"floor":16,"key":"Explosive Potion"},{"floor":18,"key":"AttackPotion"},{"floor":20,"key":"EssenceOfSteel"},{"floor":24,"key":"Regen Potion"},{"floor":25,"key":"LiquidBronze"},{"floor":27,"key":"GamblersBrew"},{"floor":28,"key":"Dexterity Potion"},{"floor":30,"key":"SteroidPotion"},{"floor":31,"key":"Explosive Potion"},{"floor":33,"key":"Ancient Potion"},{"floor":35,"key":"Poison Potion"},{"floor":36,"key":"Fire Potion"},{"floor":37,"key":"SkillPotion"},{"floor":38,"key":"BloodPotion"},{"floor":40,"key":"Energy Potion"},{"floor":41,"key":"Dexterity Potion"}],"is_trial":false,"path_per_floor":["M","M","?","M","M","R","?","$","T","M","E","?","E","M","R","B",null,"M","?","M","?","$","R","M","M","T","E","M","R","E","M","R","B",null,"M","M","M","?","$","E","M","M","T","R","T","R","M","E","R","B"],"character_chosen":"IRONCLAD","items_purchased":["Bag of Marbles","Uppercut","Vajra"],"campfire_rested":1,"item_purchase_floors":[8,22,39],"current_hp_per_floor":[78,80,69,74,65,65,65,65,65,71,60,60,41,45,45,28,80,68,68,58,42,42,42,28,43,43,49,45,69,64,56,56,16,80,80,80,80,77,77,80,53,53,53,53,53,53,80,80,80,48],"gold":323,"neow_bonus":"","is_prod":false,"is_daily":false,"chose_seed":false,"campfire_upgraded":7,"win_rate":0.0,"timestamp":1540812468,"path_taken":["M","M","?","M","M","R","?","$","T","M","E","?","E","M","R","BOSS","M","?","M","?","$","R","M","M","T","E","M","R","E","M","R","BOSS","M","M","M","?","$","E","M","?","T","R","?","R","?","E","R","BOSS"],"build_version":"2018-10-25v2","purchased_purges":2,"victory":true,"max_hp_per_floor":[80,80,80,80,80,80,80,80,80,80,80,80,80,80,80,80,80,80,80,80,80,80,80,80,80,80,80,80,80,80,80,80,80,80,80,80,80,80,80,80,80,80,80,80,80,80,80,80,80,80],"card_choices":[{"not_picked":["True Grit","Shrug It Off"],"picked":"Rampage","floor":1},{"not_picked":["Intimidate","Searing Blow","Warcry"],"picked":"SKIP","floor":2},{"not_picked":["Second Wind","Body Slam","Perfected Strike"],"picked":"SKIP","floor":4},{"not_picked":["Entrench","Dual Wield"],"picked":"Shrug It Off","floor":5},{"not_picked":["Armaments","Thunderclap","Sever Soul"],"picked":"True Grit","floor":10},{"not_picked":["Perfected Strike","Barricade","True Grit","Warcry"],"picked":"SKIP","floor":11},{"not_picked":["Entrench","True Grit","Shrug It Off","Fire Breathing"],"picked":"SKIP","floor":13},{"not_picked":["Sword Boomerang","Warcry","Armaments"],"picked":"Dual Wield","floor":14},{"not_picked":["Cleave","Perfected Strike","Iron Wave"],"picked":"Rage+1","floor":18},{"not_picked":["Flex","Twin Strike","True Grit","Anger+1"],"picked":"SKIP","floor":20},{"not_picked":["Searing Blow","True Grit","Sword Boomerang"],"picked":"Whirlwind+1","floor":24},{"not_picked":["Body Slam","Whirlwind","Headbutt+1"],"picked":"Battle Trance+1","floor":25},{"not_picked":["Warcry","Shockwave","True Grit"],"picked":"Clash","floor":27},{"not_picked":["Armaments+1","Fire Breathing","Burning Pact","Disarm"],"picked":"SKIP","floor":28},{"not_picked":["Dark Embrace","Clash","Second Wind","Whirlwind"],"picked":"SKIP","floor":30},{"not_picked":["Intimidate","Cleave+1","Headbutt","Feel No Pain+1"],"picked":"SKIP","floor":31},{"not_picked":["Fiend Fire","Offering","Bludgeon"],"picked":"Reaper","floor":33},{"not_picked":["Burning Pact","Second Wind","Headbutt+1","Anger"],"picked":"SKIP","floor":35},{"not_picked":["Thunderclap","Pommel Strike+1","Battle Trance","Armaments"],"picked":"SKIP","floor":36},{"not_picked":["Anger+1","Flex","Thunderclap","Shrug It Off"],"picked":"SKIP","floor":37},{"not_picked":["Pummel+1","Searing Blow+1","Juggernaut","Flex"],"picked":"SKIP","floor":40},{"not_picked":["Clash","Anger","Clothesline+1","Flex+1"],"picked":"SKIP","floor":41},{"not_picked":["Pommel Strike+1","Flex+1","Battle Trance"],"picked":"Intimidate+1","floor":42},{"not_picked":["Armaments","Flex+1","Pommel Strike","Brutality"],"picked":"SKIP","floor":47},{"not_picked":["Perfected Strike+1","Cleave+1","Rupture+1"],"picked":"Burning Pact+1","floor":48}],"player_experience":229059,"relics_obtained":[{"floor":9,"key":"Question Card"},{"floor":11,"key":"Whetstone"},{"floor":13,"key":"Pocketwatch"},{"floor":21,"key":"Necronomicon"},{"floor":26,"key":"Self Forming Clay"},{"floor":27,"key":"Bag of Preparation"},{"floor":30,"key":"Ginger"},{"floor":38,"key":"Nunchaku"},{"floor":40,"key":"PreservedInsect"},{"floor":43,"key":"Centennial Puzzle"},{"floor":45,"key":"Happy Flower"},{"floor":48,"key":"Torii"}],"event_choices":[{"damage_healed":0,"gold_gain":75,"player_choice":"Gather Gold","damage_taken":11,"max_hp_gain":0,"max_hp_loss":0,"event_name":"World of Goop","floor":3,"gold_loss":0},{"damage_healed":0,"gold_gain":0,"player_choice":"Gave Potion","damage_taken":0,"relics_obtained":["Ice Cream"],"max_hp_gain":0,"max_hp_loss":0,"event_name":"WeMeetAgain","floor":7,"gold_loss":0},{"cards_removed":["Strike_R"],"damage_healed":0,"gold_gain":0,"player_choice":"Card Removal","damage_taken":0,"max_hp_gain":0,"max_hp_loss":0,"event_name":"The Cleric","floor":12,"gold_loss":50},{"damage_healed":0,"gold_gain":0,"player_choice":"Obtained Relic","damage_taken":0,"relics_obtained":["Potion Belt"],"max_hp_gain":0,"max_hp_loss":0,"event_name":"Addict","floor":19,"gold_loss":85},{"damage_healed":0,"gold_gain":0,"player_choice":"Obtained Book","damage_taken":16,"max_hp_gain":0,"max_hp_loss":0,"event_name":"Cursed Tome","floor":21,"gold_loss":0},{"damage_healed":0,"gold_gain":0,"player_choice":"Fight","damage_taken":0,"max_hp_gain":0,"max_hp_loss":0,"event_name":"MindBloom","floor":38,"gold_loss":0}],"is_beta":false,"boss_relics":[{"not_picked":["Eternal Feather","Calling Bell"],"picked":"White Beast Statue"},{"not_picked":["Orrery","Lizard Tail"],"picked":"Velvet Choker"}],"items_purged_floors":[8,39],"is_endless":false,"potions_floor_spawned":[2,5,10,14,16,18,20,24,25,27,28,30,31,33,35,36,37,38,40,41,42,47,48],"ascension_level":0}