{"gold_per_floor":[114,0,10,10,34,34,67,67,91,123,136,136,169,169,169,243,243,258,75,90,108,120,120,154,154,154,154,29,29,29,44,44,115,115,133,133,133,143,65,65,96,114,138,156,173,199,199,213,213,213,213,213,213,52,85,85],"floor_reached":57,"playtime":2849,"items_purged":["Strike_G","Regret","Regret","Parasite"],"score":3021,"play_id":"7abdda38-2da6-4936-8f2c-bbde3bd3b4ee","local_time":"20190407180340","is_ascension_mode":true,"campfire_choices":[{"data":"Neutralize","floor":6.0,"key":"SMITH"},{"data":"Deadly Poison","floor":8.0,"key":"SMITH"},{"data":"Noxious Fumes","floor":12.0,"key":"SMITH"},{"data":"Bouncing Flask","floor":15.0,"key":"SMITH"},{"floor":23.0,"key":"DIG"},{"floor":25.0,"key":"DIG"},{"floor":29.0,"key":"DIG"},{"floor":32.0,"key":"DIG"},{"floor":47.0,"key":"DIG"},{"floor":49.0,"key":"RECALL"},{"floor":53.0,"key":"DIG"}],"neow_cost":"NONE","seed_source_timestamp":20663737595700,"circlet_count":0,"master_deck":["AscendersBane","Defend_G","Defend_G","Defend_G","Defend_G","Defend_G","Strike_G","Strike_G","Strike_G","Survivor","Neutralize+1","Footwork","Deadly Poison+1","Noxious Fumes+1","Bouncing Flask+1","Calculated Gamble+1","Backflip","Expertise+1","Acrobatics","Ghostly","Ghostly","Ghostly","Blur+1","Venomology","Prepared+1","Tactician","Prepared+1","Catalyst+1","Bullet Time","Backflip+1"],"special_seed":0,"relics":["Ring of the Snake","NeowsBlessing","Happy Flower","Oddly Smooth Stone","Potion Belt","Lantern","Snake Skull","Shovel","Calling Bell","Bag of Preparation","Kunai","Gambling Chip","Mercury Hourglass","Bag of Marbles","Strawberry","Vajra","Omamori","Runic Pyramid","Paper Crane","Smiling Mask","Bottled Flame","Bottled Lightning","Ornamental Fan"],"potions_floor_usage":[55,56,56,56,56,56],"damage_taken":[{"damage":0.0,"enemies":"2 Louse","floor":1.0,"turns":1.0},{"damage":0.0,"enemies":"Jaw Worm","floor":3.0,"turns":1.0},{"damage":0.0,"enemies":"Lagavulin","floor":7.0,"turns":1.0},{"damage":35.0,"enemies":"Gremlin Nob","floor":10.0,"turns":5.0},{"damage":0.0,"enemies":"Cultist","floor":11.0,"turns":4.0},{"damage":0.0,"enemies":"Lagavulin","floor":13.0,"turns":7.0},{"damage":0.0,"enemies":"Hexaghost","floor":16.0,"turns":7.0},{"damage":5.0,"enemies":"Shell Parasite","floor":18.0,"turns":4.0},{"damage":0.0,"enemies":"Spheric Guardian","floor":20.0,"turns":3.0},{"damage":8.0,"enemies":"Cultist and Chosen","floor":21.0,"turns":4.0},{"damage":24.0,"enemies":"3 Cultists","floor":22.0,"turns":5.0},{"damage":36.0,"enemies":"Slavers","floor":24.0,"turns":6.0},{"damage":3.0,"enemies":"Snake Plant","floor":31.0,"turns":4.0},{"damage":18.0,"enemies":"Champ","floor":33.0,"turns":13.0},{"damage":9.0,"enemies":"3 Darklings","floor":35.0,"turns":5.0},{"damage":0.0,"enemies":"Orb Walker","floor":38.0,"turns":4.0},{"damage":2.0,"enemies":"Nemesis","floor":41.0,"turns":7.0},{"damage":0.0,"enemies":"Maw","floor":42.0,"turns":7.0},{"damage":0.0,"enemies":"Writhing Mass","floor":44.0,"turns":5.0},{"damage":0.0,"enemies":"Spire Growth","floor":45.0,"turns":5.0},{"damage":0.0,"enemies":"Reptomancer","floor":46.0,"turns":6.0},{"damage":1.0,"enemies":"Sphere and 2 Shapes","floor":48.0,"turns":4.0},{"damage":0.0,"enemies":"Time Eater","floor":50.0,"turns":8.0},{"damage":4.0,"enemies":"Donu and Deca","floor":51.0,"turns":9.0},{"damage":3,"enemies":"Shield and Spear","floor":55,"turns":7},{"damage":12,"enemies":"The Heart","floor":56,"turns":10}],"seed_played":"3788833383139506389","potions_obtained":[{"floor":1.0,"key":"SkillPotion"},{"floor":3.0,"key":"Regen Potion"},{"floor":10.0,"key":"Fire Potion"},{"floor":13.0,"key":"Energy Potion"},{"floor":20.0,"key":"Fire Potion"},{"floor":21.0,"key":"LiquidBronze"},{"floor":22.0,"key":"Swift Potion"},{"floor":35.0,"key":"Fire Potion"},{"floor":46.0,"key":"Dexterity Potion"}],"is_trial":false,"path_per_floor":["M","$","M","?","T","R","E","R","T","E","M","R","E","?","R","B",null,"M","$","M","M","M","R","E","R","T","?","$","R","?","M","R","B",null,"M","?","?","M","$","?","E","M","T","M","M","E","R","M","R","B","B",null,"R","$","E","B",null],"character_chosen":"THE_SILENT","items_purchased":["Footwork","Regen Potion","Tactician","Swift Potion","Dexterity Potion"],"campfire_rested":0,"item_purchase_floors":[2,19,39,54,54],"current_hp_per_floor":[59,59,59,59,59,59,59,59,59,24,24,24,24,24,24,24,56,51,51,51,43,59,59,23,23,30,30,30,30,30,27,27,9,29,20,20,20,20,20,15,25,25,25,25,25,25,25,24,24,24,20,32,32,32,29,17],"gold":85,"neow_bonus":"THREE_ENEMY_KILL","is_prod":false,"is_daily":false,"chose_seed":false,"campfire_upgraded":4,"win_rate":0,"timestamp":1554631420,"path_taken":["M","$","M","?","?","R","E","R","T","E","M","R","E","?","R","BOSS","M","$","M","M","M","R","E","R","T","?","?","R","?","?","R","BOSS","M","?","?","M","$","?","E","M","T","?","M","E","R","M","R","BOSS","BOSS","R","$","E","BOSS"],"build_version":"2019-04-04","purchased_purges":4,"victory":true,"max_hp_per_floor":[66,66,66,66,66,66,66,66,66,66,66,66,66,66,66,66,66,66,66,66,66,66,66,66,66,73,73,73,73,36,36,36,36,36,36,36,36,36,36,36,36,36,36,36,36,36,36,36,36,36,36,36,36,33,33,33],"card_choices":[{"not_picked":["Skewer","Bane","Setup"],"picked":"SKIP","floor":1.0},{"not_picked":["Underhanded Strike","Footwork","Dodge and Roll"],"picked":"SKIP","floor":3.0},{"not_picked":["Setup","Reflex"],"picked":"Deadly Poison","floor":7.0},{"not_picked":["Flying Knee","Expertise"],"picked":"Noxious Fumes","floor":10.0},{"not_picked":["Outmaneuver","Finisher","Sucker Punch"],"picked":"SKIP","floor":11.0},{"not_picked":["Slice","Acrobatics"],"picked":"Bouncing Flask","floor":13.0},{"not_picked":["Bane","Dagger Throw"],"picked":"Calculated Gamble","floor":18.0},{"not_picked":["Deflect","Poisoned Stab","Blade Dance"],"picked":"SKIP","floor":20.0},{"not_picked":["PiercingWail","Noxious Fumes"],"picked":"Backflip","floor":21.0},{"not_picked":["Backflip","Slice"],"picked":"Expertise+1","floor":22.0},{"not_picked":["Dodge and Roll","Choke"],"picked":"Acrobatics","floor":24.0},{"not_picked":["Bane","Flying Knee"],"picked":"Blur+1","floor":31.0},{"not_picked":["Doppelganger","Envenom"],"picked":"Venomology","floor":33.0},{"not_picked":["Dagger Throw","Blade Dance"],"picked":"Prepared+1","floor":35.0},{"not_picked":["Bane","Underhanded Strike+1","Endless Agony"],"picked":"SKIP","floor":38.0},{"not_picked":["Prepared+1","Infinite Blades","Dagger Spray"],"picked":"SKIP","floor":41.0},{"not_picked":["Infinite Blades","Dagger Spray"],"picked":"Prepared+1","floor":41.0},{"not_picked":["Distraction","Dagger Spray","Sucker Punch+1"],"picked":"SKIP","floor":42.0},{"not_picked":["Quick Slash","Expertise","Eviscerate+1"],"picked":"SKIP","floor":44.0},{"not_picked":["Cloak And Dagger","Dagger Spray"],"picked":"Catalyst+1","floor":45.0},{"not_picked":["Tactician","Slice+1","Dagger Throw"],"picked":"SKIP","floor":46.0},{"not_picked":["Acrobatics","Underhanded Strike+1"],"picked":"Bullet Time","floor":48.0},{"not_picked":["Glass Knife","Quick Slash"],"picked":"Backflip+1","floor":55}],"player_experience":1338838,"relics_obtained":[{"floor":5.0,"key":"Happy Flower"},{"floor":7.0,"key":"Oddly Smooth Stone"},{"floor":9.0,"key":"Potion Belt"},{"floor":10.0,"key":"Lantern"},{"floor":13.0,"key":"Snake Skull"},{"floor":17.0,"key":"Bag of Preparation"},{"floor":17.0,"key":"Kunai"},{"floor":17.0,"key":"Gambling Chip"},{"floor":24.0,"key":"Mercury Hourglass"},{"floor":25.0,"key":"Bag of Marbles"},{"floor":26.0,"key":"Strawberry"},{"floor":29.0,"key":"Vajra"},{"floor":32.0,"key":"Omamori"},{"floor":41.0,"key":"Paper Crane"},{"floor":46.0,"key":"Smiling Mask"},{"floor":47.0,"key":"Bottled Flame"},{"floor":53.0,"key":"Bottled Lightning"},{"floor":55,"key":"Ornamental Fan"}],"event_choices":[{"damage_healed":0.0,"max_hp_gain":0.0,"max_hp_loss":0.0,"gold_gain":0.0,"event_name":"Liars Game","player_choice":"Ignored","floor":4.0,"gold_loss":0.0,"damage_taken":0.0},{"damage_healed":0.0,"max_hp_gain":0.0,"max_hp_loss":0.0,"gold_gain":0.0,"event_name":"WeMeetAgain","player_choice":"Gave Potion","floor":14.0,"gold_loss":0.0,"damage_taken":0.0,"relics_obtained":["Shovel"]},{"damage_healed":0.0,"max_hp_gain":0.0,"max_hp_loss":0.0,"gold_gain":0.0,"event_name":"Upgrade Shrine","player_choice":"Upgraded","floor":27.0,"gold_loss":0.0,"damage_taken":0.0,"cards_upgraded":["Calculated Gamble"]},{"damage_healed":0.0,"max_hp_gain":0.0,"max_hp_loss":37.0,"gold_gain":0.0,"event_name":"Ghosts","player_choice":"Became a Ghost","floor":30.0,"gold_loss":0.0,"damage_taken":0.0,"cards_obtained":["Ghostly","Ghostly","Ghostly"]},{"damage_healed":0.0,"max_hp_gain":0.0,"max_hp_loss":0.0,"gold_gain":0.0,"event_name":"Tomb of Lord Red Mask","player_choice":"Ignored","floor":36.0,"gold_loss":0.0,"damage_taken":0.0},{"cards_removed":["Strike_G"],"damage_healed":0.0,"max_hp_gain":0.0,"max_hp_loss":0.0,"gold_gain":0.0,"event_name":"Falling","player_choice":"Removed Attack","floor":37.0,"gold_loss":0.0,"damage_taken":0.0},{"damage_healed":0.0,"max_hp_gain":0.0,"max_hp_loss":0.0,"gold_gain":0.0,"event_name":"Wheel of Change","player_choice":"Damaged","floor":40.0,"gold_loss":0.0,"damage_taken":5.0}],"is_beta":true,"boss_relics":[{"not_picked":["Snecko Eye","HoveringKite"],"picked":"Calling Bell"},{"not_picked":["Busted Crown","Eternal Feather"],"picked":"Runic Pyramid"}],"items_purged_floors":[2,19,28,54],"is_endless":false,"potions_floor_spawned":[1,3,10,13,20,21,22,35,46],"ascension_level":20}