{"gold_per_floor":[119,133,147,167,186,186,219,219,219,219,4,21,49,59,59,160,160,173,173,98,98,109,109],"floor_reached":23,"playtime":1093,"items_purged":[],"score":354,"play_id":"bc4db834-9d2d-46b8-984c-e623ca770b75","local_time":"20180810204449","is_ascension_mode":true,"campfire_choices":[{"data":"Deadly Poison","floor":6,"key":"SMITH"},{"floor":8,"key":"REST"},{"data":"A Thousand Cuts","floor":10,"key":"SMITH"},{"data":"Burst","floor":15,"key":"SMITH"}],"neow_cost":"NONE","seed_source_timestamp":392275967367656,"circlet_count":0,"master_deck":["Defend_G","Defend_G","Defend_G","Defend_G+1","Defend_G","Strike_G","Strike_G","Strike_G","Survivor","Neutralize","A Thousand Cuts+1","Catalyst","Deadly Poison+1","Dagger Spray","PiercingWail+1","Burst+1","Dodge and Roll","PiercingWail","Dodge and Roll","Burst","Noxious Fumes+1","Grand Finale"],"relics":["Ring of the Snake","War Paint","Strawberry","Ancient Tea Set","Art of War","Black Star"],"potions_floor_usage":[4,7,16,16,16],"damage_taken":[{"damage":1,"enemies":"Cultist","floor":1,"turns":5},{"damage":4,"enemies":"Jaw Worm","floor":2,"turns":5},{"damage":3,"enemies":"2 Louse","floor":3,"turns":4},{"damage":17,"enemies":"Gremlin Gang","floor":4,"turns":5},{"damage":1,"enemies":"Large Slime","floor":5,"turns":6},{"damage":30,"enemies":"Gremlin Nob","floor":7,"turns":4},{"damage":13,"enemies":"Exordium Thugs","floor":12,"turns":4},{"damage":18,"enemies":"3 Sentries","floor":13,"turns":6},{"damage":3,"enemies":"3 Louse","floor":14,"turns":5},{"damage":0,"enemies":"Slime Boss","floor":16,"turns":8},{"damage":7,"enemies":"3 Byrds","floor":18,"turns":4},{"damage":15,"enemies":"Shell Parasite","floor":22,"turns":6},{"damage":64,"enemies":"Slavers","floor":23,"turns":4}],"seed_played":"-4670448654403096230","potions_obtained":[{"floor":3,"key":"AttackPotion"},{"floor":4,"key":"PowerPotion"},{"floor":5,"key":"GamblersBrew"},{"floor":7,"key":"SteroidPotion"},{"floor":14,"key":"LiquidBronze"}],"is_trial":false,"path_per_floor":["M","M","M","M","M","R","E","R","T","R","$","M","E","M","R","B",null,"M","?","?","?","M"],"character_chosen":"THE_SILENT","items_purchased":["Ancient Tea Set","Burst"],"campfire_rested":1,"item_purchase_floors":[11,11],"current_hp_per_floor":[62,58,55,38,37,37,7,28,35,35,35,22,4,1,1,1,58,51,76,76,76,61,0],"gold":109,"neow_bonus":"ONE_RANDOM_RARE_CARD","is_prod":false,"is_daily":false,"chose_seed":false,"campfire_upgraded":3,"win_rate":0,"timestamp":1533926689,"path_taken":["M","M","M","M","M","R","E","R","T","R","$","?","E","M","R","BOSS","M","?","?","?","M","E"],"build_version":"2018-08-09","purchased_purges":0,"victory":false,"max_hp_per_floor":[70,70,70,70,70,70,70,70,77,77,77,77,77,77,77,77,77,77,77,77,77,77,77],"card_choices":[{"not_picked":["Outmaneuver","Eviscerate","Underhanded Strike"],"picked":"SKIP","floor":1},{"not_picked":["Skewer","PiercingWail"],"picked":"Catalyst","floor":2},{"not_picked":["Acrobatics","Skewer"],"picked":"Deadly Poison","floor":3},{"not_picked":["Flying Knee","Slice","Outmaneuver"],"picked":"SKIP","floor":4},{"not_picked":["Blade Dance","Underhanded Strike"],"picked":"Dagger Spray","floor":5},{"not_picked":["Acrobatics","Flechettes"],"picked":"PiercingWail","floor":7},{"not_picked":["Deflect","Bane"],"picked":"Dodge and Roll","floor":12},{"not_picked":["Terror","Storm of Steel"],"picked":"PiercingWail","floor":13},{"not_picked":["All Out Attack","Flying Knee"],"picked":"Dodge and Roll","floor":14},{"not_picked":["Envenom","Grand Finale"],"picked":"Burst","floor":16},{"not_picked":["Dagger Spray","Quick Slash+1"],"picked":"Noxious Fumes+1","floor":18},{"not_picked":["Tactician","Dash","Outmaneuver"],"picked":"SKIP","floor":22}],"player_experience":237254,"relics_obtained":[{"floor":7,"key":"War Paint"},{"floor":9,"key":"Strawberry"},{"floor":13,"key":"Art of War"}],"event_choices":[{"event_name":"The Library","player_choice":"Heal","floor":19,"damage_taken":0},{"event_name":"Beggar","player_choice":"Gave Gold","floor":20,"damage_taken":0},{"event_name":"Transmorgrifier","player_choice":"Transform","floor":21,"damage_taken":0}],"is_beta":false,"boss_relics":[{"not_picked":["Pandora\u0027s Box","Ectoplasm"],"picked":"Black Star"}],"items_purged_floors":[],"is_endless":false,"potions_floor_spawned":[3,4,5,7,14],"killed_by":"Slavers","ascension_level":8}