{"gold_per_floor":[118,129,145,145,71,103,103,133,133,133,146,146,146,165,165,240,240,255,255,101,111,70,70,96,114,140,151,163,163,179,209,209,285,285,295,295,147,161,261,289,342,342,424,424,439,469,469,480,480,480],"floor_reached":51,"playtime":2081,"items_purged":["Strike_R","Strike_R"],"score":1353,"play_id":"922ab250-99cb-4816-bdd9-c351d841df9e","local_time":"20190312103028","is_ascension_mode":true,"campfire_choices":[{"data":"Bash","floor":7.0,"key":"SMITH"},{"data":"Armaments","floor":10.0,"key":"SMITH"},{"data":"True Grit","floor":13.0,"key":"SMITH"},{"data":"Uppercut","floor":15.0,"key":"SMITH"},{"data":"Spot Weakness","floor":23.0,"key":"SMITH"},{"data":"Limit Break","floor":32.0,"key":"SMITH"},{"data":"Disarm","floor":42,"key":"SMITH"},{"data":"Juggernaut","floor":44,"key":"SMITH"},{"data":"Feel No Pain","floor":47,"key":"SMITH"},{"data":"Heavy Blade","floor":49,"key":"SMITH"}],"neow_cost":"PERCENT_DAMAGE","seed_source_timestamp":6842011084665,"circlet_count":0,"master_deck":["AscendersBane","Strike_R","Strike_R","Strike_R","Defend_R","Defend_R","Defend_R","Defend_R","Bash+1","Anger","Infernal Blade","Cleave","Clothesline+1","Iron Wave","Twin Strike","Armaments+1","True Grit+1","Uppercut+1","Limit Break+1","Corruption","Feel No Pain+1","Spot Weakness+1","Spot Weakness+1","Shockwave+1","Heavy Blade+1","Juggernaut+1","Headbutt","Shrug It Off","Disarm+1","Burning Pact+1","Whirlwind+1","Shrug It Off"],"special_seed":0,"relics":["Burning Blood","Gremlin Horn","Nunchaku","Thread and Needle","Velvet Choker","Potion Belt","Strawberry","Orichalcum","Snecko Eye","Magic Flower","Bag of Marbles","Incense Burner","Bottled Tornado","Dodecahedron"],"potions_floor_usage":[41,50,50],"damage_taken":[{"damage":11.0,"enemies":"Jaw Worm","floor":1.0,"turns":6.0},{"damage":0.0,"enemies":"2 Louse","floor":2.0,"turns":3.0},{"damage":0.0,"enemies":"Small Slimes","floor":3.0,"turns":3.0},{"damage":25.0,"enemies":"3 Sentries","floor":6.0,"turns":7.0},{"damage":15.0,"enemies":"Lagavulin","floor":8.0,"turns":5.0},{"damage":0.0,"enemies":"Red Slaver","floor":11.0,"turns":3.0},{"damage":0.0,"enemies":"Lots of Slimes","floor":14.0,"turns":1.0},{"damage":50.0,"enemies":"Hexaghost","floor":16.0,"turns":11.0},{"damage":4.0,"enemies":"Spheric Guardian","floor":18.0,"turns":4.0},{"damage":0.0,"enemies":"3 Byrds","floor":21.0,"turns":6.0},{"damage":7.0,"enemies":"Book of Stabbing","floor":24.0,"turns":4.0},{"damage":0.0,"enemies":"Centurion and Healer","floor":25.0,"turns":4.0},{"damage":14.0,"enemies":"Snecko","floor":27.0,"turns":5.0},{"damage":0.0,"enemies":"Cultist and Chosen","floor":28.0,"turns":4.0},{"damage":5.0,"enemies":"3 Cultists","floor":30.0,"turns":5.0},{"damage":3.0,"enemies":"Gremlin Leader","floor":31.0,"turns":6.0},{"damage":53.0,"enemies":"Automaton","floor":33.0,"turns":7.0},{"damage":6.0,"enemies":"3 Shapes","floor":35.0,"turns":3.0},{"damage":22.0,"enemies":"3 Darklings","floor":38.0,"turns":4.0},{"damage":0,"enemies":"Mind Bloom Boss Battle","floor":39,"turns":5},{"damage":15,"enemies":"Nemesis","floor":40,"turns":5},{"damage":0,"enemies":"2 Orb Walkers","floor":41,"turns":3},{"damage":0,"enemies":"Transient","floor":45,"turns":5},{"damage":16,"enemies":"Giant Head","floor":46,"turns":7},{"damage":0,"enemies":"4 Shapes","floor":48,"turns":4},{"damage":14,"enemies":"Time Eater","floor":50,"turns":7}],"seed_played":"2506947743654812760","potions_obtained":[{"floor":1.0,"key":"SkillPotion"},{"floor":2.0,"key":"Block Potion"},{"floor":6.0,"key":"BloodPotion"},{"floor":14.0,"key":"AttackPotion"},{"floor":18.0,"key":"Block Potion"},{"floor":24.0,"key":"Fire Potion"},{"floor":30.0,"key":"LiquidBronze"},{"floor":33.0,"key":"SteroidPotion"},{"floor":40,"key":"Poison Potion"},{"floor":41,"key":"SteroidPotion"},{"floor":48,"key":"SpeedPotion"}],"is_trial":false,"path_per_floor":["M","M","M","?","$","E","R","E","T","R","M","?","R","M","R","B",null,"M","?","$","M","$","R","E","M","T","M","M","?","M","E","R","B",null,"M","?","$","M","?","E","?","R","T","R","M","E","R","M","R","B",null],"character_chosen":"IRONCLAD","items_purchased":["Clothesline","Iron Wave","Feel No Pain","Spot Weakness","Energy Potion"],"campfire_rested":0,"item_purchase_floors":[5,5,20,22,37],"current_hp_per_floor":[59,65,71,71,71,52,52,51,51,51,57,62,62,68,68,24,77,79,79,79,85,85,85,84,90,97,89,95,95,96,99,99,52,89,89,89,89,73,79,73,82,82,82,82,91,84,84,93,93,88],"gold":480,"neow_bonus":"TWENTY_PERCENT_HP_BONUS","is_prod":false,"is_daily":false,"chose_seed":false,"campfire_upgraded":10,"win_rate":0,"timestamp":1552411828,"path_taken":["M","M","M","?","$","E","R","E","T","R","M","?","R","M","R","BOSS","M","?","$","?","?","R","E","?","T","M","M","?","M","E","R","BOSS","M","?","$","M","?","E","?","R","T","R","M","E","R","M","R","BOSS"],"build_version":"2019-01-23","purchased_purges":2,"victory":true,"max_hp_per_floor":[89,89,89,89,89,89,89,89,89,89,89,94,94,94,94,94,94,94,94,94,94,94,94,94,94,101,101,101,101,101,101,101,101,101,101,96,96,96,96,96,96,96,96,96,96,96,96,96,96,96],"card_choices":[{"not_picked":["Disarm","Dual Wield"],"picked":"Anger","floor":1.0},{"not_picked":["Reckless Charge","Rage"],"picked":"Infernal Blade","floor":2.0},{"not_picked":["Searing Blow","Clash"],"picked":"Cleave","floor":3.0},{"not_picked":["Clash","Whirlwind"],"picked":"Twin Strike","floor":6.0},{"not_picked":["Intimidate","Clash"],"picked":"Armaments","floor":8.0},{"not_picked":["Cleave","Armaments"],"picked":"True Grit","floor":11.0},{"not_picked":["True Grit","Thunderclap"],"picked":"Uppercut","floor":14.0},{"not_picked":["Barricade","Exhume"],"picked":"Limit Break","floor":16.0},{"not_picked":["Thunderclap+1","Rage"],"picked":"Corruption","floor":18.0},{"not_picked":["Heavy Blade","Wild Strike","Twin Strike"],"picked":"SKIP","floor":21.0},{"not_picked":["Combust","Clothesline"],"picked":"Spot Weakness+1","floor":24.0},{"not_picked":["Twin Strike","Sword Boomerang","Thunderclap"],"picked":"SKIP","floor":25.0},{"not_picked":["Iron Wave","Heavy Blade"],"picked":"Shockwave+1","floor":27.0},{"not_picked":["Warcry","Havoc"],"picked":"Heavy Blade","floor":28.0},{"not_picked":["Searing Blow","Bludgeon","Inflame"],"picked":"SKIP","floor":30.0},{"not_picked":["Blood for Blood","Dual Wield","Sever Soul"],"picked":"SKIP","floor":31.0},{"not_picked":["Exhume","Fiend Fire"],"picked":"Juggernaut","floor":33.0},{"not_picked":["Sentinel","Pommel Strike"],"picked":"Headbutt","floor":35.0},{"not_picked":["Clash","Power Through","Warcry+1"],"picked":"SKIP","floor":38},{"not_picked":["Dropkick","Heavy Blade+1"],"picked":"Shrug It Off","floor":39},{"not_picked":["Second Wind","Searing Blow"],"picked":"Disarm","floor":40},{"not_picked":["Cleave+1","Thunderclap"],"picked":"Burning Pact+1","floor":41},{"not_picked":["Sentinel","Headbutt","Iron Wave"],"picked":"SKIP","floor":45},{"not_picked":["Double Tap","Havoc"],"picked":"Whirlwind+1","floor":46},{"not_picked":["Hemokinesis","Wild Strike+1"],"picked":"Shrug It Off","floor":48}],"player_experience":2342773,"relics_obtained":[{"floor":6.0,"key":"Gremlin Horn"},{"floor":8.0,"key":"Nunchaku"},{"floor":9.0,"key":"Thread and Needle"},{"floor":24.0,"key":"Potion Belt"},{"floor":26.0,"key":"Strawberry"},{"floor":31.0,"key":"Orichalcum"},{"floor":39,"key":"Magic Flower"},{"floor":40,"key":"Bag of Marbles"},{"floor":41,"key":"Incense Burner"},{"floor":43,"key":"Bottled Tornado"},{"floor":46,"key":"Dodecahedron"}],"event_choices":[{"damage_healed":0.0,"max_hp_gain":0.0,"max_hp_loss":0.0,"gold_gain":0.0,"event_name":"Shining Light","player_choice":"Ignored","floor":4.0,"gold_loss":0.0,"damage_taken":0.0},{"damage_healed":0.0,"max_hp_gain":5.0,"max_hp_loss":0.0,"gold_gain":0.0,"event_name":"Big Fish","player_choice":"Donut","floor":12.0,"gold_loss":0.0,"damage_taken":0.0},{"damage_healed":0.0,"max_hp_gain":0.0,"max_hp_loss":0.0,"gold_gain":0.0,"event_name":"Upgrade Shrine","player_choice":"Upgraded","floor":19.0,"gold_loss":0.0,"damage_taken":0.0,"cards_upgraded":["Clothesline"]},{"damage_healed":0.0,"max_hp_gain":0.0,"max_hp_loss":0.0,"gold_gain":0.0,"event_name":"Vampires","player_choice":"Ignored","floor":29.0,"gold_loss":0.0,"damage_taken":0.0},{"damage_healed":0.0,"max_hp_gain":0.0,"max_hp_loss":5.0,"gold_gain":0.0,"event_name":"Winding Halls","player_choice":"Max HP","floor":36.0,"gold_loss":0.0,"damage_taken":0.0},{"damage_healed":0,"gold_gain":0,"player_choice":"Fight","damage_taken":0,"max_hp_gain":0,"max_hp_loss":0,"event_name":"MindBloom","floor":39,"gold_loss":0},{"damage_healed":0,"gold_gain":0,"player_choice":"Fight","damage_taken":0,"max_hp_gain":0,"max_hp_loss":0,"event_name":"Mysterious Sphere","floor":41,"gold_loss":0}],"is_beta":false,"boss_relics":[{"not_picked":["Pandora\u0027s Box","Astrolabe"],"picked":"Velvet Choker"},{"not_picked":["Busted Crown","Orrery"],"picked":"Snecko Eye"}],"items_purged_floors":[20,37],"is_endless":false,"potions_floor_spawned":[1,2,6,14,18,24,30,33,40,41,45,48],"ascension_level":15}