{"gold_per_floor":[360,61,74,91,103,130,130,165,165,184,210,226,226,226,226,303,303,303,303,303,258,258,258,258,258,258,258,258,258,258,258,258,258,258,258,258,258,258,258,258,258,258,258,258,258,258,38,38,38,38],"floor_reached":51,"playtime":2114,"items_purged":["Pain","Regret"],"score":1461,"play_id":"fe78c768-a833-4523-ac8b-73e49fc3041a","local_time":"20190208203138","is_ascension_mode":true,"campfire_choices":[{"data":"Bash","floor":7,"key":"SMITH"},{"data":"Anger","floor":15,"key":"SMITH"},{"data":"Limit Break","floor":23,"key":"SMITH"},{"data":"Metallicize","floor":25,"key":"SMITH"},{"data":"Shrug It Off","floor":27,"key":"SMITH"},{"floor":29,"key":"REST"},{"floor":32,"key":"REST"},{"floor":41,"key":"REST"},{"data":"Rage","floor":44,"key":"SMITH"},{"floor":46,"key":"REST"},{"data":"True Grit","floor":49,"key":"SMITH"}],"neow_cost":"CURSE","seed_source_timestamp":43997596858484,"circlet_count":0,"master_deck":["AscendersBane","Strike_R+1","Strike_R+1","Strike_R+1","Strike_R+1","Strike_R+1","Defend_R+1","Defend_R+1","Defend_R+1","Defend_R+1","Bash+1","Battle Trance+1","Spot Weakness+1","Carnage+1","Flame Barrier+1","Metallicize+1","Pommel Strike","Anger+1","Limit Break+1","Havoc+1","Shrug It Off+1","Feel No Pain+1","Clothesline+1","Twin Strike+1","Rage+1","Barricade+1","Battle Trance+1","Second Wind+1","Whirlwind","Shrug It Off+1","Shrug It Off","Offering","Feel No Pain+1","Spot Weakness","True Grit+1","Headbutt"],"relics":["Burning Blood","PreservedInsect","Frozen Egg 2","Art of War","Mercury Hourglass","Matryoshka","Ectoplasm","Centennial Puzzle","War Paint","Smiling Mask","Kunai","Nilry\u0027s Codex","Cursed Key","FossilizedHelix","Ornamental Fan","Boot","Juzu Bracelet","Orichalcum"],"potions_floor_usage":[11,16,24,33,36,40,50],"damage_taken":[{"damage":9,"enemies":"Cultist","floor":1,"turns":3},{"damage":4,"enemies":"Small Slimes","floor":3,"turns":4},{"damage":2,"enemies":"Jaw Worm","floor":4,"turns":3},{"damage":16,"enemies":"Blue Slaver","floor":5,"turns":6},{"damage":8,"enemies":"Gremlin Nob","floor":6,"turns":3},{"damage":10,"enemies":"3 Sentries","floor":8,"turns":6},{"damage":1,"enemies":"Exordium Wildlife","floor":10,"turns":3},{"damage":7,"enemies":"Lagavulin","floor":11,"turns":4},{"damage":11,"enemies":"Looter","floor":12,"turns":2},{"damage":22,"enemies":"Hexaghost","floor":16,"turns":6},{"damage":13,"enemies":"Spheric Guardian","floor":18,"turns":4},{"damage":6,"enemies":"2 Thieves","floor":21,"turns":4},{"damage":0,"enemies":"Centurion and Healer","floor":22,"turns":5},{"damage":22,"enemies":"Slavers","floor":24,"turns":4},{"damage":10,"enemies":"Gremlin Leader","floor":28,"turns":4},{"damage":6,"enemies":"Snecko","floor":30,"turns":3},{"damage":16,"enemies":"Collector","floor":33,"turns":5},{"damage":3,"enemies":"Orb Walker","floor":35,"turns":4},{"damage":31,"enemies":"2 Orb Walkers","floor":36,"turns":4},{"damage":22,"enemies":"3 Shapes","floor":37,"turns":4},{"damage":0,"enemies":"Maw","floor":38,"turns":6},{"damage":0,"enemies":"4 Shapes","floor":39,"turns":7},{"damage":0,"enemies":"Reptomancer","floor":40,"turns":6},{"damage":15,"enemies":"Nemesis","floor":42,"turns":7},{"damage":25,"enemies":"Spire Growth","floor":45,"turns":3},{"damage":0,"enemies":"Transient","floor":48,"turns":5},{"damage":6,"enemies":"Donu and Deca","floor":50,"turns":8}],"seed_played":"2540121717056566372","potions_obtained":[{"floor":5,"key":"Ancient Potion"},{"floor":6,"key":"Swift Potion"},{"floor":8,"key":"Fire Potion"},{"floor":11,"key":"PowerPotion"},{"floor":16,"key":"Ancient Potion"},{"floor":24,"key":"Swift Potion"},{"floor":30,"key":"PowerPotion"},{"floor":35,"key":"PowerPotion"},{"floor":38,"key":"Weak Potion"},{"floor":45,"key":"Ancient Potion"}],"is_trial":false,"path_per_floor":["M","$","M","M","M","E","R","E","T","M","E","M","?","?","R","B",null,"M","?","?","M","M","R","E","R","T","R","E","R","M","?","R","B",null,"M","?","M","M","M","E","R","E","T","R","M","R","$","M","R","B",null],"character_chosen":"IRONCLAD","items_purchased":["Spot Weakness","PreservedInsect","Feel No Pain+1","Spot Weakness","True Grit"],"campfire_rested":4,"item_purchase_floors":[2,2,47,47,47],"current_hp_per_floor":[65,65,67,71,61,59,59,55,55,60,59,54,54,31,31,15,60,53,53,53,53,59,59,43,43,43,43,39,61,61,40,62,52,69,72,47,31,37,43,49,71,62,62,62,43,65,65,71,71,71],"gold":38,"neow_bonus":"TWO_FIFTY_GOLD","is_prod":false,"is_daily":false,"chose_seed":false,"campfire_upgraded":7,"win_rate":0,"timestamp":1549686698,"path_taken":["M","$","M","M","M","E","R","E","T","M","E","M","?","?","R","BOSS","M","?","?","M","M","R","E","R","T","R","E","R","M","?","R","BOSS","M","?","M","M","M","E","R","E","T","R","M","R","$","M","R","BOSS"],"build_version":"2019-01-23","purchased_purges":2,"victory":true,"max_hp_per_floor":[75,75,75,75,75,75,75,75,75,75,75,75,75,75,75,75,75,75,75,75,75,75,75,75,75,75,75,75,75,75,75,75,75,75,75,75,75,75,75,75,75,75,75,75,75,75,75,75,75,75],"card_choices":[{"not_picked":["Power Through","Heavy Blade"],"picked":"Battle Trance","floor":1},{"not_picked":["Reckless Charge","Body Slam"],"picked":"Carnage","floor":3},{"not_picked":["Inflame","Body Slam"],"picked":"Flame Barrier","floor":4},{"not_picked":["Headbutt","Entrench"],"picked":"Metallicize","floor":5},{"not_picked":["Sentinel","Fire Breathing","Metallicize"],"picked":"SKIP","floor":6},{"not_picked":["Twin Strike","Perfected Strike"],"picked":"Pommel Strike","floor":8},{"not_picked":["Shockwave","Carnage"],"picked":"Anger","floor":10},{"not_picked":["Cleave","Body Slam","Seeing Red"],"picked":"SKIP","floor":11},{"not_picked":["Burning Pact","Warcry","Cleave"],"picked":"SKIP","floor":12},{"not_picked":["Double Tap","Exhume"],"picked":"Limit Break","floor":16},{"not_picked":["Wild Strike","Body Slam"],"picked":"Havoc+1","floor":18},{"not_picked":["Dropkick","Burning Pact"],"picked":"Feel No Pain+1","floor":21},{"not_picked":["Thunderclap","Anger"],"picked":"Clothesline+1","floor":22},{"not_picked":["Heavy Blade+1","Clothesline"],"picked":"Twin Strike+1","floor":24},{"not_picked":["Rampage+1","Evolve+1","Second Wind"],"picked":"SKIP","floor":28},{"not_picked":["Twin Strike","Sever Soul"],"picked":"Rage","floor":30},{"not_picked":["Double Tap","Dark Embrace+1"],"picked":"Barricade+1","floor":33},{"not_picked":["Wild Strike+1","Flex","Anger"],"picked":"SKIP","floor":35},{"not_picked":["Clash","Dropkick"],"picked":"Battle Trance+1","floor":36},{"not_picked":["True Grit","Twin Strike"],"picked":"Second Wind+1","floor":37},{"not_picked":["Twin Strike","Fiend Fire"],"picked":"Whirlwind","floor":38},{"not_picked":["Evolve+1","Havoc"],"picked":"Shrug It Off+1","floor":39},{"not_picked":["Anger","Sever Soul+1","Flex"],"picked":"SKIP","floor":40},{"not_picked":["Armaments","Bloodletting"],"picked":"Shrug It Off","floor":42},{"not_picked":["Clothesline+1","Flex"],"picked":"Offering","floor":45},{"not_picked":["Twin Strike","Body Slam"],"picked":"Headbutt","floor":48}],"player_experience":2185792,"relics_obtained":[{"floor":6,"key":"Frozen Egg 2"},{"floor":8,"key":"Art of War"},{"floor":9,"key":"Mercury Hourglass"},{"floor":11,"key":"Matryoshka"},{"floor":24,"key":"Centennial Puzzle"},{"floor":26,"key":"War Paint"},{"floor":26,"key":"Smiling Mask"},{"floor":28,"key":"Kunai"},{"floor":31,"key":"Nilry\u0027s Codex"},{"floor":36,"key":"FossilizedHelix"},{"floor":40,"key":"Ornamental Fan"},{"floor":42,"key":"Boot"},{"floor":43,"key":"Juzu Bracelet"},{"floor":43,"key":"Orichalcum"}],"event_choices":[{"damage_healed":0,"gold_gain":0,"player_choice":"Grow","damage_taken":0,"max_hp_gain":0,"max_hp_loss":0,"event_name":"Living Wall","floor":13,"gold_loss":0,"cards_upgraded":["Spot Weakness"]},{"damage_healed":0,"gold_gain":0,"player_choice":"Entered Light","damage_taken":23,"max_hp_gain":0,"max_hp_loss":0,"event_name":"Shining Light","floor":14,"gold_loss":0,"cards_upgraded":["Strike_R","Carnage"]},{"damage_healed":0,"gold_gain":0,"player_choice":"Read","damage_taken":0,"max_hp_gain":0,"max_hp_loss":0,"event_name":"The Library","floor":19,"gold_loss":0,"cards_obtained":["Shrug It Off"]},{"damage_healed":0,"gold_gain":0,"player_choice":"Simplicity","damage_taken":0,"max_hp_gain":0,"max_hp_loss":0,"event_name":"Back to Basics","floor":20,"gold_loss":0,"cards_upgraded":["Strike_R","Strike_R","Strike_R","Strike_R","Defend_R","Defend_R","Defend_R","Defend_R"]},{"damage_healed":0,"gold_gain":0,"player_choice":"Obtained Book","damage_taken":21,"max_hp_gain":0,"max_hp_loss":0,"event_name":"Cursed Tome","floor":31,"gold_loss":0},{"damage_healed":0,"gold_gain":0,"player_choice":"Fight","damage_taken":0,"max_hp_gain":0,"max_hp_loss":0,"event_name":"Mysterious Sphere","floor":36,"gold_loss":0}],"is_beta":false,"boss_relics":[{"not_picked":["Busted Crown","Astrolabe"],"picked":"Ectoplasm"},{"not_picked":["Mark of Pain","Eternal Feather"],"picked":"Cursed Key"}],"items_purged_floors":[2,47],"is_endless":false,"potions_floor_spawned":[5,6,8,10,11,16,22,24,30,35,38,39,45],"ascension_level":15}