{"gold_per_floor":[10,10,27,27,41,68,78,113,113,113,37,212,225,225,225,329,329,339,339,358,31,44,44,76,76,145,177,193,207,207,238,238,238],"floor_reached":33,"playtime":1192,"items_purged":[],"score":378,"play_id":"9e30095c-7b10-4262-ad78-4f8ebfa4bf7c","local_time":"25610805160027","is_ascension_mode":true,"campfire_choices":[{"floor":10.0,"key":"REST"},{"data":"Blade Dance","floor":15.0,"key":"SMITH"},{"floor":23,"key":"REST"},{"floor":25,"key":"REST"},{"floor":30,"key":"REST"},{"floor":32,"key":"REST"}],"neow_cost":"NO_GOLD","seed_source_timestamp":18293216605527,"circlet_count":0,"master_deck":["Defend_G","Defend_G","Defend_G","Defend_G","Defend_G","Strike_G","Strike_G","Strike_G","Strike_G","Strike_G","Survivor","Neutralize","Acrobatics","Dagger Throw","Underhanded Strike","Finisher","Leg Sweep","Blade Dance+1","Flying Knee","Doubt","Burst+1","Phantasmal Killer","Sucker Punch+1","Blur","Footwork","Dagger Throw","Choke","Blade Dance","Cloak And Dagger+1"],"special_seed":0,"relics":["Ring of the Snake","Nunchaku","Centennial Puzzle","Gremlin Horn","Vajra","The Specimen","Mummified Hand","Sozu","Meat on the Bone","Ancient Tea Set","Bottled Flame","Blue Candle","Letter Opener"],"potions_floor_usage":[16,22],"damage_taken":[{"damage":0.0,"enemies":"Small Slimes","floor":1.0,"turns":3.0},{"damage":0.0,"enemies":"2 Louse","floor":3.0,"turns":2.0},{"damage":0.0,"enemies":"Cultist","floor":5.0,"turns":4.0},{"damage":22.0,"enemies":"Lagavulin","floor":6.0,"turns":6.0},{"damage":0.0,"enemies":"Blue Slaver","floor":7.0,"turns":2.0},{"damage":5.0,"enemies":"3 Sentries","floor":8.0,"turns":5.0},{"damage":0.0,"enemies":"2 Fungi Beasts","floor":13.0,"turns":2.0},{"damage":16,"enemies":"Slime Boss","floor":16,"turns":6},{"damage":0,"enemies":"Chosen","floor":18,"turns":4},{"damage":15,"enemies":"2 Thieves","floor":20,"turns":3},{"damage":8,"enemies":"Chosen and Byrds","floor":22,"turns":2},{"damage":44,"enemies":"Slavers","floor":24,"turns":8},{"damage":5,"enemies":"Gremlin Leader","floor":27,"turns":2},{"damage":9,"enemies":"Snake Plant","floor":28,"turns":4},{"damage":23,"enemies":"Cultist and Chosen","floor":29,"turns":6},{"damage":18,"enemies":"Book of Stabbing","floor":31,"turns":5},{"damage":87,"enemies":"Champ","floor":33,"turns":10}],"seed_played":"1537828410606487700","potions_obtained":[{"floor":3.0,"key":"SkillPotion"},{"floor":5.0,"key":"PowerPotion"},{"floor":7.0,"key":"LiquidBronze"},{"floor":8.0,"key":"Fire Potion"}],"is_trial":false,"path_per_floor":["M","?","M","?","M","E","M","E","T","R","$","?","M","?","R","B",null,"M","?","M","$","M","R","E","R","T","E","M","M","R","E","R"],"character_chosen":"THE_SILENT","items_purchased":["Blade Dance","Flying Knee","Meat on the Bone","Footwork"],"campfire_rested":5,"item_purchase_floors":[11,11,21,21],"current_hp_per_floor":[70,63,63,63,63,41,41,36,36,57,57,57,57,57,57,41,70,70,70,55,55,47,68,36,57,57,52,43,32,53,47,68,0],"gold":238,"neow_bonus":"ONE_RARE_RELIC","is_prod":false,"is_daily":false,"chose_seed":false,"campfire_upgraded":1,"win_rate":0,"timestamp":1533459627,"path_taken":["M","?","M","?","M","E","M","E","T","R","$","?","M","?","R","BOSS","M","?","M","$","M","R","E","R","T","E","?","M","R","E","R","BOSS"],"build_version":"2018-08-02","purchased_purges":0,"victory":false,"max_hp_per_floor":[70,70,70,70,70,70,70,70,70,70,70,70,70,70,70,70,70,70,70,70,70,70,70,70,70,70,70,70,70,70,70,70,70],"card_choices":[{"not_picked":["Dodge and Roll","Escape Plan"],"picked":"Acrobatics","floor":1.0},{"not_picked":["Reflex","Acrobatics"],"picked":"Dagger Throw","floor":3.0},{"not_picked":["Crippling Poison","Dagger Throw"],"picked":"Underhanded Strike","floor":5.0},{"not_picked":["PiercingWail","Deadly Poison"],"picked":"Finisher","floor":6.0},{"not_picked":["Prepared","Catalyst","Deadly Poison"],"picked":"SKIP","floor":7.0},{"not_picked":["Backflip","Endless Agony"],"picked":"Leg Sweep","floor":8.0},{"not_picked":["Backstab","Backflip"],"picked":"Burst","floor":13.0},{"not_picked":["Wraith Form v2","A Thousand Cuts"],"picked":"Phantasmal Killer","floor":16},{"not_picked":["PiercingWail","Blade Dance"],"picked":"Sucker Punch+1","floor":18},{"not_picked":["Outmaneuver","Reflex"],"picked":"Blur","floor":20},{"not_picked":["Deflect","Quick Slash"],"picked":"Dagger Throw","floor":22},{"not_picked":["Dagger Throw+1","Deadly Poison"],"picked":"Choke","floor":24},{"not_picked":["Bane","Dodge and Roll"],"picked":"Blade Dance","floor":27},{"not_picked":["Choke","Dagger Spray","Distraction"],"picked":"SKIP","floor":28},{"not_picked":["Sucker Punch","Phantasmal Killer","Deflect"],"picked":"SKIP","floor":29},{"not_picked":["Finisher+1","Dash"],"picked":"Cloak And Dagger+1","floor":31}],"player_experience":205889,"relics_obtained":[{"floor":6.0,"key":"Vajra"},{"floor":8.0,"key":"The Specimen"},{"floor":9.0,"key":"Mummified Hand"},{"floor":24,"key":"Ancient Tea Set"},{"floor":26,"key":"Bottled Flame"},{"floor":27,"key":"Blue Candle"},{"floor":31,"key":"Letter Opener"}],"event_choices":[{"event_name":"Scrap Ooze","player_choice":"success","floor":2.0,"damage_taken":7.0},{"event_name":"WeMeetAgain","player_choice":"Potion","floor":4.0,"damage_taken":0.0},{"event_name":"Liars Game","player_choice":"agreed","floor":12.0,"damage_taken":0.0},{"event_name":"Upgrade Shrine","player_choice":"Upgraded","floor":14.0,"damage_taken":0.0},{"event_name":"Ghosts","player_choice":"Ignored","floor":19,"damage_taken":0}],"is_beta":false,"boss_relics":[{"not_picked":["Pandora\u0027s Box","Calling Bell"],"picked":"Sozu"}],"items_purged_floors":[],"is_endless":false,"potions_floor_spawned":[3,5,7,8,18,22,27],"killed_by":"Champ","ascension_level":4}