{"gold_per_floor":[114,114,128,144,161,161,179,179,179,18,18,18,44,3,3,75,75,86,86,103,378,191,191,221,235,235,235,246,246,246,271,271,350,350,361,361,361,372,243,268,286,109,133,133,144,174,174,199,199,199,199,199,199,15,47,47],"floor_reached":57,"playtime":5196,"items_purged":["Strike_B","Regret","Strike_B","Strike_B+1","Defend_B"],"score":3112,"play_id":"726c6d51-7704-46b3-a46d-0bbc7a74aadd","local_time":"20181228235341","is_ascension_mode":true,"campfire_choices":[{"data":"Streamline","floor":6.0,"key":"SMITH"},{"data":"Hologram","floor":8.0,"key":"SMITH"},{"data":"Defragment","floor":11.0,"key":"SMITH"},{"data":"Coolheaded","floor":15.0,"key":"SMITH"},{"data":"Fission","floor":23.0,"key":"SMITH"},{"data":"Recycle","floor":27.0,"key":"SMITH"},{"floor":30.0,"key":"REST"},{"data":"Defragment","floor":32.0,"key":"SMITH"},{"data":"Consume","floor":44.0,"key":"SMITH"},{"data":"Blizzard","floor":47.0,"key":"SMITH"},{"floor":49.0,"key":"RECALL"},{"data":"Creative AI","floor":53.0,"key":"SMITH"}],"neow_cost":"PERCENT_DAMAGE","seed_source_timestamp":6054350320155,"circlet_count":0,"master_deck":["AscendersBane","Defend_B","Defend_B","Zap+1","Dualcast","Glacier","Coolheaded+1","Streamline+1","Recycle+1","Hologram+1","Defragment+1","Fission+1","Fusion+1","Beam Cell","Defragment+1","Defragment+1","Creative AI+1","Barrage+1","Blizzard+1","Heatsinks+1","Consume+1"],"special_seed":0,"relics":["Cracked Core","Anchor","Smiling Mask","Inserter","Bottled Lightning","Cables","Turnip","Runic Dome","Frozen Egg 2","Incense Burner","Bottled Tornado","Sundial"],"potions_floor_usage":[56],"damage_taken":[{"damage":1.0,"enemies":"2 Louse","floor":1.0,"turns":3.0},{"damage":2.0,"enemies":"Cultist","floor":3.0,"turns":4.0},{"damage":8.0,"enemies":"Small Slimes","floor":4.0,"turns":4.0},{"damage":8.0,"enemies":"3 Louse","floor":5.0,"turns":4.0},{"damage":7.0,"enemies":"2 Fungi Beasts","floor":7.0,"turns":3.0},{"damage":0.0,"enemies":"3 Sentries","floor":13.0,"turns":9.0},{"damage":17.0,"enemies":"Slime Boss","floor":16.0,"turns":11.0},{"damage":10.0,"enemies":"2 Thieves","floor":18.0,"turns":4.0},{"damage":19.0,"enemies":"Colosseum Slavers","floor":19.0,"turns":6.0},{"damage":0.0,"enemies":"Chosen","floor":20.0,"turns":5.0},{"damage":23.0,"enemies":"Slavers","floor":24.0,"turns":9.0},{"damage":0.0,"enemies":"Snake Plant","floor":25.0,"turns":6.0},{"damage":0.0,"enemies":"Centurion and Healer","floor":28.0,"turns":6.0},{"damage":0.0,"enemies":"Gremlin Leader","floor":31.0,"turns":10.0},{"damage":0.0,"enemies":"Champ","floor":33.0,"turns":14.0},{"damage":0.0,"enemies":"3 Darklings","floor":35.0,"turns":9.0},{"damage":0.0,"enemies":"3 Shapes","floor":38.0,"turns":4.0},{"damage":17.0,"enemies":"Nemesis","floor":40.0,"turns":7.0},{"damage":11.0,"enemies":"Spire Growth","floor":41.0,"turns":7.0},{"damage":0.0,"enemies":"4 Shapes","floor":45.0,"turns":6.0},{"damage":9.0,"enemies":"Reptomancer","floor":46.0,"turns":9.0},{"damage":0.0,"enemies":"Giant Head","floor":48.0,"turns":8.0},{"damage":6.0,"enemies":"Awakened One","floor":50.0,"turns":15.0},{"damage":0.0,"enemies":"Donu and Deca","floor":51.0,"turns":10.0},{"damage":11.0,"enemies":"Shield and Spear","floor":55.0,"turns":19.0},{"damage":13,"enemies":"The Heart","floor":56,"turns":11}],"seed_played":"-4260023796315131729","potions_obtained":[{"floor":3.0,"key":"Fire Potion"},{"floor":5.0,"key":"Energy Potion"},{"floor":13.0,"key":"SteroidPotion"},{"floor":18.0,"key":"Energy Potion"},{"floor":25.0,"key":"SteroidPotion"},{"floor":31.0,"key":"Energy Potion"},{"floor":33.0,"key":"Energy Potion"},{"floor":38.0,"key":"PowerPotion"},{"floor":48.0,"key":"Swift Potion"}],"is_trial":false,"path_per_floor":["M","?","M","M","M","R","M","R","T","$","R","?","E","?","R","B",null,"M","?","M","?","$","R","E","T","R","M","?","R","E","R",null,"M","?","M","$","E","$","T","R","M","R","E","R",null,"R","$",null],"character_chosen":"DEFECT","items_purchased":["Defragment","Regen Potion","Beam Cell","Blizzard","Consume","Swift Potion","Swift Potion","LiquidBronze"],"campfire_rested":1,"item_purchase_floors":[10,22,22,39,42,42,54,54],"current_hp_per_floor":[45,71,69,61,53,53,46,46,46,46,46,25,25,25,25,8,55,45,26,26,26,26,26,18,18,18,18,18,18,39,39,39,39,63,63,63,63,63,63,46,35,35,35,35,35,26,26,26,26,20,20,55,55,55,44,31],"gold":47,"neow_bonus":"TRANSFORM_TWO_CARDS","is_prod":false,"is_daily":false,"chose_seed":false,"campfire_upgraded":10,"win_rate":0,"timestamp":1546012421,"path_taken":["M","?","M","M","M","R","?","R","T","?","R","?","E","?","R","BOSS","M","?","M","?","$","R","E","M","T","R","?","?","R","E","R","BOSS","M","?","?","M","$","E","M","$","T","R","M","E","R","E","R","BOSS","BOSS","R","$","E","BOSS"],"build_version":"2018-12-25","purchased_purges":5,"victory":true,"max_hp_per_floor":[71,71,71,71,71,71,71,71,71,71,71,71,71,71,71,71,71,71,71,71,71,71,71,71,71,71,71,71,71,71,71,71,71,71,71,71,67,67,67,67,67,67,67,67,67,67,67,67,67,67,67,67,67,67,67,67],"card_choices":[{"not_picked":["Beam Cell","FTL"],"picked":"Coolheaded","floor":1.0},{"not_picked":["Doom and Gloom","Barrage"],"picked":"Streamline","floor":3.0},{"not_picked":["Redo","Recycle","Stack"],"picked":"SKIP","floor":4.0},{"not_picked":["Redo","Recycle","Stack"],"picked":"SKIP","floor":4.0},{"not_picked":["Redo","Stack"],"picked":"Recycle","floor":4.0},{"not_picked":["Heatsinks","Leap"],"picked":"Hologram","floor":5.0},{"not_picked":["Turbo","Sweeping Beam","Cold Snap"],"picked":"SKIP","floor":7.0},{"not_picked":["Hyperbeam","Steam Power","Darkness"],"picked":"SKIP","floor":13.0},{"not_picked":["Buffer","Echo Form"],"picked":"Fission","floor":16.0},{"not_picked":["Compile Driver","Steam","Streamline"],"picked":"SKIP","floor":18.0},{"not_picked":["Leap","Cold Snap"],"picked":"Fusion+1","floor":20.0},{"not_picked":["Lockon+1","Go for the Eyes","Steam Power"],"picked":"SKIP","floor":24.0},{"not_picked":["Multi-Cast","Sweeping Beam","Turbo"],"picked":"SKIP","floor":25.0},{"not_picked":["Conserve Battery","Leap"],"picked":"Defragment","floor":28.0},{"not_picked":["Auto Shields","Sweeping Beam","Hyperbeam"],"picked":"SKIP","floor":31.0},{"not_picked":["All For One","Rainbow"],"picked":"Creative AI","floor":33.0},{"not_picked":["Barrage+1","Stack","Ball Lightning"],"picked":"SKIP","floor":35.0},{"not_picked":["Stack","Ball Lightning"],"picked":"Barrage+1","floor":35.0},{"not_picked":["Stack","Lockon","Reprogram"],"picked":"SKIP","floor":38.0},{"not_picked":["Lockon","Conserve Battery","Streamline"],"picked":"SKIP","floor":40.0},{"not_picked":["Rip and Tear+1","Fission"],"picked":"Heatsinks+1","floor":41.0},{"not_picked":["Genetic Algorithm","Stack+1","Beam Cell"],"picked":"SKIP","floor":45.0},{"not_picked":["BootSequence","Multi-Cast","Static Discharge+1"],"picked":"SKIP","floor":46.0},{"not_picked":["Doom and Gloom","All For One","Ball Lightning"],"picked":"SKIP","floor":48.0},{"not_picked":["Leap","Reinforced Body","BootSequence"],"picked":"SKIP","floor":55.0}],"player_experience":1197664,"relics_obtained":[{"floor":9.0,"key":"Anchor"},{"floor":13.0,"key":"Smiling Mask"},{"floor":24.0,"key":"Bottled Lightning"},{"floor":26.0,"key":"Cables"},{"floor":31.0,"key":"Turnip"},{"floor":40.0,"key":"Frozen Egg 2"},{"floor":46.0,"key":"Incense Burner"},{"floor":48.0,"key":"Bottled Tornado"},{"floor":55.0,"key":"Sundial"}],"event_choices":[{"cards_removed":["Loop"],"damage_healed":26.0,"max_hp_gain":0.0,"max_hp_loss":0.0,"gold_gain":0.0,"event_name":"Bonfire Elementals","player_choice":"Offered Uncommon","floor":2.0,"gold_loss":0.0,"damage_taken":0.0},{"damage_healed":0.0,"max_hp_gain":0.0,"max_hp_loss":0.0,"gold_gain":0.0,"event_name":"Shining Light","player_choice":"Entered Light","floor":12.0,"gold_loss":0.0,"damage_taken":21.0,"cards_upgraded":["Strike_B","Zap"]},{"damage_healed":0.0,"max_hp_gain":0.0,"max_hp_loss":0.0,"gold_gain":0.0,"event_name":"World of Goop","player_choice":"Left Gold","floor":14.0,"gold_loss":41.0,"damage_taken":0.0},{"damage_healed":0.0,"max_hp_gain":0.0,"max_hp_loss":0.0,"gold_gain":0.0,"event_name":"Colosseum","player_choice":"Fight","floor":19.0,"gold_loss":0.0,"damage_taken":0.0},{"damage_healed":0.0,"max_hp_gain":0.0,"max_hp_loss":0.0,"gold_gain":0.0,"event_name":"Colosseum","player_choice":"Fled From Nobs","floor":19.0,"gold_loss":0.0,"damage_taken":0.0},{"damage_healed":0.0,"max_hp_gain":0.0,"max_hp_loss":0.0,"gold_gain":275.0,"event_name":"Golden Shrine","player_choice":"Desecrate","floor":21.0,"gold_loss":0.0,"damage_taken":0.0,"cards_obtained":["Regret"]},{"damage_healed":0.0,"max_hp_gain":0.0,"max_hp_loss":0.0,"gold_gain":0.0,"event_name":"Duplicator","player_choice":"Copied","floor":29.0,"gold_loss":0.0,"damage_taken":0.0,"cards_obtained":["Defragment"]},{"damage_healed":0.0,"max_hp_gain":0.0,"max_hp_loss":0.0,"gold_gain":0.0,"event_name":"Mysterious Sphere","player_choice":"Ignored","floor":36.0,"gold_loss":0.0,"damage_taken":0.0},{"damage_healed":0.0,"max_hp_gain":0.0,"max_hp_loss":4.0,"gold_gain":0.0,"event_name":"Winding Halls","player_choice":"Max HP","floor":37.0,"gold_loss":0.0,"damage_taken":0.0}],"is_beta":true,"boss_relics":[{"not_picked":["Black Star","Cursed Key"],"picked":"Inserter"},{"not_picked":["Velvet Choker","Pandora\u0027s Box"],"picked":"Runic Dome"}],"items_purged_floors":[10,22,39,42,54],"is_endless":false,"potions_floor_spawned":[3,5,13,18,25,31,33,38,41,48],"ascension_level":20}