{"gold_per_floor":[118,118,136,136,153,188,188,203,203,28,28,28,40,67,67,165,165,185,195,195,120,43,43,43],"floor_reached":24,"playtime":1549,"items_purged":[],"score":204,"play_id":"076535b9-c27a-4bb0-bd74-9f52882b6a01","local_time":"25610714215827","is_ascension_mode":false,"campfire_choices":[{"data":"Bash","floor":7,"key":"SMITH"},{"data":"Demon Form","floor":12,"key":"SMITH"},{"floor":15,"key":"REST"},{"floor":23,"key":"REST"}],"neow_cost":"","seed_source_timestamp":41716395302996,"circlet_count":0,"master_deck":["Strike_R","Strike_R","Strike_R","Strike_R","Defend_R","Defend_R","Defend_R","Bash+1","Armaments","Perfected Strike","Flex","Warcry","Iron Wave","Pommel Strike","Demon Form+1","Shrug It Off","Anger","Anger","Brutality","True Grit","Dual Wield+1","J.A.X."],"relics":["Black Blood","Torii","Question Card","Darkstone Periapt","Bottled Lightning"],"potions_floor_usage":[6,16],"damage_taken":[{"damage":14,"enemies":"2 Louse","floor":1,"turns":4},{"damage":5,"enemies":"Small Slimes","floor":3,"turns":4},{"damage":16,"enemies":"Jaw Worm","floor":5,"turns":4},{"damage":14,"enemies":"Gremlin Nob","floor":6,"turns":3},{"damage":1,"enemies":"Exordium Wildlife","floor":8,"turns":3},{"damage":3,"enemies":"Large Slime","floor":13,"turns":5},{"damage":21,"enemies":"Lagavulin","floor":14,"turns":4},{"damage":69,"enemies":"The Guardian","floor":16,"turns":9},{"damage":43,"enemies":"Spheric Guardian","floor":18,"turns":5},{"damage":31,"enemies":"3 Byrds","floor":19,"turns":6},{"damage":64,"enemies":"Slavers","floor":24,"turns":4}],"seed_played":"-3695569550701174391","potions_obtained":[{"floor":3,"key":"Energy Potion"},{"floor":8,"key":"LiquidBronze"},{"floor":19,"key":"Ancient Potion"}],"is_trial":false,"path_per_floor":["M","?","M","?","M","E","R","M","T","$","?","R","M","E","R","B",null,"M","M","?","?","?","R"],"character_chosen":"IRONCLAD","items_purchased":["Pommel Strike","Demon Form","Shrug It Off"],"campfire_rested":2,"item_purchase_floors":[10,10,10],"current_hp_per_floor":[72,72,73,66,56,48,48,53,53,53,59,59,62,47,72,9,86,53,32,32,32,32,57,0],"gold":43,"neow_bonus":"","is_prod":false,"is_daily":false,"chose_seed":false,"campfire_upgraded":2,"win_rate":0.0,"timestamp":1531580307,"path_taken":["M","?","M","?","M","E","R","M","T","$","?","R","M","E","R","BOSS","M","M","?","?","?","R","E"],"build_version":"2018-07-12","purchased_purges":0,"victory":false,"max_hp_per_floor":[80,80,80,80,80,80,80,80,80,80,86,86,86,86,86,86,86,86,86,86,86,86,86,86],"card_choices":[{"not_picked":["Cleave","Twin Strike"],"picked":"Armaments","floor":1},{"not_picked":["Entrench","Brutality"],"picked":"Perfected Strike","floor":3},{"not_picked":["Sword Boomerang","Feel No Pain"],"picked":"Flex","floor":5},{"not_picked":["Berserk","Cleave"],"picked":"Warcry","floor":6},{"not_picked":["Warcry","Carnage"],"picked":"Iron Wave","floor":8},{"not_picked":["Disarm","Shrug It Off","Sword Boomerang"],"picked":"Anger","floor":13},{"not_picked":["Intimidate","Bloodletting","Second Wind"],"picked":"Anger","floor":14},{"not_picked":["Demon Form","Offering","Berserk"],"picked":"Brutality","floor":16},{"not_picked":["Rage","Warcry","Rupture"],"picked":"True Grit","floor":18},{"not_picked":["Warcry+1","Headbutt","Carnage"],"picked":"Dual Wield+1","floor":19}],"player_experience":0,"relics_obtained":[{"floor":6,"key":"Torii"},{"floor":9,"key":"Question Card"},{"floor":14,"key":"Bottled Lightning"}],"event_choices":[{"event_name":"Living Wall","player_choice":"Forget","floor":2,"damage_taken":0},{"event_name":"Golden Wing","player_choice":"Card Removal","floor":4,"damage_taken":0},{"event_name":"Big Fish","player_choice":"Box","floor":11,"damage_taken":0},{"event_name":"Vampires","player_choice":"Ignored","floor":20,"damage_taken":0},{"event_name":"Beggar","player_choice":"Gave Gold","floor":21,"damage_taken":0},{"event_name":"Drug Dealer","player_choice":"Got JAXXED","floor":22,"damage_taken":0}],"boss_relics":[{"not_picked":["White Beast Statue","Orrery"],"picked":"Black Blood"}],"items_purged_floors":[],"is_endless":false,"potions_floor_spawned":[3,8,19],"killed_by":"Slavers","ascension_level":0}