{"gold_per_floor":[110,110,130,130,130,163,175,201,201,233,244,271,301,326,326,401,451,461,480,497,511,545,576,576,602,602,627,59,89,48,78,78,155,155,168,178,178,198,227,261,278,307,307,338,338,338,338,372,372,372,372,372,372,34,66,66],"floor_reached":57,"playtime":3497,"items_purged":["Poisoned Stab"],"score":4128,"play_id":"6b47aad2-6c83-49cf-a72a-ed9f6e51e165","local_time":"20190118212205","daily_mods":["SealedDeck","DeadlyEvents","Elite Swarm"],"is_ascension_mode":true,"campfire_choices":[{"data":"Burst","floor":15.0,"key":"SMITH"},{"data":"Well Laid Plans","floor":24.0,"key":"SMITH"},{"data":"Catalyst","floor":32.0,"key":"SMITH"},{"floor":45,"key":"RECALL"},{"data":"Bouncing Flask","floor":47,"key":"SMITH"},{"data":"Crippling Poison","floor":49,"key":"SMITH"},{"data":"Deadly Poison","floor":53,"key":"SMITH"}],"neow_cost":"","seed_source_timestamp":0,"circlet_count":0,"master_deck":["AscendersBane","Deflect","Cloak And Dagger","Dodge and Roll","Backflip","Catalyst+1","PiercingWail","Bouncing Flask+1","Deadly Poison+1","Well Laid Plans+1","Adrenaline","Burst+1","Corpse Explosion","Wraith Form v2+1","Backflip+1","PiercingWail","Bullet Time","Adrenaline","Crippling Poison+1","Adrenaline","After Image","Bullet Time","Malaise+1","Footwork","Escape Plan+1","Adrenaline+1"],"special_seed":0,"relics":["Ring of the Snake","Meat on the Bone","Calipers","Bottled Tornado","Pen Nib","Regal Pillow","Happy Flower","Letter Opener","Tiny House","WingedGreaves","Gambling Chip","Centennial Puzzle","Pear","Bag of Marbles","Art of War","Bird Faced Urn","Nunchaku","Snake Skull","Cursed Key","Girya","Singing Bowl","Gremlin Horn","Molten Egg 2","Toxic Egg 2","Orichalcum","StoneCalendar"],"potions_floor_usage":[56],"damage_taken":[{"damage":0.0,"enemies":"Jaw Worm","floor":1.0,"turns":3.0},{"damage":0.0,"enemies":"Small Slimes","floor":3.0,"turns":3.0},{"damage":35.0,"enemies":"3 Sentries","floor":6.0,"turns":11.0},{"damage":0.0,"enemies":"2 Louse","floor":7.0,"turns":3.0},{"damage":11.0,"enemies":"Gremlin Nob","floor":8.0,"turns":3.0},{"damage":1.0,"enemies":"Lagavulin","floor":10.0,"turns":5.0},{"damage":0.0,"enemies":"Exordium Wildlife","floor":11.0,"turns":4.0},{"damage":17.0,"enemies":"Gremlin Nob","floor":12.0,"turns":3.0},{"damage":11.0,"enemies":"Lagavulin","floor":13.0,"turns":3.0},{"damage":17.0,"enemies":"Gremlin Nob","floor":14.0,"turns":3.0},{"damage":1.0,"enemies":"The Guardian","floor":16.0,"turns":4.0},{"damage":0.0,"enemies":"Spheric Guardian","floor":18.0,"turns":2.0},{"damage":10.0,"enemies":"Shell Parasite","floor":19.0,"turns":3.0},{"damage":0.0,"enemies":"Snake Plant","floor":20.0,"turns":4.0},{"damage":0.0,"enemies":"Cultist and Chosen","floor":21.0,"turns":6.0},{"damage":11.0,"enemies":"Gremlin Leader","floor":22.0,"turns":6.0},{"damage":34.0,"enemies":"Slavers","floor":23.0,"turns":3.0},{"damage":0.0,"enemies":"Gremlin Leader","floor":25.0,"turns":3.0},{"damage":0.0,"enemies":"Slavers","floor":27.0,"turns":3.0},{"damage":0.0,"enemies":"Gremlin Leader","floor":29.0,"turns":4.0},{"damage":0.0,"enemies":"Book of Stabbing","floor":31.0,"turns":3.0},{"damage":0.0,"enemies":"Collector","floor":33.0,"turns":2.0},{"damage":0.0,"enemies":"3 Shapes","floor":35.0,"turns":2.0},{"damage":0.0,"enemies":"3 Darklings","floor":36.0,"turns":3.0},{"damage":0.0,"enemies":"Spire Growth","floor":38.0,"turns":2.0},{"damage":0.0,"enemies":"Reptomancer","floor":39.0,"turns":2.0},{"damage":0.0,"enemies":"Giant Head","floor":40.0,"turns":2.0},{"damage":0.0,"enemies":"Transient","floor":41.0,"turns":4.0},{"damage":0.0,"enemies":"Reptomancer","floor":42.0,"turns":2.0},{"damage":0,"enemies":"Nemesis","floor":44,"turns":3},{"damage":0,"enemies":"Giant Head","floor":48,"turns":3},{"damage":0,"enemies":"Donu and Deca","floor":50,"turns":4},{"damage":0,"enemies":"Time Eater","floor":51,"turns":5},{"damage":0,"enemies":"Shield and Spear","floor":55,"turns":2},{"damage":5,"enemies":"The Heart","floor":56,"turns":8}],"seed_played":"-1453791653270189822","potions_obtained":[{"floor":3.0,"key":"Regen Potion"},{"floor":6.0,"key":"SpeedPotion"},{"floor":7.0,"key":"Regen Potion"},{"floor":16.0,"key":"GhostInAJar"},{"floor":27.0,"key":"Dexterity Potion"},{"floor":29.0,"key":"AttackPotion"},{"floor":38.0,"key":"Block Potion"}],"is_trial":true,"path_per_floor":["M","?","M","?","?","E","M","E","T","E","M","E","E","E","R","B",null,"M","M","M","M","E","E","R","E","T","E","$","E","$","E","R","B",null,"M","M","?","M","E","E","M","E","T","E","R","?","R","E","R","B","B",null,"R","$","E","B",null],"character_chosen":"THE_SILENT","items_purchased":["Art of War","Bird Faced Urn","Crippling Poison","Footwork","Escape Plan+1","Orichalcum"],"campfire_rested":0,"item_purchase_floors":[28,28,30,54,54,54],"current_hp_per_floor":[59,33,45,45,50,42,42,43,43,42,42,37,38,33,33,44,69,69,59,59,59,48,26,26,50,60,60,60,62,62,64,64,66,81,83,85,85,86,86,86,88,88,88,88,88,84,84,84,84,84,84,84,84,84,84,81],"gold":66,"neow_bonus":"","is_prod":false,"is_daily":false,"chose_seed":false,"campfire_upgraded":6,"win_rate":0,"timestamp":1547875325,"path_taken":["M","?","M","?","?","E","M","E","T","E","M","E","?","E","R","BOSS","M","M","?","M","?","E","R","E","T","E","$","E","?","E","R","BOSS","M","M","?","?","?","E","M","E","T","E","R","?","R","E","R","BOSS","BOSS","R","$","E","BOSS"],"build_version":"2019-01-17v2","purchased_purges":1,"victory":true,"max_hp_per_floor":[66,66,66,66,71,71,71,71,71,71,71,71,71,71,71,71,76,76,76,76,76,76,76,76,76,86,86,86,86,86,86,86,86,86,86,86,86,86,86,86,88,88,88,88,88,84,84,84,84,84,84,84,84,84,84,84],"card_choices":[{"not_picked":["Dagger Throw","Deadly Poison","Slice"],"picked":"SKIP","floor":1.0},{"not_picked":["Poisoned Stab","Backstab","PiercingWail"],"picked":"SKIP","floor":3.0},{"not_picked":["Bullet Time","Night Terror","Envenom"],"picked":"SKIP","floor":6.0},{"not_picked":["Blade Dance","Well Laid Plans","Underhanded Strike"],"picked":"SKIP","floor":7.0},{"not_picked":["Tools of the Trade","Glass Knife"],"picked":"Adrenaline","floor":8.0},{"not_picked":["Doppelganger","Phantasmal Killer"],"picked":"Burst","floor":10.0},{"not_picked":["Finisher","Bane","Dagger Spray"],"picked":"SKIP","floor":11.0},{"not_picked":["Grand Finale","Die Die Die"],"picked":"Corpse Explosion","floor":12.0},{"not_picked":["Phantasmal Killer","Venomology","Bullet Time"],"picked":"SKIP","floor":13.0},{"not_picked":["Storm of Steel","Corpse Explosion","Burst"],"picked":"SKIP","floor":14.0},{"not_picked":["A Thousand Cuts","Venomology"],"picked":"Wraith Form v2","floor":16.0},{"not_picked":["Blade Dance","Outmaneuver","Dagger Spray"],"picked":"SKIP","floor":18.0},{"not_picked":["Riddle With Holes","Backflip","Terror"],"picked":"SKIP","floor":19.0},{"not_picked":["Poisoned Stab","Blade Dance+1"],"picked":"Backflip+1","floor":20.0},{"not_picked":["Dagger Spray","Skewer+1"],"picked":"PiercingWail","floor":21.0},{"not_picked":["A Thousand Cuts","Venomology","Tools of the Trade"],"picked":"SKIP","floor":22.0},{"not_picked":["Tools of the Trade","Corpse Explosion"],"picked":"Bullet Time","floor":23.0},{"not_picked":["Venomology","Envenom","Bullet Time"],"picked":"SKIP","floor":25.0},{"not_picked":["Unload","Doppelganger","After Image"],"picked":"SKIP","floor":27.0},{"not_picked":["Corpse Explosion","Die Die Die"],"picked":"Adrenaline","floor":29.0},{"not_picked":["Bullet Time","Venomology","Glass Knife"],"picked":"SKIP","floor":31.0},{"not_picked":["Acrobatics","Flying Knee","Skewer"],"picked":"SKIP","floor":35.0},{"not_picked":["Deflect","Dagger Spray","Sucker Punch"],"picked":"SKIP","floor":36.0},{"not_picked":["Predator+1","Acrobatics","Flechettes+1"],"picked":"SKIP","floor":38.0},{"not_picked":["Grand Finale","After Image","A Thousand Cuts"],"picked":"SKIP","floor":39.0},{"not_picked":["Die Die Die","Venomology"],"picked":"Adrenaline","floor":40.0},{"not_picked":["Expertise","Quick Slash","Underhanded Strike+1"],"picked":"Singing Bowl","floor":41.0},{"not_picked":["Die Die Die","Storm of Steel"],"picked":"After Image","floor":42.0},{"not_picked":["Corpse Explosion","After Image"],"picked":"Bullet Time","floor":44},{"not_picked":["Burst","Glass Knife+1"],"picked":"Malaise","floor":48},{"not_picked":["Envenom","Corpse Explosion+1"],"picked":"Adrenaline+1","floor":55}],"player_experience":2016113,"relics_obtained":[{"floor":6.0,"key":"Calipers"},{"floor":8.0,"key":"Bottled Tornado"},{"floor":10.0,"key":"Pen Nib"},{"floor":12.0,"key":"Regal Pillow"},{"floor":13.0,"key":"Happy Flower"},{"floor":14.0,"key":"Letter Opener"},{"floor":22.0,"key":"WingedGreaves"},{"floor":23.0,"key":"Gambling Chip"},{"floor":25.0,"key":"Centennial Puzzle"},{"floor":26.0,"key":"Pear"},{"floor":27.0,"key":"Bag of Marbles"},{"floor":29.0,"key":"Nunchaku"},{"floor":31.0,"key":"Snake Skull"},{"floor":39.0,"key":"Girya"},{"floor":40.0,"key":"Singing Bowl"},{"floor":42.0,"key":"Gremlin Horn"},{"floor":44,"key":"Molten Egg 2"},{"floor":48,"key":"Toxic Egg 2"},{"floor":55,"key":"StoneCalendar"}],"event_choices":[{"damage_healed":0.0,"max_hp_gain":0.0,"max_hp_loss":0.0,"gold_gain":0.0,"event_name":"Scrap Ooze","player_choice":"Success","floor":2.0,"gold_loss":0.0,"damage_taken":26.0,"relics_obtained":["Meat on the Bone"]},{"damage_healed":0.0,"max_hp_gain":0.0,"max_hp_loss":0.0,"gold_gain":0.0,"event_name":"Golden Wing","player_choice":"Ignored","floor":4.0,"gold_loss":0.0,"damage_taken":0.0},{"damage_healed":0.0,"max_hp_gain":5.0,"max_hp_loss":0.0,"gold_gain":0.0,"event_name":"Big Fish","player_choice":"Donut","floor":5.0,"gold_loss":0.0,"damage_taken":0.0},{"damage_healed":0.0,"max_hp_gain":0.0,"max_hp_loss":0.0,"gold_gain":0.0,"event_name":"SensoryStone","player_choice":"Memory 1","floor":37.0,"gold_loss":0.0,"damage_taken":0.0},{"damage_healed":0,"gold_gain":0,"player_choice":"Max HP","damage_taken":0,"max_hp_gain":0,"max_hp_loss":4,"event_name":"Winding Halls","floor":46,"gold_loss":0}],"is_beta":false,"boss_relics":[{"not_picked":["Astrolabe","White Beast Statue"],"picked":"Tiny House"},{"not_picked":["Busted Crown","Velvet Choker"],"picked":"Cursed Key"}],"items_purged_floors":[28],"is_endless":false,"potions_floor_spawned":[3,6,7,14,16,19,21,27,29,33,38,39,40,42,55],"ascension_level":20}