{"gold_per_floor":[119,134,2,13,31,56,19,50,106,56,91,91,91],"floor_reached":13,"playtime":697,"items_purged":[],"score":108,"play_id":"f43ce0c8-481f-47cc-95d2-504a9bed3a6f","local_time":"20181207210957","is_ascension_mode":true,"campfire_choices":[],"neow_cost":"NONE","seed_source_timestamp":509271567272611,"circlet_count":0,"master_deck":["Defend_G","Defend_G","Defend_G","Defend_G","Defend_G","Strike_G","Strike_G","Strike_G","Strike_G","Survivor","Neutralize","Deadly Poison","Bandage Up","Caltrops","Backflip","Corpse Explosion","Catalyst"],"relics":["Ring of the Snake","Ginger","Bronze Scales","Tiny Chest","Boot"],"potions_floor_usage":[11,13,13],"damage_taken":[{"damage":0,"enemies":"Small Slimes","floor":1,"turns":5},{"damage":0,"enemies":"2 Louse","floor":2,"turns":3},{"damage":1,"enemies":"Jaw Worm","floor":4,"turns":3},{"damage":5,"enemies":"3 Louse","floor":5,"turns":4},{"damage":39,"enemies":"3 Sentries","floor":6,"turns":12},{"damage":17,"enemies":"Gremlin Nob","floor":8,"turns":4},{"damage":9,"enemies":"Lagavulin","floor":11,"turns":6},{"damage":36,"enemies":"Gremlin Nob","floor":13,"turns":3}],"seed_played":"2272620969562371406","potions_obtained":[{"floor":4,"key":"Energy Potion"},{"floor":5,"key":"SkillPotion"},{"floor":8,"key":"FearPotion"}],"is_trial":false,"path_per_floor":["M","M","$","M","M","E","$","E","T","?","E","?","E"],"character_chosen":"THE_SILENT","items_purchased":["Bandage Up","Caltrops","Catalyst"],"campfire_rested":0,"item_purchase_floors":[3,3,7],"current_hp_per_floor":[77,77,77,76,75,38,38,21,21,21,16,16,0],"gold":91,"neow_bonus":"TEN_PERCENT_HP_BONUS","is_prod":false,"is_daily":false,"chose_seed":false,"campfire_upgraded":0,"win_rate":0,"timestamp":1544213397,"path_taken":["M","M","$","M","M","E","$","E","T","?","E","?","E"],"build_version":"2018-12-06","purchased_purges":0,"victory":false,"max_hp_per_floor":[77,77,77,77,77,77,77,77,77,77,77,77,77],"card_choices":[{"not_picked":["Dagger Spray","Deflect"],"picked":"Deadly Poison","floor":1},{"not_picked":["Bane","Outmaneuver","Crippling Poison"],"picked":"SKIP","floor":2},{"not_picked":["Outmaneuver","Well Laid Plans","Masterful Stab"],"picked":"SKIP","floor":4},{"not_picked":["Underhanded Strike","Choke"],"picked":"Backflip","floor":5},{"not_picked":["Slice","Blade Dance"],"picked":"Corpse Explosion","floor":6},{"not_picked":["Acrobatics","Dagger Throw","Quick Slash"],"picked":"SKIP","floor":8},{"not_picked":["Endless Agony","Predator","Reflex"],"picked":"SKIP","floor":11}],"player_experience":18788,"relics_obtained":[{"floor":6,"key":"Ginger"},{"floor":8,"key":"Bronze Scales"},{"floor":9,"key":"Tiny Chest"},{"floor":11,"key":"Boot"}],"event_choices":[{"cards_removed":["Strike_G"],"damage_healed":0,"gold_gain":0,"player_choice":"Card Removal","damage_taken":0,"max_hp_gain":0,"max_hp_loss":0,"event_name":"The Cleric","floor":10,"gold_loss":50},{"damage_healed":0,"gold_gain":0,"player_choice":"Fled","damage_taken":0,"max_hp_gain":0,"max_hp_loss":0,"event_name":"Scrap Ooze","floor":12,"gold_loss":0}],"is_beta":true,"boss_relics":[],"items_purged_floors":[],"is_endless":false,"potions_floor_spawned":[4,5,8],"killed_by":"Gremlin Nob","ascension_level":1}