{"gold_per_floor":[118,138,63,74,42,42,76,76,100,115,126,139,139,160,160,290,290,311,324,345,345,358,358,377,377,377,377,377,33,52,96,96,226,226,244,259,259,88,102,102,125,148,148,168,168,228,249,8,8,8,8,8,8,44,44],"floor_reached":56,"playtime":6883,"items_purged":["Strike_B","Zap","Defend_B"],"score":1177,"play_id":"efa977fc-9b0f-407e-b513-8592d1a7f408","local_time":"20190509174249","is_ascension_mode":false,"campfire_choices":[{"floor":6,"key":"RECALL"},{"data":"Glacier","floor":8,"key":"SMITH"},{"floor":15,"key":"REST"},{"data":"Loop","floor":23,"key":"SMITH"},{"data":"Barrage","floor":25,"key":"SMITH"},{"data":"Barrage","floor":27,"key":"SMITH"},{"data":"All For One","floor":32,"key":"SMITH"},{"data":"Meteor Strike","floor":40,"key":"SMITH"},{"data":"Barrage","floor":45,"key":"SMITH"},{"floor":49,"key":"REST"},{"data":"All For One","floor":52,"key":"SMITH"}],"neow_cost":"TEN_PERCENT_HP_LOSS","seed_source_timestamp":1718182320407965,"circlet_count":0,"master_deck":["Defend_B","Defend_B","Defend_B","Dualcast","Defragment+1","Barrage+1","Barrage+1","Glacier+1","Leap","Blizzard","Loop+1","White Noise","Multi-Cast","Hello World","Meteor Strike+1","Coolheaded","Conserve Battery+1","Barrage+1","Undo","Coolheaded+1","All For One+1","White Noise","Stack+1","Defragment+1","All For One+1","Compile Driver","Hologram+1","Compile Driver+1","Hologram+1","Streamline","Streamline","Compile Driver+1","Capacitor","HandOfGreed","Fusion+1"],"relics":["Cracked Core","Potion Belt","Golden Idol","Snecko Eye","Sundial","Toxic Egg 2","Regal Pillow","Busted Crown","Meat on the Bone","Peace Pipe","Oddly Smooth Stone"],"potions_floor_usage":[50,50,50,50,50,55],"damage_taken":[{"damage":0,"enemies":"Cultist","floor":1,"turns":3},{"damage":5,"enemies":"Small Slimes","floor":2,"turns":3},{"damage":0,"enemies":"2 Louse","floor":4,"turns":3},{"damage":0,"enemies":"Exordium Thugs","floor":5,"turns":6},{"damage":34,"enemies":"Gremlin Nob","floor":7,"turns":6},{"damage":1,"enemies":"Red Slaver","floor":10,"turns":4},{"damage":0,"enemies":"Blue Slaver","floor":11,"turns":5},{"damage":1,"enemies":"3 Louse","floor":12,"turns":4},{"damage":0,"enemies":"Looter","floor":14,"turns":3},{"damage":9,"enemies":"Hexaghost","floor":16,"turns":12},{"damage":12,"enemies":"Chosen","floor":18,"turns":8},{"damage":0,"enemies":"Spheric Guardian","floor":19,"turns":3},{"damage":7,"enemies":"3 Cultists","floor":20,"turns":5},{"damage":0,"enemies":"Snake Plant","floor":22,"turns":5},{"damage":7,"enemies":"Shelled Parasite and Fungi","floor":24,"turns":5},{"damage":0,"enemies":"Snecko","floor":30,"turns":5},{"damage":0,"enemies":"Book of Stabbing","floor":31,"turns":5},{"damage":23,"enemies":"Champ","floor":33,"turns":12},{"damage":0,"enemies":"Orb Walker","floor":35,"turns":2},{"damage":0,"enemies":"3 Darklings","floor":36,"turns":6},{"damage":7,"enemies":"4 Shapes","floor":39,"turns":5},{"damage":6,"enemies":"Writhing Mass","floor":41,"turns":7},{"damage":0,"enemies":"Transient","floor":42,"turns":5},{"damage":18,"enemies":"Jaw Worm Horde","floor":44,"turns":5},{"damage":0,"enemies":"2 Orb Walkers","floor":46,"turns":4},{"damage":25,"enemies":"4 Shapes","floor":47,"turns":6},{"damage":66,"enemies":"Time Eater","floor":50,"turns":15},{"damage":5,"enemies":"Shield and Spear","floor":54,"turns":7},{"damage":28,"enemies":"The Heart","floor":55,"turns":7}],"seed_played":"7068891820394658909","potions_obtained":[{"floor":4,"key":"Weak Potion"},{"floor":7,"key":"Regen Potion"},{"floor":11,"key":"PowerPotion"},{"floor":14,"key":"PowerPotion"},{"floor":18,"key":"SpeedPotion"},{"floor":30,"key":"PowerPotion"},{"floor":31,"key":"GamblersBrew"},{"floor":54,"key":"GamblersBrew"}],"is_trial":false,"path_per_floor":["M","M","$","M","M","R","E","R","T","M","M","M","?","M","R","B",null,"M","M","M","?","M","R","M","R","T","R","?","$","M","E","R","B",null,"M","M","?","$","M","R","M","M","T","M","R","?","M","$","R","B",null,"R","$","E","B",null],"character_chosen":"DEFECT","items_purchased":["Toxic Egg 2","Hologram+1","Capacitor","HandOfGreed"],"campfire_rested":2,"item_purchase_floors":[29,38,48,48],"current_hp_per_floor":[68,63,63,63,63,63,29,29,29,28,28,27,10,10,30,21,68,56,56,49,49,49,49,42,42,42,42,42,42,42,42,42,19,68,68,68,68,68,61,61,55,55,55,37,37,37,24,24,59,20,68,68,68,63,35],"gold":44,"neow_bonus":"TRANSFORM_TWO_CARDS","is_prod":false,"is_daily":false,"chose_seed":false,"campfire_upgraded":8,"win_rate":0,"timestamp":1557416569,"path_taken":["M","M","?","M","M","R","E","R","T","M","M","M","?","M","R","BOSS","M","M","M","?","M","R","M","R","T","R","?","$","M","E","R","BOSS","M","M","?","$","M","R","?","M","T","M","R","?","M","$","R","BOSS","R","$","E","BOSS"],"build_version":"2019-01-23","purchased_purges":3,"victory":true,"max_hp_per_floor":[68,68,68,68,68,68,68,68,68,68,68,68,68,68,68,68,68,68,68,68,68,68,68,68,68,68,68,68,68,68,68,68,68,68,68,68,68,68,68,68,68,68,68,68,68,68,68,68,68,68,68,68,68,68,68],"card_choices":[{"not_picked":["Redo","Go for the Eyes"],"picked":"Barrage","floor":1},{"not_picked":["Leap","Rip and Tear"],"picked":"Glacier","floor":2},{"not_picked":["Beam Cell","Melter"],"picked":"Leap","floor":4},{"not_picked":["Storm","Undo"],"picked":"Blizzard","floor":5},{"not_picked":["Go for the Eyes","Streamline","Hologram"],"picked":"SKIP","floor":7},{"not_picked":["Streamline","Barrage"],"picked":"Loop","floor":10},{"not_picked":["Ball Lightning","Leap"],"picked":"White Noise","floor":11},{"not_picked":["Aggregate","FTL"],"picked":"Multi-Cast","floor":12},{"not_picked":["Hologram","Cold Snap"],"picked":"Hello World","floor":14},{"not_picked":["Reboot","Core Surge"],"picked":"Meteor Strike","floor":16},{"not_picked":["Reprogram","Sweeping Beam"],"picked":"Coolheaded","floor":18},{"not_picked":["Hologram","Cold Snap"],"picked":"Conserve Battery+1","floor":19},{"not_picked":["Compile Driver","Gash"],"picked":"Barrage","floor":20},{"not_picked":["Steam Power+1","Blizzard"],"picked":"Undo","floor":22},{"not_picked":["Ball Lightning","Conserve Battery"],"picked":"Coolheaded+1","floor":24},{"not_picked":["Turbo+1","Gash"],"picked":"Stack+1","floor":30},{"not_picked":["Sweeping Beam","Rebound"],"picked":"Defragment+1","floor":31},{"not_picked":["Amplify+1","Reboot+1"],"picked":"All For One","floor":33},{"not_picked":["Gash"],"picked":"SKIP","floor":35},{"not_picked":[],"picked":"Compile Driver","floor":36},{"not_picked":["Aggregate+1"],"picked":"SKIP","floor":39},{"not_picked":[],"picked":"Compile Driver+1","floor":41},{"not_picked":[],"picked":"Hologram+1","floor":42},{"not_picked":[],"picked":"Streamline","floor":44},{"not_picked":[],"picked":"Streamline","floor":46},{"not_picked":[],"picked":"Compile Driver+1","floor":47},{"not_picked":[],"picked":"Fusion+1","floor":54}],"player_experience":92246,"relics_obtained":[{"floor":7,"key":"Potion Belt"},{"floor":26,"key":"Sundial"},{"floor":31,"key":"Regal Pillow"},{"floor":43,"key":"Meat on the Bone"},{"floor":46,"key":"Peace Pipe"},{"floor":54,"key":"Oddly Smooth Stone"}],"event_choices":[{"damage_healed":0,"gold_gain":0,"player_choice":"Take Damage","damage_taken":17,"relics_obtained":["Golden Idol"],"max_hp_gain":0,"max_hp_loss":0,"event_name":"Golden Idol","floor":13,"gold_loss":0},{"cards_removed":["Strike_B"],"damage_healed":0,"gold_gain":0,"player_choice":"Elegance","damage_taken":0,"max_hp_gain":0,"max_hp_loss":0,"event_name":"Back to Basics","floor":21,"gold_loss":0},{"damage_healed":0,"gold_gain":0,"player_choice":"2 cards matched","damage_taken":0,"max_hp_gain":0,"max_hp_loss":0,"event_name":"Match and Keep!","floor":28,"gold_loss":0,"cards_obtained":["All For One","White Noise"]},{"damage_healed":0,"gold_gain":0,"player_choice":"Upgraded","damage_taken":0,"max_hp_gain":0,"max_hp_loss":0,"event_name":"Upgrade Shrine","floor":37,"gold_loss":0,"cards_upgraded":["Defragment"]},{"damage_healed":0,"gold_gain":0,"player_choice":"Fight","damage_taken":0,"max_hp_gain":0,"max_hp_loss":0,"event_name":"Mysterious Sphere","floor":46,"gold_loss":0}],"is_beta":false,"boss_relics":[{"not_picked":["Cursed Key","Black Star"],"picked":"Snecko Eye"},{"not_picked":["Astrolabe","Coffee Dripper"],"picked":"Busted Crown"}],"items_purged_floors":[3,29,38],"is_endless":false,"potions_floor_spawned":[4,7,11,14,18,20,24,30,31,36,39,42,44,54],"ascension_level":0}