{"gold_per_floor":[111,261,336,350,350,350,350,364,364,384,396,233,250,282,282,356,356,376,266,284,284,303,338,350,392,404,416,428,470,507,548,560,643,655,684,159,221,239,251,281,331,361,384,415,415],"floor_reached":45,"playtime":2245,"items_purged":["Strike_G","Parasite"],"score":1327,"play_id":"3b069c61-aa7e-4688-9e70-3a27e323c18a","local_time":"20181208181636","is_ascension_mode":true,"campfire_choices":[{"data":"Neutralize","floor":6.0,"key":"SMITH"},{"data":"Sucker Punch","floor":15.0,"key":"SMITH"},{"floor":24.0,"key":"REST"},{"floor":28.0,"key":"REST"},{"floor":32.0,"key":"REST"}],"neow_cost":"NONE","seed_source_timestamp":5793909688484,"circlet_count":0,"master_deck":["AscendersBane","Defend_G","Defend_G","Defend_G","Defend_G","Defend_G+1","Strike_G+1","Strike_G","Strike_G+1","Survivor","Neutralize+1","Clumsy","Backflip+1","Bouncing Flask+1","Sucker Punch+1","Deflect+1","Catalyst+1","Prepared+1","PiercingWail+1","Night Terror+1","Deflect+1","Crippling Poison+1","Footwork","Tactician+1","Doppelganger+1","After Image","Prepared+1","Catalyst+1","Well Laid Plans+1"],"special_seed":0,"relics":["Calling Bell","Anchor","Toxic Egg 2","WingedGreaves","Calipers","Oddly Smooth Stone","Sozu","MawBank","PreservedInsect","Letter Opener","SsserpentHead","Pen Nib","Vajra","Whetstone","Snecko Eye","Medical Kit","Snake Skull","Molten Egg 2","Pear"],"potions_floor_usage":[],"damage_taken":[{"damage":0.0,"enemies":"2 Louse","floor":1.0,"turns":2.0},{"damage":2.0,"enemies":"Small Slimes","floor":4.0,"turns":8.0},{"damage":0.0,"enemies":"Jaw Worm","floor":8.0,"turns":5.0},{"damage":0.0,"enemies":"Red Slaver","floor":10.0,"turns":3.0},{"damage":3.0,"enemies":"Looter","floor":11.0,"turns":4.0},{"damage":0.0,"enemies":"3 Louse","floor":13.0,"turns":1.0},{"damage":17.0,"enemies":"Lagavulin","floor":14.0,"turns":4.0},{"damage":16.0,"enemies":"The Guardian","floor":16.0,"turns":8.0},{"damage":12.0,"enemies":"Spheric Guardian","floor":18.0,"turns":4.0},{"damage":0.0,"enemies":"Chosen","floor":20.0,"turns":7.0},{"damage":14.0,"enemies":"Snake Plant","floor":22.0,"turns":4.0},{"damage":6.0,"enemies":"Book of Stabbing","floor":23.0,"turns":6.0},{"damage":14.0,"enemies":"Slavers","floor":25.0,"turns":9.0},{"damage":2.0,"enemies":"Gremlin Leader","floor":29.0,"turns":4.0},{"damage":19.0,"enemies":"Slavers","floor":30.0,"turns":6.0},{"damage":27.0,"enemies":"Book of Stabbing","floor":31.0,"turns":6.0},{"damage":18.0,"enemies":"Collector","floor":33.0,"turns":7.0},{"damage":3.0,"enemies":"3 Shapes","floor":35.0,"turns":6.0},{"damage":0.0,"enemies":"Orb Walker","floor":37.0,"turns":3.0},{"damage":0.0,"enemies":"4 Shapes","floor":38.0,"turns":5.0},{"damage":23.0,"enemies":"Jaw Worm Horde","floor":39.0,"turns":4.0},{"damage":1.0,"enemies":"Reptomancer","floor":40.0,"turns":5.0},{"damage":9.0,"enemies":"Nemesis","floor":42.0,"turns":3.0},{"damage":0.0,"enemies":"Giant Head","floor":44.0,"turns":5.0},{"damage":0,"enemies":"Reptomancer","floor":45,"turns":2}],"seed_played":"3111180830130093225","potions_obtained":[{"floor":4.0,"key":"Explosive Potion"},{"floor":10.0,"key":"SteroidPotion"},{"floor":13.0,"key":"EntropicBrew"}],"is_trial":false,"path_per_floor":["M","?","?","M","?","R","?","M","T","M","M","$","M","E","R","B",null,"M","?","M","?","M","E","R","E","T","?","R","E","E","E","R","B",null,"M","$","M","M","M","E","?","E","T","E","E"],"character_chosen":"THE_SILENT","items_purchased":["Catalyst+1","Medical Kit","After Image","Prepared+1"],"campfire_rested":3,"item_purchase_floors":[12,36,36,36],"current_hp_per_floor":[59,59,48,46,46,46,66,66,66,66,63,63,63,46,46,30,57,45,45,45,45,31,25,44,30,30,30,49,47,28,1,20,2,50,47,47,47,47,24,23,52,43,43,53,53],"gold":415,"neow_bonus":"BOSS_RELIC","is_prod":false,"is_daily":false,"chose_seed":false,"campfire_upgraded":2,"win_rate":0,"timestamp":1544264196,"path_taken":["M","?","?","M","?","R","?","M","T","M","?","?","M","E","R","BOSS","M","?","?","?","M","E","R","E","T","?","R","E","E","E","R","BOSS","M","$","?","M","M","E","?","E","T","E","E"],"build_version":"2018-12-06","purchased_purges":2,"victory":false,"max_hp_per_floor":[66,66,66,66,66,66,66,66,66,66,66,66,66,66,66,66,66,66,66,66,66,66,66,66,66,66,66,66,66,66,66,66,66,66,66,63,63,63,63,63,52,52,52,62,62],"card_choices":[{"not_picked":["Quick Slash","Bane"],"picked":"Backflip+1","floor":1.0},{"not_picked":["Choke","Backstab"],"picked":"Bouncing Flask+1","floor":4.0},{"not_picked":["Flying Knee","Dodge and Roll+1"],"picked":"Deflect+1","floor":8.0},{"not_picked":["Slice","Underhanded Strike","Dash"],"picked":"SKIP","floor":10.0},{"not_picked":["Deflect+1","PiercingWail+1","Underhanded Strike"],"picked":"SKIP","floor":11.0},{"not_picked":["Choke","Dagger Throw"],"picked":"Prepared+1","floor":13.0},{"not_picked":["A Thousand Cuts","Backflip+1"],"picked":"PiercingWail+1","floor":14.0},{"not_picked":["Wraith Form v2","Grand Finale"],"picked":"Night Terror+1","floor":16.0},{"not_picked":["Endless Agony","Prepared+1","Backflip+1"],"picked":"SKIP","floor":18.0},{"not_picked":["Prepared+1","Poisoned Stab","Endless Agony"],"picked":"SKIP","floor":20.0},{"not_picked":["Dash+1","Flying Knee+1"],"picked":"Deflect+1","floor":22.0},{"not_picked":["Backstab","Expertise+1"],"picked":"Crippling Poison+1","floor":23.0},{"not_picked":["PiercingWail+1","Finisher"],"picked":"Footwork","floor":25.0},{"not_picked":["Deflect+1","Terror+1","Storm of Steel+1"],"picked":"SKIP","floor":29.0},{"not_picked":["Deflect+1","Terror+1","Storm of Steel+1"],"picked":"SKIP","floor":29.0},{"not_picked":["Poisoned Stab","Cloak And Dagger+1","Flying Knee"],"picked":"SKIP","floor":30.0},{"not_picked":["Finisher","Distraction+1"],"picked":"Tactician+1","floor":31.0},{"not_picked":["Envenom","A Thousand Cuts"],"picked":"Doppelganger+1","floor":33.0},{"not_picked":["Dodge and Roll+1","Deflect+1","Flying Knee"],"picked":"SKIP","floor":35.0},{"not_picked":["Cloak And Dagger+1","Dodge and Roll+1","Flying Knee"],"picked":"SKIP","floor":37.0},{"not_picked":["Setup+1","Riddle With Holes","Slice+1"],"picked":"SKIP","floor":38.0},{"not_picked":["Phantasmal Killer+1","Flying Knee","Slice"],"picked":"SKIP","floor":39.0},{"not_picked":["Cloak And Dagger+1","Deadly Poison+1","Dodge and Roll+1"],"picked":"SKIP","floor":40.0},{"not_picked":["Accuracy","Blade Dance+1"],"picked":"Catalyst+1","floor":42.0},{"not_picked":["Poisoned Stab+1","Accuracy"],"picked":"Well Laid Plans+1","floor":44.0}],"player_experience":2313888,"relics_obtained":[{"floor":0.0,"key":"Anchor"},{"floor":0.0,"key":"Toxic Egg 2"},{"floor":0.0,"key":"WingedGreaves"},{"floor":9.0,"key":"Calipers"},{"floor":14.0,"key":"Oddly Smooth Stone"},{"floor":23.0,"key":"MawBank"},{"floor":25.0,"key":"PreservedInsect"},{"floor":26.0,"key":"Letter Opener"},{"floor":29.0,"key":"Pen Nib"},{"floor":30.0,"key":"Vajra"},{"floor":31.0,"key":"Whetstone"},{"floor":40.0,"key":"Snake Skull"},{"floor":42.0,"key":"Molten Egg 2"},{"floor":44.0,"key":"Pear"}],"event_choices":[{"damage_healed":0.0,"max_hp_gain":0.0,"max_hp_loss":0.0,"gold_gain":150.0,"event_name":"Liars Game","player_choice":"AGREE","floor":2.0,"gold_loss":0.0,"damage_taken":0.0,"cards_obtained":["Doubt"]},{"damage_healed":0.0,"max_hp_gain":0.0,"max_hp_loss":0.0,"gold_gain":75.0,"event_name":"World of Goop","player_choice":"Gather Gold","floor":3.0,"gold_loss":0.0,"damage_taken":11.0},{"damage_healed":0.0,"max_hp_gain":0.0,"max_hp_loss":0.0,"gold_gain":0.0,"cards_transformed":["Strike_G"],"event_name":"Living Wall","player_choice":"Change","floor":5.0,"gold_loss":0.0,"damage_taken":0.0,"cards_obtained":["Sucker Punch"]},{"damage_healed":22.0,"max_hp_gain":0.0,"max_hp_loss":0.0,"gold_gain":0.0,"event_name":"Big Fish","player_choice":"Banana","floor":7.0,"gold_loss":0.0,"damage_taken":0.0},{"cards_removed":["Writhe"],"damage_healed":0.0,"max_hp_gain":0.0,"max_hp_loss":0.0,"gold_gain":0.0,"event_name":"Designer","player_choice":"Upgrade and Remove","floor":19.0,"gold_loss":110.0,"damage_taken":0.0,"cards_upgraded":["Defend_G"]},{"cards_removed":["Doubt"],"damage_healed":0.0,"max_hp_gain":0.0,"max_hp_loss":0.0,"gold_gain":0.0,"event_name":"Back to Basics","player_choice":"Elegance","floor":21.0,"gold_loss":0.0,"damage_taken":0.0},{"damage_healed":0.0,"max_hp_gain":0.0,"max_hp_loss":0.0,"gold_gain":0.0,"event_name":"FaceTrader","player_choice":"Trade","floor":27.0,"gold_loss":0.0,"damage_taken":0.0,"relics_obtained":["SsserpentHead"]},{"damage_healed":52.0,"max_hp_gain":0.0,"max_hp_loss":11.0,"gold_gain":0.0,"event_name":"The Moai Head","player_choice":"Heal","floor":41.0,"gold_loss":0.0,"damage_taken":0.0}],"is_beta":false,"boss_relics":[{"not_picked":["Empty Cage","Tiny House"],"picked":"Sozu"},{"not_picked":["Philosopher\u0027s Stone","WristBlade"],"picked":"Snecko Eye"}],"items_purged_floors":[12,36],"is_endless":false,"potions_floor_spawned":[4,10,11,13,14,20,22,30,31,37,39,42,44],"killed_by":"Reptomancer","ascension_level":20}