{"gold_per_floor":[118,136,136,153,253,253,266,266,266,282,282,314,24,42,42,147,147,158,172,192,208,228,228,244,261,329,340,340,355,355,369,369,369],"floor_reached":33,"playtime":4950,"items_purged":["Defend_G"],"score":321,"play_id":"e08b0c59-9eae-4b07-9271-e1453be3c45d","local_time":"20190503013918","is_ascension_mode":true,"campfire_choices":[{"floor":6.0,"key":"REST"},{"floor":8.0,"key":"REST"},{"data":"Survivor","floor":11.0,"key":"SMITH"},{"floor":15.0,"key":"REST"},{"floor":23.0,"key":"REST"},{"floor":28.0,"key":"REST"},{"floor":32,"key":"REST"}],"neow_cost":"TEN_PERCENT_HP_LOSS","seed_source_timestamp":48998919156776,"circlet_count":0,"master_deck":["Defend_G","Defend_G","Defend_G","Defend_G","Strike_G","Strike_G","Strike_G","Strike_G","Strike_G","Survivor+1","Neutralize","Cloak And Dagger","Backflip","Quick Slash","Cloak And Dagger","Corpse Explosion","Concentrate","Dagger Throw","Bullet Time","Acrobatics+1","Blur","Footwork","Underhanded Strike+1","Concentrate","Backstab+1","Riddle With Holes+1"],"special_seed":0,"relics":["Ring of the Serpent","Ice Cream","Du-Vu Doll","Tingsha","Paper Crane","Boot","Sundial"],"potions_floor_usage":[33,33,33],"damage_taken":[{"damage":8.0,"enemies":"Small Slimes","floor":1.0,"turns":6.0},{"damage":3.0,"enemies":"2 Louse","floor":2.0,"turns":3.0},{"damage":0.0,"enemies":"Cultist","floor":4.0,"turns":4.0},{"damage":7.0,"enemies":"Exordium Thugs","floor":7.0,"turns":8.0},{"damage":0.0,"enemies":"Gremlin Gang","floor":10.0,"turns":5.0},{"damage":12.0,"enemies":"3 Sentries","floor":12.0,"turns":10.0},{"damage":6.0,"enemies":"Lots of Slimes","floor":14.0,"turns":3.0},{"damage":30.0,"enemies":"The Guardian","floor":16.0,"turns":12.0},{"damage":11.0,"enemies":"Spheric Guardian","floor":18.0,"turns":4.0},{"damage":0.0,"enemies":"Shell Parasite","floor":19.0,"turns":5.0},{"damage":19.0,"enemies":"Snake Plant","floor":20.0,"turns":5.0},{"damage":19.0,"enemies":"Chosen and Byrds","floor":21.0,"turns":6.0},{"damage":4.0,"enemies":"3 Cultists","floor":22.0,"turns":4.0},{"damage":6.0,"enemies":"Snecko","floor":24.0,"turns":6.0},{"damage":14.0,"enemies":"Snake Plant","floor":25.0,"turns":4.0},{"damage":0.0,"enemies":"Sentry and Sphere","floor":27.0,"turns":5.0},{"damage":1.0,"enemies":"Cultist and Chosen","floor":29.0,"turns":5.0},{"damage":0,"enemies":"Centurion and Healer","floor":31,"turns":6},{"damage":40,"enemies":"Champ","floor":33,"turns":6}],"seed_played":"-3698410403811621843","potions_obtained":[{"floor":1.0,"key":"SteroidPotion"},{"floor":10.0,"key":"Block Potion"},{"floor":21.0,"key":"SteroidPotion"},{"floor":22.0,"key":"Dexterity Potion"},{"floor":24.0,"key":"AttackPotion"},{"floor":25.0,"key":"SkillPotion"},{"floor":27.0,"key":"GamblersBrew"},{"floor":29.0,"key":"FearPotion"}],"is_trial":false,"path_per_floor":["M","M","?","M","?","R","M","R","T","M","R","E","$","M","R","B",null,"M","M","M","M","M","R","M","M","T","M","R","M","?","M","R","B"],"character_chosen":"THE_SILENT","items_purchased":["Concentrate","Boot"],"campfire_rested":6,"item_purchase_floors":[13,13],"current_hp_per_floor":[55,52,40,40,40,58,51,63,63,63,63,51,51,45,63,33,56,45,45,26,7,3,21,15,1,1,1,19,18,18,18,36,0],"gold":369,"neow_bonus":"ONE_RARE_RELIC","is_prod":false,"is_daily":false,"chose_seed":false,"campfire_upgraded":1,"win_rate":0,"timestamp":1556843958,"path_taken":["M","M","?","M","?","R","M","R","T","?","R","E","?","M","R","BOSS","M","M","?","M","M","R","M","?","T","M","R","M","?","M","R","BOSS"],"build_version":"2019-01-23","purchased_purges":1,"victory":false,"max_hp_per_floor":[63,63,63,63,63,63,63,63,63,63,63,63,63,63,63,63,63,63,63,63,63,63,63,63,63,63,63,63,63,63,63,63,63],"card_choices":[{"not_picked":["Infinite Blades","Slice"],"picked":"Cloak And Dagger","floor":1.0},{"not_picked":["Flying Knee","Quick Slash"],"picked":"Backflip","floor":2.0},{"not_picked":["Outmaneuver","Wraith Form v2"],"picked":"Quick Slash","floor":4.0},{"not_picked":["Prepared","Blade Dance","Quick Slash"],"picked":"SKIP","floor":7.0},{"not_picked":["Prepared","Blade Dance","Quick Slash"],"picked":"SKIP","floor":7.0},{"not_picked":["PiercingWail","Backflip"],"picked":"Cloak And Dagger","floor":10.0},{"not_picked":["Acrobatics","Eviscerate"],"picked":"Corpse Explosion","floor":12.0},{"not_picked":["Flying Knee","Backstab"],"picked":"Dagger Throw","floor":14.0},{"not_picked":["Night Terror","Die Die Die"],"picked":"Bullet Time","floor":16.0},{"not_picked":["Sucker Punch","Dagger Spray"],"picked":"Acrobatics+1","floor":18.0},{"not_picked":["Sucker Punch","Catalyst"],"picked":"Blur","floor":19.0},{"not_picked":["PiercingWail+1","Acrobatics"],"picked":"Footwork","floor":20.0},{"not_picked":["Dagger Throw","Poisoned Stab","Sucker Punch"],"picked":"SKIP","floor":21.0},{"not_picked":["Dagger Spray+1","Phantasmal Killer"],"picked":"Underhanded Strike+1","floor":22.0},{"not_picked":["Poisoned Stab","Quick Slash+1","Bouncing Flask"],"picked":"SKIP","floor":24.0},{"not_picked":["Accuracy","PiercingWail+1"],"picked":"Concentrate","floor":25.0},{"not_picked":["Blade Dance+1","Backflip+1"],"picked":"Backstab+1","floor":27.0},{"not_picked":["Deadly Poison","Heel Hook+1","Poisoned Stab"],"picked":"SKIP","floor":29.0},{"not_picked":["Underhanded Strike","Flying Knee"],"picked":"Riddle With Holes+1","floor":31}],"player_experience":740868,"relics_obtained":[{"floor":9.0,"key":"Tingsha"},{"floor":12.0,"key":"Paper Crane"},{"floor":26.0,"key":"Sundial"}],"event_choices":[{"damage_healed":0.0,"max_hp_gain":0.0,"max_hp_loss":0.0,"gold_gain":0.0,"event_name":"Scrap Ooze","player_choice":"Success","floor":3.0,"gold_loss":0.0,"damage_taken":12.0,"relics_obtained":["Du-Vu Doll"]},{"damage_healed":0.0,"max_hp_gain":0.0,"max_hp_loss":0.0,"gold_gain":100.0,"event_name":"Golden Shrine","player_choice":"Pray","floor":5.0,"gold_loss":0.0,"damage_taken":0.0},{"damage_healed":0.0,"max_hp_gain":0.0,"max_hp_loss":0.0,"gold_gain":0.0,"event_name":"Cursed Tome","player_choice":"Ignored","floor":30.0,"gold_loss":0.0,"damage_taken":0.0}],"is_beta":false,"boss_relics":[{"not_picked":["Ectoplasm","Black Star"],"picked":"Ring of the Serpent"}],"items_purged_floors":[13],"is_endless":false,"potions_floor_spawned":[1,10,21,22,24,25,27,29],"killed_by":"Champ","ascension_level":5}