{"gold_per_floor":[116,41,41,56,56,56,85,85,85,99,99,119,169,198,198,272,272,282,296,276,289,32,66,84,84,84,115,115,128,144,156,156,227,227,239,114,167,167,182,207,207,237,237,256,274,274,294,84,84,84,84,84,8,42,42],"floor_reached":55,"playtime":2259,"items_purged":["Strike_R","Barricade","Juggernaut"],"score":1410,"play_id":"32cd8376-2e95-4633-9777-83c2d3279924","local_time":"20190317190125","is_ascension_mode":true,"campfire_choices":[{"data":"Flex","floor":6.0,"key":"SMITH"},{"data":"Burning Pact","floor":11.0,"key":"SMITH"},{"data":"Whirlwind","floor":15.0,"key":"SMITH"},{"floor":25.0,"key":"REST"},{"data":"Offering","floor":28.0,"key":"SMITH"},{"floor":32.0,"key":"REST"},{"data":"1","floor":41.0,"key":"LIFT"},{"data":"2","floor":46.0,"key":"LIFT"},{"floor":49,"key":"RECALL"},{"data":"3","floor":52,"key":"LIFT"}],"neow_cost":"NONE","seed_source_timestamp":11860814264800,"circlet_count":0,"master_deck":["AscendersBane","Bash","Flex+1","Metallicize","Burning Pact+1","Whirlwind+1","Offering+1","Shockwave","Armaments+1","Armaments","Brutality","Rupture","Sword Boomerang+1","Dual Wield+1","Feed","Battle Trance","Limit Break","Power Through","Havoc+1","Seeing Red"],"special_seed":0,"relics":["Burning Blood","NeowsBlessing","Pocketwatch","Ornamental Fan","Mummified Hand","Vajra","Pandora\u0027s Box","Lantern","Strawberry","Girya","Magic Flower","Coffee Dripper","Dead Branch","Boot","Meat on the Bone","Lee\u0027s Waffle","Bag of Marbles"],"potions_floor_usage":[55,55],"damage_taken":[{"damage":0.0,"enemies":"Jaw Worm","floor":1.0,"turns":1.0},{"damage":0.0,"enemies":"Small Slimes","floor":4.0,"turns":1.0},{"damage":0.0,"enemies":"Lagavulin","floor":7.0,"turns":1.0},{"damage":0.0,"enemies":"Cultist","floor":10.0,"turns":3.0},{"damage":6.0,"enemies":"Exordium Wildlife","floor":12.0,"turns":4.0},{"damage":14.0,"enemies":"3 Sentries","floor":14.0,"turns":9.0},{"damage":16.0,"enemies":"The Guardian","floor":16.0,"turns":10.0},{"damage":10.0,"enemies":"Chosen","floor":18.0,"turns":2.0},{"damage":6.0,"enemies":"2 Thieves","floor":19.0,"turns":1.0},{"damage":12.0,"enemies":"Snake Plant","floor":21.0,"turns":3.0},{"damage":24.0,"enemies":"Book of Stabbing","floor":23.0,"turns":3.0},{"damage":14.0,"enemies":"Snecko","floor":24.0,"turns":4.0},{"damage":19.0,"enemies":"Slavers","floor":27.0,"turns":3.0},{"damage":11.0,"enemies":"Chosen and Byrds","floor":29.0,"turns":2.0},{"damage":31.0,"enemies":"Snake Plant","floor":30.0,"turns":2.0},{"damage":27.0,"enemies":"Centurion and Healer","floor":31.0,"turns":3.0},{"damage":20.0,"enemies":"Champ","floor":33.0,"turns":5.0},{"damage":14.0,"enemies":"Orb Walker","floor":35.0,"turns":2.0},{"damage":19.0,"enemies":"2 Orb Walkers","floor":37.0,"turns":2.0},{"damage":20.0,"enemies":"3 Shapes","floor":39.0,"turns":1.0},{"damage":8.0,"enemies":"Giant Head","floor":40.0,"turns":4.0},{"damage":32.0,"enemies":"Reptomancer","floor":42.0,"turns":4.0},{"damage":6.0,"enemies":"Sphere and 2 Shapes","floor":44.0,"turns":2.0},{"damage":7.0,"enemies":"3 Darklings","floor":45.0,"turns":2.0},{"damage":9.0,"enemies":"Transient","floor":47.0,"turns":3.0},{"damage":32,"enemies":"Donu and Deca","floor":50,"turns":3},{"damage":71,"enemies":"Shield and Spear","floor":54,"turns":3},{"damage":79,"enemies":"The Heart","floor":55,"turns":5}],"seed_played":"-7036514863501475630","potions_obtained":[{"floor":7.0,"key":"Energy Potion"},{"floor":12.0,"key":"SteroidPotion"},{"floor":20.0,"key":"Poison Potion"},{"floor":21.0,"key":"GamblersBrew"},{"floor":27.0,"key":"LiquidBronze"},{"floor":30.0,"key":"Regen Potion"},{"floor":31.0,"key":"Poison Potion"},{"floor":37.0,"key":"Poison Potion"},{"floor":54,"key":"LiquidBronze"}],"is_trial":false,"path_per_floor":["M","$","?","M","?","R","E","?","T","M","R","M","?","E","R","B",null,"M","M","?","M","$","E","M","R","T","E","R","M","M","M","R","B",null,"M","$","?","?","M","E","R","E","T","M","M","R","M","$","R","B",null,"R","$","E","B"],"character_chosen":"IRONCLAD","items_purchased":["Lantern","Lee\u0027s Waffle","Seeing Red"],"campfire_rested":2,"item_purchase_floors":[22,48,53],"current_hp_per_floor":[74,74,63,69,46,46,52,45,45,51,51,51,44,36,36,26,63,59,59,59,53,53,42,34,58,58,45,45,48,32,38,66,55,85,86,86,88,88,77,78,78,60,60,68,75,75,75,123,123,100,117,117,117,79,0],"gold":42,"neow_bonus":"THREE_ENEMY_KILL","is_prod":false,"is_daily":false,"chose_seed":false,"campfire_upgraded":4,"win_rate":0,"timestamp":1552820485,"path_taken":["M","$","?","M","?","R","E","?","T","M","R","M","?","E","R","BOSS","M","?","?","M","$","E","M","R","T","E","R","M","M","M","R","BOSS","M","$","?","?","M","E","R","E","T","?","M","R","M","$","R","BOSS","R","$","E","BOSS"],"build_version":"2019-01-23","purchased_purges":3,"victory":false,"max_hp_per_floor":[75,75,75,75,75,75,75,75,75,75,75,75,75,75,75,75,75,75,75,75,75,75,82,82,82,82,82,82,85,89,95,95,95,95,99,99,107,107,107,107,107,110,110,113,116,116,116,123,123,123,123,123,123,127,127],"card_choices":[{"not_picked":["Perfected Strike","Clothesline"],"picked":"Flex","floor":1.0},{"not_picked":["Iron Wave","Metallicize","Intimidate"],"picked":"SKIP","floor":4.0},{"not_picked":["Iron Wave","Intimidate"],"picked":"Metallicize","floor":4.0},{"not_picked":["Combust","Anger","Burning Pact"],"picked":"SKIP","floor":7.0},{"not_picked":["Combust","Anger"],"picked":"Burning Pact","floor":7.0},{"not_picked":["Iron Wave","Rupture","Perfected Strike"],"picked":"SKIP","floor":10.0},{"not_picked":["Flex","Iron Wave","Dual Wield"],"picked":"SKIP","floor":12.0},{"not_picked":["Spot Weakness","Metallicize"],"picked":"Whirlwind","floor":14.0},{"not_picked":["Demon Form","Dark Embrace"],"picked":"Offering","floor":16.0},{"not_picked":["Perfected Strike+1","Thunderclap"],"picked":"Sword Boomerang+1","floor":18.0},{"not_picked":["Headbutt+1","Clothesline","Seeing Red"],"picked":"SKIP","floor":19.0},{"not_picked":["Searing Blow","Brutality","Fire Breathing+1"],"picked":"SKIP","floor":21.0},{"not_picked":["Searing Blow","Brutality","Fire Breathing+1"],"picked":"SKIP","floor":21.0},{"not_picked":["Havoc","Twin Strike","Iron Wave+1"],"picked":"SKIP","floor":23.0},{"not_picked":["Sentinel+1","Fire Breathing"],"picked":"Dual Wield+1","floor":24.0},{"not_picked":["Body Slam","Flex+1"],"picked":"Feed","floor":27.0},{"not_picked":["Rupture","Inflame"],"picked":"Battle Trance","floor":29.0},{"not_picked":["Body Slam+1","Armaments","Pummel"],"picked":"SKIP","floor":30.0},{"not_picked":["Pommel Strike","Blood for Blood","Headbutt"],"picked":"SKIP","floor":31.0},{"not_picked":["Berserk","Feed"],"picked":"Limit Break","floor":33.0},{"not_picked":["Spot Weakness","Anger","Warcry"],"picked":"SKIP","floor":35.0},{"not_picked":["Spot Weakness+1","Pommel Strike"],"picked":"Power Through","floor":39.0},{"not_picked":["Sword Boomerang+1","Power Through"],"picked":"Havoc+1","floor":40.0},{"not_picked":["Heavy Blade","Headbutt","Clash"],"picked":"SKIP","floor":42.0},{"not_picked":["Wild Strike","Warcry+1","Immolate"],"picked":"SKIP","floor":44.0},{"not_picked":["Wild Strike","Warcry+1","Immolate"],"picked":"SKIP","floor":44.0},{"not_picked":["Battle Trance","Armaments","Thunderclap"],"picked":"SKIP","floor":45.0},{"not_picked":["Anger","Inflame","Twin Strike"],"picked":"SKIP","floor":47.0},{"not_picked":["Barricade","Entrench","True Grit"],"picked":"SKIP","floor":54}],"player_experience":2852459,"relics_obtained":[{"floor":7.0,"key":"Ornamental Fan"},{"floor":9.0,"key":"Mummified Hand"},{"floor":14.0,"key":"Vajra"},{"floor":23.0,"key":"Strawberry"},{"floor":26.0,"key":"Girya"},{"floor":27.0,"key":"Magic Flower"},{"floor":37.0,"key":"Dead Branch"},{"floor":40.0,"key":"Boot"},{"floor":42.0,"key":"Meat on the Bone"},{"floor":54,"key":"Bag of Marbles"}],"event_choices":[{"damage_healed":0.0,"max_hp_gain":0.0,"max_hp_loss":0.0,"gold_gain":0.0,"event_name":"Scrap Ooze","player_choice":"Success","floor":3.0,"gold_loss":0.0,"damage_taken":11.0,"relics_obtained":["Pocketwatch"]},{"damage_healed":0.0,"max_hp_gain":0.0,"max_hp_loss":0.0,"gold_gain":0.0,"event_name":"Shining Light","player_choice":"Entered Light","floor":5.0,"gold_loss":0.0,"damage_taken":23.0,"cards_upgraded":["Strike_R","Strike_R"]},{"cards_removed":["Strike_R"],"damage_healed":0.0,"max_hp_gain":0.0,"max_hp_loss":0.0,"gold_gain":0.0,"event_name":"Golden Wing","player_choice":"Card Removal","floor":8.0,"gold_loss":0.0,"damage_taken":7.0},{"damage_healed":0.0,"max_hp_gain":0.0,"max_hp_loss":0.0,"gold_gain":50.0,"event_name":"FaceTrader","player_choice":"Touch","floor":13.0,"gold_loss":0.0,"damage_taken":7.0},{"damage_healed":0.0,"max_hp_gain":0.0,"max_hp_loss":0.0,"gold_gain":0.0,"event_name":"The Woman in Blue","player_choice":"Bought 1 Potion","floor":20.0,"gold_loss":0.0,"damage_taken":0.0},{"damage_healed":0.0,"max_hp_gain":0.0,"max_hp_loss":0.0,"gold_gain":0.0,"event_name":"Mysterious Sphere","player_choice":"Fight","floor":37.0,"gold_loss":0.0,"damage_taken":0.0},{"damage_healed":0.0,"max_hp_gain":0.0,"max_hp_loss":0.0,"gold_gain":0.0,"event_name":"Upgrade Shrine","player_choice":"Upgraded","floor":38.0,"gold_loss":0.0,"damage_taken":0.0,"cards_upgraded":["Armaments"]}],"is_beta":false,"boss_relics":[{"not_picked":["Astrolabe","Runic Cube"],"picked":"Pandora\u0027s Box"},{"not_picked":["Orrery","Runic Pyramid"],"picked":"Coffee Dripper"}],"items_purged_floors":[2,22,36],"is_endless":false,"potions_floor_spawned":[7,12,21,27,30,31,35,37,42,54],"killed_by":"The Heart","ascension_level":15}