{"path_per_floor":["M","M","M","M","$","R","E","M","T","E","M","R","M","M","R","B",null,"M","M","M","M","M","E","M","E","T","E","R","M","M","E","R","B",null,"M","M","M","$","M","$","E","M","T","R","T","E","M","M","R","B"],"character_chosen":"DEFECT","items_purchased":["Melter","Sunder","Frozen Egg 2","Molten Egg 2"],"gold_per_floor":[111,121,133,144,42,42,67,81,108,139,155,155,167,178,178,282,282,302,317,327,342,354,389,405,437,462,492,492,507,525,560,560,663,663,674,687,698,196,206,131,162,179,231,231,255,283,303,322,322,322],"floor_reached":51,"campfire_rested":3,"playtime":4589,"item_purchase_floors":[5,5,38,38],"current_hp_per_floor":[75,75,75,75,75,75,54,60,60,69,78,78,79,81,81,81,81,79,83,82,82,75,58,65,52,52,38,64,69,68,37,63,53,80,84,70,58,58,69,69,75,77,77,77,77,62,61,68,93,67],"items_purged":["Gash"],"gold":322,"score":1329,"play_id":"83b262da-c224-4fc3-a04f-04eed3a05a5f","local_time":"20180621080313","daily_mods":["Draft"],"is_prod":false,"is_daily":false,"chose_seed":true,"is_ascension_mode":true,"campfire_upgraded":4,"win_rate":0,"timestamp":1529593393,"campfire_choices":[{"data":"Sunder","floor":6,"key":"SMITH"},{"data":"FTL","floor":12,"key":"SMITH"},{"data":"Streamline","floor":15,"key":"SMITH"},{"floor":28,"key":"REST"},{"floor":32,"key":"REST"},{"data":"Buffer","floor":44,"key":"SMITH"},{"floor":49,"key":"REST"}],"path_taken":["M","M","M","M","$","R","E","M","T","E","M","R","M","M","R","BOSS","M","M","M","M","M","E","M","E","T","E","R","?","M","E","R","BOSS","M","?","M","$","M","$","E","M","T","R","?","E","?","M","R","BOSS"],"build_version":"2018-06-14v2","seed_source_timestamp":1186850965172,"purchased_purges":1,"victory":true,"master_deck":["AscendersBane","Capacitor","Genetic Algorithm","Go for the Eyes","Conserve Battery","FTL","Self Repair","BootSequence","Conserve Battery","Reinforced Body","Go for the Eyes","Conserve Battery","Rebound","Compile Driver+1","Beam Cell+1","Coolheaded+1","FTL+1","Coolheaded","Melter","Sunder+1","Compile Driver","Streamline+1","Electrodynamics","Steam+1","Ball Lightning","Ball Lightning","Ball Lightning","Creative AI","Steam Power+1","Consume+1","Force Field+1","Buffer+1","Glacier","Cold Snap","Buffer+1","Go for the Eyes+1","Regret","Writhe","Skim+1","Conserve Battery+1","Cold Snap+1"],"max_hp_per_floor":[75,75,75,75,75,75,75,75,75,77,79,79,79,81,81,81,81,81,83,85,85,87,89,89,89,89,89,89,89,89,89,89,89,89,91,91,91,91,93,93,93,93,93,93,93,93,93,93,93,93],"special_seed":20635678,"relics":["Cracked Core","Pen Nib","Singing Bowl","Oddly Smooth Stone","Runic Dome","Whetstone","Bag of Marbles","Anchor","Blood Vial","Meat on the Bone","Cursed Key","Frozen Egg 2","Molten Egg 2","Bag of Preparation","DataDisk","War Paint","Kunai"],"card_choices":[{"not_picked":["Sweeping Beam","Defragment"],"picked":"Gash","floor":0},{"not_picked":["Redo","Recycle"],"picked":"Capacitor","floor":0},{"not_picked":["Aggregate","Hello World"],"picked":"Genetic Algorithm","floor":0},{"not_picked":["Tempest","Hologram"],"picked":"Go for the Eyes","floor":0},{"not_picked":["Cold Snap","Chill"],"picked":"Conserve Battery","floor":0},{"not_picked":["Genetic Algorithm","Lockon"],"picked":"FTL","floor":0},{"not_picked":["Heatsinks","Coolheaded"],"picked":"Self Repair","floor":0},{"not_picked":["Reprogram","Go for the Eyes"],"picked":"BootSequence","floor":0},{"not_picked":["Rebound","Reprogram"],"picked":"Conserve Battery","floor":0},{"not_picked":["Double Energy","Compile Driver"],"picked":"Reinforced Body","floor":0},{"not_picked":["Coolheaded","Barrage"],"picked":"Go for the Eyes","floor":0},{"not_picked":["Consume","Doom and Gloom"],"picked":"Conserve Battery","floor":0},{"not_picked":["Turbo","Tempest"],"picked":"Rebound","floor":0},{"not_picked":["Storm","Stack"],"picked":"Compile Driver","floor":0},{"not_picked":["Stack","Force Field"],"picked":"Beam Cell","floor":1},{"not_picked":["Reinforced Body","Stack"],"picked":"Coolheaded","floor":2},{"not_picked":["Darkness","Loop"],"picked":"FTL","floor":3},{"not_picked":["Go for the Eyes","Chaos"],"picked":"Coolheaded","floor":4},{"not_picked":["Rebound","Conserve Battery"],"picked":"Compile Driver","floor":7},{"not_picked":["Undo","Stack","Leap"],"picked":"SKIP","floor":8},{"not_picked":["Leap","Storm","Hello World"],"picked":"Singing Bowl","floor":10},{"not_picked":["Rip and Tear","Recycle","Barrage"],"picked":"Singing Bowl","floor":11},{"not_picked":["Double Energy","Hologram"],"picked":"Streamline","floor":13},{"not_picked":["Conserve Battery","Steam Power","Reprogram"],"picked":"Singing Bowl","floor":14},{"not_picked":["Core Surge","Echo Form"],"picked":"Electrodynamics","floor":16},{"not_picked":["Steam Power","Capacitor"],"picked":"Steam+1","floor":18},{"not_picked":["Compile Driver","Aggregate","Undo"],"picked":"Singing Bowl","floor":19},{"not_picked":["Undo","Chaos","Stack"],"picked":"Singing Bowl","floor":20},{"not_picked":["Blizzard","Consume+1"],"picked":"Ball Lightning","floor":21},{"not_picked":["Beam Cell","Chaos","Sunder"],"picked":"Singing Bowl","floor":22},{"not_picked":["Chill","Hologram","Coolheaded+1"],"picked":"Singing Bowl","floor":23},{"not_picked":["Rip and Tear+1","Hologram"],"picked":"Ball Lightning","floor":24},{"not_picked":["Go for the Eyes+1","Compile Driver+1"],"picked":"Ball Lightning","floor":25},{"not_picked":["Amplify","Recycle"],"picked":"Creative AI","floor":27},{"not_picked":["Steam","Leap"],"picked":"Steam Power","floor":29},{"not_picked":["Skim","Redo+1"],"picked":"Consume+1","floor":30},{"not_picked":["White Noise","BootSequence"],"picked":"Force Field+1","floor":31},{"not_picked":["Amplify","Core Surge"],"picked":"Buffer","floor":33},{"not_picked":["Recycle","Rip and Tear","Turbo+1"],"picked":"Singing Bowl","floor":35},{"not_picked":["Go for the Eyes","Scrape"],"picked":"Glacier","floor":36},{"not_picked":["Redo+1","Rebound+1"],"picked":"Cold Snap","floor":37},{"not_picked":["Conserve Battery","Rebound+1","Turbo"],"picked":"Singing Bowl","floor":39},{"not_picked":["Steam","Cold Snap+1"],"picked":"Buffer+1","floor":41},{"not_picked":["Doom and Gloom+1","Rip and Tear+1"],"picked":"Go for the Eyes+1","floor":42},{"not_picked":["Hologram+1","Redo+1"],"picked":"Skim+1","floor":46},{"not_picked":["Sunder+1","Cold Snap+1"],"picked":"Conserve Battery+1","floor":47},{"not_picked":["Electrodynamics+1","Ball Lightning+1"],"picked":"Cold Snap+1","floor":48}],"player_experience":587822,"potions_floor_usage":[16,23,25,25,27,31,33,50,50,50],"damage_taken":[{"damage":0,"enemies":"Cultist","floor":1,"turns":4},{"damage":2,"enemies":"Small Slimes","floor":2,"turns":3},{"damage":0,"enemies":"Jaw Worm","floor":3,"turns":4},{"damage":3,"enemies":"3 Louse","floor":4,"turns":3},{"damage":28,"enemies":"Gremlin Nob","floor":7,"turns":4},{"damage":1,"enemies":"Large Slime","floor":8,"turns":4},{"damage":0,"enemies":"Lagavulin","floor":10,"turns":6},{"damage":0,"enemies":"Red Slaver","floor":11,"turns":3},{"damage":0,"enemies":"Exordium Wildlife","floor":13,"turns":2},{"damage":0,"enemies":"Blue Slaver","floor":14,"turns":2},{"damage":0,"enemies":"Slime Boss","floor":16,"turns":7},{"damage":9,"enemies":"Spheric Guardian","floor":18,"turns":4},{"damage":1,"enemies":"2 Thieves","floor":19,"turns":3},{"damage":10,"enemies":"3 Cultists","floor":20,"turns":5},{"damage":0,"enemies":"Snake Plant","floor":21,"turns":2},{"damage":16,"enemies":"Snecko","floor":22,"turns":5},{"damage":26,"enemies":"Book of Stabbing","floor":23,"turns":7},{"damage":0,"enemies":"Centurion and Healer","floor":24,"turns":5},{"damage":13,"enemies":"Slavers","floor":25,"turns":3},{"damage":14,"enemies":"Book of Stabbing","floor":27,"turns":3},{"damage":4,"enemies":"Slaver and Parasite","floor":29,"turns":4},{"damage":3,"enemies":"Snake Plant","floor":30,"turns":3},{"damage":40,"enemies":"Gremlin Leader","floor":31,"turns":7},{"damage":46,"enemies":"Collector","floor":33,"turns":9},{"damage":0,"enemies":"3 Shapes","floor":35,"turns":3},{"damage":23,"enemies":"3 Darklings","floor":36,"turns":5},{"damage":33,"enemies":"Maw","floor":37,"turns":9},{"damage":0,"enemies":"4 Shapes","floor":39,"turns":5},{"damage":3,"enemies":"2 Orb Walkers","floor":41,"turns":5},{"damage":0,"enemies":"Sphere and 2 Shapes","floor":42,"turns":4},{"damage":24,"enemies":"Giant Head","floor":46,"turns":10},{"damage":22,"enemies":"3 Darklings","floor":47,"turns":5},{"damage":2,"enemies":"4 Shapes","floor":48,"turns":4},{"damage":33,"enemies":"Time Eater","floor":50,"turns":13}],"relics_obtained":[{"floor":7,"key":"Pen Nib"},{"floor":9,"key":"Singing Bowl"},{"floor":10,"key":"Oddly Smooth Stone"},{"floor":23,"key":"Whetstone"},{"floor":25,"key":"Bag of Marbles"},{"floor":26,"key":"Anchor"},{"floor":27,"key":"Blood Vial"},{"floor":31,"key":"Meat on the Bone"},{"floor":41,"key":"Bag of Preparation"},{"floor":43,"key":"DataDisk"},{"floor":45,"key":"War Paint"},{"floor":46,"key":"Kunai"}],"event_choices":[],"boss_relics":[{"not_picked":["White Beast Statue","Philosopher\u0027s Stone"],"picked":"Runic Dome"},{"not_picked":["Calling Bell","Coffee Dripper"],"picked":"Cursed Key"}],"items_purged_floors":[40],"is_endless":false,"potions_floor_spawned":[3,4,7,8,11,13,18,23,25,27,30,31,35,36,41,46],"seed_played":"4452620395232340348","ascension_level":10,"potions_obtained":[{"floor":3,"key":"Energy Potion"},{"floor":4,"key":"Poison Potion"},{"floor":7,"key":"Energy Potion"},{"floor":8,"key":"LiquidBronze"},{"floor":11,"key":"Block Potion"},{"floor":18,"key":"AttackPotion"},{"floor":23,"key":"Explosive Potion"},{"floor":25,"key":"AttackPotion"},{"floor":27,"key":"Regen Potion"},{"floor":30,"key":"SkillPotion"},{"floor":31,"key":"Weak Potion"},{"floor":35,"key":"FearPotion"},{"floor":36,"key":"Swift Potion"},{"floor":46,"key":"PowerPotion"}],"is_trial":true}