{"gold_per_floor":[20,20,32,32,44,70,70,1,1,12,12,12,12,40,40,40],"floor_reached":16,"playtime":1128,"items_purged":[],"score":121,"play_id":"a1f89499-9f78-4c41-8f92-1b22c0fed274","local_time":"20190509000436","is_ascension_mode":true,"campfire_choices":[{"data":"Calculated Gamble","floor":7,"key":"SMITH"},{"data":"Finisher","floor":12,"key":"SMITH"},{"floor":15,"key":"REST"}],"neow_cost":"NO_GOLD","seed_source_timestamp":225500135081500,"circlet_count":0,"master_deck":["Defend_G","Defend_G","Defend_G","Defend_G","Defend_G","Strike_G","Strike_G","Strike_G+1","Strike_G+1","Survivor","Neutralize+1","Deflect+1","Dodge and Roll","Masterful Stab","Calculated Gamble+1","Deflect","PiercingWail","Finisher+1","Deadly Poison","After Image","Venomology"],"relics":["Ring of the Snake","Dead Branch","Tough Bandages","Whetstone"],"potions_floor_usage":[6,13,16,16],"damage_taken":[{"damage":0,"enemies":"Cultist","floor":1,"turns":4},{"damage":0,"enemies":"Jaw Worm","floor":3,"turns":5},{"damage":2,"enemies":"Small Slimes","floor":5,"turns":4},{"damage":21,"enemies":"Lagavulin","floor":6,"turns":10},{"damage":0,"enemies":"3 Louse","floor":10,"turns":4},{"damage":0,"enemies":"Gremlin Gang","floor":13,"turns":2},{"damage":8,"enemies":"3 Sentries","floor":14,"turns":10},{"damage":62,"enemies":"Hexaghost","floor":16,"turns":14}],"seed_played":"1837389310170807767","potions_obtained":[{"floor":5,"key":"FearPotion"},{"floor":6,"key":"SmokeBomb"},{"floor":14,"key":"EssenceOfSteel"}],"is_trial":false,"path_per_floor":["M","?","M","?","M","E","R","$","T","M","?","R","M","E","R","B"],"character_chosen":"THE_SILENT","items_purchased":["Deflect","PiercingWail"],"campfire_rested":1,"item_purchase_floors":[8,8],"current_hp_per_floor":[84,77,77,60,58,37,37,37,37,37,37,37,37,29,54,0],"gold":40,"neow_bonus":"TWENTY_PERCENT_HP_BONUS","is_prod":false,"is_daily":false,"chose_seed":false,"campfire_upgraded":2,"win_rate":0,"timestamp":1557349476,"path_taken":["M","?","M","?","M","E","R","$","T","M","?","R","?","E","R","BOSS"],"build_version":"2019-01-23","purchased_purges":0,"victory":false,"max_hp_per_floor":[84,84,84,84,84,84,84,84,84,84,84,84,84,84,84,84],"card_choices":[{"not_picked":["Underhanded Strike","Bane"],"picked":"Deflect","floor":1},{"not_picked":["Deflect","Acrobatics"],"picked":"Dodge and Roll","floor":3},{"not_picked":["Flying Knee","Deadly Poison"],"picked":"Masterful Stab","floor":5},{"not_picked":["Bane","Deflect"],"picked":"Calculated Gamble","floor":6},{"not_picked":["Acrobatics","Phantasmal Killer"],"picked":"Finisher","floor":10},{"not_picked":["Riddle With Holes","Dodge and Roll"],"picked":"Venomology","floor":14}],"player_experience":396231,"relics_obtained":[{"floor":6,"key":"Dead Branch"},{"floor":9,"key":"Tough Bandages"},{"floor":14,"key":"Whetstone"}],"event_choices":[{"cards_removed":["Strike_G"],"damage_healed":0,"gold_gain":0,"player_choice":"Card Removal","damage_taken":7,"max_hp_gain":0,"max_hp_loss":0,"event_name":"Golden Wing","floor":2,"gold_loss":0},{"damage_healed":0,"gold_gain":0,"player_choice":"Entered Light","damage_taken":17,"max_hp_gain":0,"max_hp_loss":0,"event_name":"Shining Light","floor":4,"gold_loss":0,"cards_upgraded":["Deflect","Strike_G"]},{"damage_healed":0,"gold_gain":0,"player_choice":"2 cards matched","damage_taken":0,"max_hp_gain":0,"max_hp_loss":0,"event_name":"Match and Keep!","floor":11,"gold_loss":0,"cards_obtained":["Deadly Poison","After Image"]}],"is_beta":false,"boss_relics":[],"items_purged_floors":[],"is_endless":false,"potions_floor_spawned":[5,6,13,14],"killed_by":"Hexaghost","ascension_level":2}