{"gold_per_floor":[17,28,39,49,61,61,95,112,112,147,165,193,193,24,24,97,97,109,109,71,89,100,100,112,112,139,164,191,218,243,254,254,333,333,346,356,233,233,248,248,248,274,274,290,240,66,82,101,101,101],"floor_reached":50,"playtime":2836,"items_purged":["Strike_G"],"score":1007,"play_id":"c3930aca-2a15-453c-b8a0-baeeb5a315f6","local_time":"20180913185859","is_ascension_mode":true,"campfire_choices":[{"data":"Footwork","floor":6.0,"key":"SMITH"},{"floor":13.0,"key":"REST"},{"data":"A Thousand Cuts","floor":15.0,"key":"SMITH"},{"data":"Cloak And Dagger","floor":23.0,"key":"SMITH"},{"data":"Cloak And Dagger","floor":25.0,"key":"SMITH"},{"floor":32.0,"key":"REST"},{"data":"Cloak And Dagger","floor":40.0,"key":"SMITH"},{"floor":41.0,"key":"REST"},{"floor":49.0,"key":"REST"}],"neow_cost":"NO_GOLD","seed_source_timestamp":0,"circlet_count":0,"master_deck":["Survivor","Neutralize","AscendersBane","Die Die Die","Dagger Spray","Dodge and Roll","Footwork+1","Flying Knee","Dash","Deflect","A Thousand Cuts+1","Dagger Spray","Dodge and Roll","PiercingWail","Slice","Dodge and Roll","Bane","Setup","Backstab","Poisoned Stab","Predator","Prepared","Cloak And Dagger+1","Well Laid Plans","Deflect","Cloak And Dagger+1","Finisher","Leg Sweep","Terror","Adrenaline","Backflip","Dagger Throw+1","Cloak And Dagger+1","Backflip+1","Deadly Poison","Footwork","Backflip","Quick Slash+1","Acrobatics+1"],"special_seed":0,"relics":["Ring of the Serpent","Lantern","Bronze Scales","WingedGreaves","Potion Belt","Pandora\u0027s Box","Juzu Bracelet","Bottled Lightning","Red Mask","Kunai","Orichalcum","Mercury Hourglass","PreservedInsect"],"potions_floor_usage":[],"damage_taken":[{"damage":0.0,"enemies":"Small Slimes","floor":1.0,"turns":2.0},{"damage":0.0,"enemies":"2 Louse","floor":2.0,"turns":1.0},{"damage":0.0,"enemies":"Cultist","floor":3.0,"turns":3.0},{"damage":0.0,"enemies":"Gremlin Gang","floor":4.0,"turns":3.0},{"damage":9.0,"enemies":"3 Louse","floor":5.0,"turns":2.0},{"damage":9.0,"enemies":"3 Sentries","floor":7.0,"turns":6.0},{"damage":0.0,"enemies":"2 Fungi Beasts","floor":8.0,"turns":3.0},{"damage":13.0,"enemies":"Lagavulin","floor":10.0,"turns":9.0},{"damage":7.0,"enemies":"Large Slime","floor":11.0,"turns":7.0},{"damage":13.0,"enemies":"3 Sentries","floor":12.0,"turns":3.0},{"damage":18.0,"enemies":"Slime Boss","floor":16.0,"turns":8.0},{"damage":0.0,"enemies":"3 Byrds","floor":18.0,"turns":2.0},{"damage":0.0,"enemies":"Spheric Guardian","floor":21.0,"turns":3.0},{"damage":5.0,"enemies":"Snecko","floor":22.0,"turns":3.0},{"damage":0.0,"enemies":"Snake Plant","floor":24.0,"turns":4.0},{"damage":0.0,"enemies":"Gremlin Leader","floor":27.0,"turns":6.0},{"damage":5.0,"enemies":"Masked Bandits","floor":28.0,"turns":4.0},{"damage":12.0,"enemies":"Book of Stabbing","floor":29.0,"turns":6.0},{"damage":10.0,"enemies":"Centurion and Healer","floor":31.0,"turns":5.0},{"damage":21.0,"enemies":"Champ","floor":33.0,"turns":17.0},{"damage":3.0,"enemies":"3 Shapes","floor":35.0,"turns":5.0},{"damage":2.0,"enemies":"Orb Walker","floor":36.0,"turns":3.0},{"damage":15.0,"enemies":"Sphere and 2 Shapes","floor":39.0,"turns":5.0},{"damage":33.0,"enemies":"2 Orb Walkers","floor":42.0,"turns":4.0},{"damage":11.0,"enemies":"4 Shapes","floor":44.0,"turns":6.0},{"damage":5.0,"enemies":"Transient","floor":47.0,"turns":5.0},{"damage":7.0,"enemies":"3 Darklings","floor":48.0,"turns":6.0},{"damage":36,"enemies":"Time Eater","floor":50,"turns":8}],"seed_played":"-262692669022482043","potions_obtained":[{"floor":2.0,"key":"PowerPotion"},{"floor":4.0,"key":"LiquidBronze"},{"floor":7.0,"key":"GhostInAJar"},{"floor":10.0,"key":"SpeedPotion"},{"floor":12.0,"key":"Block Potion"},{"floor":16.0,"key":"SkillPotion"},{"floor":21.0,"key":"AttackPotion"},{"floor":22.0,"key":"SkillPotion"},{"floor":24.0,"key":"Block Potion"},{"floor":42.0,"key":"Fire Potion"},{"floor":44.0,"key":"Swift Potion"},{"floor":48.0,"key":"Block Potion"}],"is_trial":false,"path_per_floor":["M","M","M","M","M","R","E","M","T","E","M","E","R","$","R","B",null,"M","?","$","M","M","R","M","R","T","E","?","E","T","M","R","B",null,"M","M","$","?","M","R","R","E","T","M","$","$","M","M","R"],"character_chosen":"THE_SILENT","items_purchased":["AttackPotion","PiercingWail","Well Laid Plans","Regen Potion","PowerPotion","Weak Potion","Footwork","Backflip","AttackPotion"],"campfire_rested":4,"item_purchase_floors":[14,14,20,37,37,45,46,46,46],"current_hp_per_floor":[59,59,59,59,50,50,41,41,41,28,21,8,27,27,27,9,52,52,52,52,52,47,47,47,47,47,47,42,30,30,20,39,18,54,51,49,49,49,34,34,53,20,20,24,24,24,19,12,31,0],"gold":101,"neow_bonus":"THREE_RARE_CARDS","is_prod":false,"is_daily":false,"chose_seed":false,"campfire_upgraded":5,"win_rate":0,"timestamp":1536890339,"path_taken":["M","M","M","M","M","R","E","M","T","E","M","E","R","$","R","BOSS","M","?","$","?","M","R","M","R","T","E","?","E","?","M","R","BOSS","M","M","?","?","M","R","R","E","T","M","$","$","M","M","R","BOSS"],"build_version":"2018-09-06","purchased_purges":1,"victory":false,"max_hp_per_floor":[66,66,66,66,66,66,66,66,66,66,66,66,66,66,66,66,66,66,66,66,66,66,66,66,66,66,66,66,66,66,66,66,66,66,66,66,66,66,66,66,66,66,66,66,66,66,66,66,66,66],"card_choices":[{"not_picked":["Phantasmal Killer","Adrenaline"],"picked":"Die Die Die","floor":0.0},{"not_picked":["Dagger Throw","Sucker Punch"],"picked":"Dagger Spray","floor":1.0},{"not_picked":["Outmaneuver","Quick Slash","Underhanded Strike"],"picked":"SKIP","floor":2.0},{"not_picked":["Escape Plan","Accuracy"],"picked":"Dodge and Roll","floor":3.0},{"not_picked":["Backstab","Heel Hook"],"picked":"Footwork","floor":4.0},{"not_picked":["Poisoned Stab","Dagger Throw"],"picked":"Flying Knee","floor":5.0},{"not_picked":["Riddle With Holes","Bane"],"picked":"Dash","floor":7.0},{"not_picked":["Sucker Punch","Flying Knee"],"picked":"Deflect","floor":8.0},{"not_picked":["Accuracy","Choke"],"picked":"A Thousand Cuts","floor":10.0},{"not_picked":["Catalyst","PiercingWail"],"picked":"Dagger Spray","floor":11.0},{"not_picked":["Dash","Blade Dance"],"picked":"Dodge and Roll","floor":12.0},{"not_picked":["Outmaneuver","Dodge and Roll"],"picked":"Cloak And Dagger","floor":18.0},{"not_picked":["Accuracy","Slice"],"picked":"Deflect","floor":21.0},{"not_picked":["Poisoned Stab","Deflect"],"picked":"Cloak And Dagger","floor":22.0},{"not_picked":["Flying Knee","Blade Dance","Choke"],"picked":"SKIP","floor":24.0},{"not_picked":["Corpse Explosion","Expertise","Outmaneuver"],"picked":"SKIP","floor":27.0},{"not_picked":["Catalyst+1","PiercingWail+1"],"picked":"Finisher","floor":28.0},{"not_picked":["Acrobatics","Blade Dance"],"picked":"Leg Sweep","floor":29.0},{"not_picked":["Sucker Punch","Cloak And Dagger"],"picked":"Terror","floor":31.0},{"not_picked":["Tools of the Trade","Bullet Time"],"picked":"Adrenaline","floor":33.0},{"not_picked":["Quick Slash","Catalyst"],"picked":"Backflip","floor":35.0},{"not_picked":["Reflex+1","Deadly Poison"],"picked":"Dagger Throw+1","floor":36.0},{"not_picked":["Blade Dance","Setup"],"picked":"Cloak And Dagger","floor":39.0},{"not_picked":["A Thousand Cuts","PiercingWail"],"picked":"Backflip+1","floor":42.0},{"not_picked":["Poisoned Stab","Prepared"],"picked":"Deadly Poison","floor":44.0},{"not_picked":["Skewer","Slice"],"picked":"Quick Slash+1","floor":47.0},{"not_picked":["Underhanded Strike","Dagger Throw+1"],"picked":"Acrobatics+1","floor":48.0}],"player_experience":1122926,"relics_obtained":[{"floor":7.0,"key":"Lantern"},{"floor":9.0,"key":"Bronze Scales"},{"floor":10.0,"key":"WingedGreaves"},{"floor":12.0,"key":"Potion Belt"},{"floor":26.0,"key":"Juzu Bracelet"},{"floor":27.0,"key":"Bottled Lightning"},{"floor":28.0,"key":"Red Mask"},{"floor":29.0,"key":"Kunai"},{"floor":30.0,"key":"Orichalcum"},{"floor":42.0,"key":"Mercury Hourglass"},{"floor":43.0,"key":"PreservedInsect"}],"event_choices":[{"event_name":"Cursed Tome","player_choice":"Ignored","floor":19.0,"damage_taken":0.0},{"event_name":"Masked Bandits","player_choice":"Fought Bandits","floor":28.0,"damage_taken":0.0},{"event_name":"Purifier","player_choice":"One Purge","floor":38.0,"damage_taken":0.0}],"is_beta":false,"boss_relics":[{"not_picked":["Empty Cage","Lizard Tail"],"picked":"Pandora\u0027s Box"},{"not_picked":["Sozu","Velvet Choker"],"picked":"Ring of the Serpent"}],"items_purged_floors":[14],"is_endless":false,"potions_floor_spawned":[2,4,7,8,10,12,16,21,22,24,42,44,48],"killed_by":"Time Eater","ascension_level":15}