{"gold_per_floor":[111,111,125,125,141,141,175,175,199,214,214,242,307,325,325,325],"floor_reached":16,"playtime":608,"items_purged":[],"score":263,"play_id":"73f4d66d-bf10-4e80-8a64-a2bda71dfdee","local_time":"20190503135845","is_ascension_mode":true,"campfire_choices":[{"floor":6,"key":"REST"},{"data":"Wild Strike","floor":8,"key":"SMITH"},{"floor":11,"key":"REST"},{"data":"Barricade","floor":15,"key":"SMITH"}],"neow_cost":"NONE","seed_source_timestamp":603425248803300,"circlet_count":0,"master_deck":["AscendersBane","Strike_R","Strike_R","Strike_R","Strike_R","Defend_R","Defend_R","Defend_R","Defend_R","Bash","Rampage+1","Cleave+1","Wild Strike+1","Offering","Carnage","Barricade+1","Shrug It Off","Battle Trance"],"relics":["Burning Blood","Bag of Marbles","Smiling Mask","Bag of Preparation","Darkstone Periapt"],"potions_floor_usage":[7,12],"damage_taken":[{"damage":16,"enemies":"Jaw Worm","floor":1,"turns":5},{"damage":9,"enemies":"Small Slimes","floor":3,"turns":3},{"damage":6,"enemies":"Cultist","floor":5,"turns":3},{"damage":28,"enemies":"3 Sentries","floor":7,"turns":4},{"damage":6,"enemies":"Large Slime","floor":10,"turns":2},{"damage":6,"enemies":"Gremlin Nob","floor":12,"turns":2},{"damage":6,"enemies":"Gremlin Nob","floor":13,"turns":2},{"damage":0,"enemies":"3 Louse","floor":14,"turns":1},{"damage":73,"enemies":"The Guardian","floor":16,"turns":12}],"seed_played":"-7672449138245099897","potions_obtained":[{"floor":5,"key":"PowerPotion"},{"floor":7,"key":"Dexterity Potion"}],"is_trial":false,"path_per_floor":["M","?","M","?","M","R","E","R","T","M","R","E","?","M","R","B"],"character_chosen":"IRONCLAD","items_purchased":[],"campfire_rested":2,"item_purchase_floors":[],"current_hp_per_floor":[65,58,55,30,30,54,32,32,32,32,56,56,56,62,62,0],"gold":325,"neow_bonus":"TEN_PERCENT_HP_BONUS","is_prod":false,"is_daily":false,"chose_seed":false,"campfire_upgraded":2,"win_rate":0,"timestamp":1556881125,"path_taken":["M","?","M","?","M","R","E","R","T","M","R","E","?","M","R","BOSS"],"build_version":"2019-01-23","purchased_purges":0,"victory":false,"max_hp_per_floor":[82,82,82,82,82,82,82,82,82,82,82,82,82,82,82,82],"card_choices":[{"not_picked":["Flex","Second Wind"],"picked":"Rampage","floor":1},{"not_picked":["Perfected Strike","Sword Boomerang"],"picked":"Cleave","floor":3},{"not_picked":["Body Slam","Anger"],"picked":"Wild Strike","floor":5},{"not_picked":["Blood for Blood","Burning Pact"],"picked":"Offering","floor":7},{"not_picked":["Rupture","Feel No Pain"],"picked":"Carnage","floor":10},{"not_picked":["Combust","Feel No Pain"],"picked":"Barricade","floor":12},{"not_picked":["Rampage","Body Slam"],"picked":"Shrug It Off","floor":13},{"not_picked":["Anger","Warcry"],"picked":"Battle Trance","floor":14}],"player_experience":366155,"relics_obtained":[{"floor":7,"key":"Bag of Marbles"},{"floor":9,"key":"Smiling Mask"},{"floor":12,"key":"Bag of Preparation"}],"event_choices":[{"cards_removed":["Strike_R"],"damage_healed":0,"gold_gain":0,"player_choice":"Card Removal","damage_taken":7,"max_hp_gain":0,"max_hp_loss":0,"event_name":"Golden Wing","floor":2,"gold_loss":0},{"damage_healed":0,"gold_gain":0,"player_choice":"Entered Light","damage_taken":25,"max_hp_gain":0,"max_hp_loss":0,"event_name":"Shining Light","floor":4,"gold_loss":0,"cards_upgraded":["Rampage","Cleave"]},{"damage_healed":0,"gold_gain":0,"player_choice":"Searched \u00272\u0027 times","damage_taken":0,"relics_obtained":["Darkstone Periapt"],"max_hp_gain":0,"max_hp_loss":0,"event_name":"Dead Adventurer","floor":13,"gold_loss":0}],"is_beta":false,"boss_relics":[],"items_purged_floors":[],"is_endless":false,"potions_floor_spawned":[5,7],"killed_by":"The Guardian","ascension_level":19}