{"gold_per_floor":[115,18,28,47,47,47,77,2,49,49,81,97,116,128,128,206,206,219,66,80,94,94,94,94,123,123,149,74,87,98,156,156,156],"floor_reached":33,"playtime":2067,"items_purged":["Strike_R"],"score":581,"play_id":"af996c90-bf60-4c08-a080-a10d536a0039","local_time":"20190317002124","is_ascension_mode":true,"campfire_choices":[{"data":"Armaments","floor":6,"key":"SMITH"},{"data":"Disarm","floor":15,"key":"SMITH"},{"data":"Dark Embrace","floor":23,"key":"SMITH"},{"floor":32,"key":"REST"}],"neow_cost":"TEN_PERCENT_HP_LOSS","seed_source_timestamp":10196247892700,"circlet_count":0,"master_deck":["AscendersBane","Defend_R","Defend_R","Defend_R","Defend_R","Bash","Impatience","Second Wind","Armaments+1","Reckless Charge","Burning Pact","Double Tap","Reaper","Shrug It Off","Disarm+1","Dark Embrace+1","Immolate","Ghostly","Ghostly","Ghostly","Feed","Iron Wave","Dropkick","Battle Trance"],"relics":["Burning Blood","Art of War","Anchor","Mark of Pain","Pear","Bird Faced Urn","Omamori","Tiny Chest"],"potions_floor_usage":[11,16,25,25,33],"damage_taken":[{"damage":1,"enemies":"Cultist","floor":1,"turns":4},{"damage":2,"enemies":"Jaw Worm","floor":3,"turns":4},{"damage":9,"enemies":"2 Louse","floor":4,"turns":4},{"damage":37,"enemies":"Lagavulin","floor":11,"turns":10},{"damage":12,"enemies":"Red Slaver","floor":12,"turns":5},{"damage":1,"enemies":"Looter","floor":13,"turns":4},{"damage":12,"enemies":"Large Slime","floor":14,"turns":7},{"damage":31,"enemies":"The Guardian","floor":16,"turns":18},{"damage":45,"enemies":"Spheric Guardian","floor":18,"turns":10},{"damage":27,"enemies":"3 Byrds","floor":20,"turns":6},{"damage":2,"enemies":"Centurion and Healer","floor":21,"turns":8},{"damage":0,"enemies":"Slavers","floor":25,"turns":5},{"damage":33,"enemies":"Gremlin Leader","floor":27,"turns":9},{"damage":0,"enemies":"Snake Plant","floor":29,"turns":6},{"damage":19,"enemies":"Shelled Parasite and Fungi","floor":30,"turns":9},{"damage":42,"enemies":"Slavers","floor":31,"turns":10},{"damage":55,"enemies":"Automaton","floor":33,"turns":10}],"seed_played":"7416079367510801438","potions_obtained":[{"floor":3,"key":"Block Potion"},{"floor":13,"key":"Block Potion"},{"floor":16,"key":"FearPotion"},{"floor":20,"key":"Ancient Potion"},{"floor":21,"key":"SpeedPotion"},{"floor":27,"key":"Strength Potion"}],"is_trial":false,"path_per_floor":["M","$","M","M","?","R","?","$","T","?","E","M","M","M","R","B",null,"M","$","M","M","?","R","?","E","T","E","?","M","M","E","R","B"],"character_chosen":"IRONCLAD","items_purchased":["Second Wind","Armaments","Immolate"],"campfire_rested":1,"item_purchase_floors":[2,2,19],"current_hp_per_floor":[68,68,68,65,65,65,65,65,65,78,47,45,57,59,59,40,69,34,34,19,29,29,29,29,48,48,25,25,38,34,21,37,0],"gold":156,"neow_bonus":"RANDOM_COLORLESS_2","is_prod":false,"is_daily":false,"chose_seed":true,"campfire_upgraded":3,"win_rate":0,"timestamp":1552753284,"path_taken":["M","$","M","?","?","R","?","?","T","?","E","M","M","M","R","BOSS","M","$","M","M","?","R","?","E","T","E","?","M","M","E","R","BOSS"],"build_version":"2019-01-23","purchased_purges":1,"victory":false,"max_hp_per_floor":[68,68,68,68,68,68,68,68,68,78,78,78,78,78,78,78,78,78,78,78,78,39,39,39,49,49,49,49,49,52,55,55,55],"card_choices":[{"not_picked":["Seeing Red","Clash","Sever Soul"],"picked":"SKIP","floor":1},{"not_picked":["Bloodletting","Sever Soul"],"picked":"Reckless Charge","floor":3},{"not_picked":["Flex","Sword Boomerang"],"picked":"Burning Pact","floor":4},{"not_picked":["Warcry","Sword Boomerang"],"picked":"Reaper","floor":11},{"not_picked":["Wild Strike","Carnage","Anger"],"picked":"SKIP","floor":12},{"not_picked":["Wild Strike","Carnage","Anger"],"picked":"SKIP","floor":12},{"not_picked":["Iron Wave","Havoc"],"picked":"Shrug It Off","floor":13},{"not_picked":["Heavy Blade","Body Slam"],"picked":"Disarm","floor":14},{"not_picked":["Double Tap","Reaper"],"picked":"Dark Embrace","floor":16},{"not_picked":["Searing Blow","Rampage","Twin Strike+1"],"picked":"SKIP","floor":18},{"not_picked":["Warcry","True Grit","Perfected Strike"],"picked":"SKIP","floor":20},{"not_picked":["Iron Wave","Burning Pact","Perfected Strike"],"picked":"SKIP","floor":21},{"not_picked":["Wild Strike","Fire Breathing","Flex"],"picked":"SKIP","floor":25},{"not_picked":["Bloodletting","Flame Barrier"],"picked":"Dropkick","floor":27},{"not_picked":["Ghostly Armor","Warcry"],"picked":"Battle Trance","floor":29},{"not_picked":["Sword Boomerang","Flex","Reaper"],"picked":"SKIP","floor":30},{"not_picked":["Sword Boomerang","Flex","Reaper"],"picked":"SKIP","floor":30},{"not_picked":["Pommel Strike","Cleave","Rage"],"picked":"SKIP","floor":31}],"player_experience":2840837,"relics_obtained":[{"floor":9,"key":"Art of War"},{"floor":11,"key":"Anchor"},{"floor":25,"key":"Pear"},{"floor":26,"key":"Bird Faced Urn"},{"floor":27,"key":"Omamori"},{"floor":31,"key":"Tiny Chest"}],"event_choices":[{"damage_healed":0,"gold_gain":0,"cards_transformed":["Strike_R"],"player_choice":"Change","damage_taken":0,"max_hp_gain":0,"max_hp_loss":0,"event_name":"Living Wall","floor":5,"gold_loss":0,"cards_obtained":["Double Tap"]},{"damage_healed":0,"gold_gain":30,"player_choice":"Searched \u00271\u0027 times","damage_taken":0,"max_hp_gain":0,"max_hp_loss":0,"event_name":"Dead Adventurer","floor":7,"gold_loss":0},{"cards_removed":["Mayhem"],"damage_healed":3,"gold_gain":0,"player_choice":"Offered Rare","damage_taken":0,"max_hp_gain":10,"max_hp_loss":0,"event_name":"Bonfire Elementals","floor":10,"gold_loss":0},{"damage_healed":0,"gold_gain":0,"player_choice":"Became a Ghost","damage_taken":0,"max_hp_gain":0,"max_hp_loss":39,"event_name":"Ghosts","floor":22,"gold_loss":0,"cards_obtained":["Ghostly","Ghostly","Ghostly"]},{"damage_healed":0,"gold_gain":0,"cards_transformed":["Strike_R","Strike_R"],"player_choice":"Became Test Subject","damage_taken":0,"max_hp_gain":0,"max_hp_loss":0,"event_name":"Drug Dealer","floor":24,"gold_loss":0,"cards_obtained":["Feed","Iron Wave"]},{"cards_removed":["Strike_R"],"damage_healed":0,"gold_gain":0,"player_choice":"Gave Gold","damage_taken":0,"max_hp_gain":0,"max_hp_loss":0,"event_name":"Beggar","floor":28,"gold_loss":75}],"is_beta":false,"boss_relics":[{"not_picked":["Snecko Eye","Orrery"],"picked":"Mark of Pain"}],"items_purged_floors":[8],"is_endless":false,"potions_floor_spawned":[3,13,16,20,21,27],"killed_by":"Automaton","ascension_level":15}