{"gold_per_floor":[13,27,27,48,48,82,82,125,125,75,75,100,100,143,143,241,241,255,279,90,90,110,110,123,123,146,172,172,31,55,74,74,170,170,185,199,199,199,199,238,104,119,142,180,193,214,247,372,372,372,372,372,372,0,41,41],"floor_reached":57,"playtime":3785,"items_purged":["Strike_B","Strike_B","Pain","Defend_B"],"score":3145,"play_id":"9c761b00-0b9c-419f-9802-9ee9407f11c5","local_time":"20190115140037","is_ascension_mode":true,"campfire_choices":[{"data":"Streamline","floor":7.0,"key":"SMITH"},{"floor":13.0,"key":"REST"},{"floor":15.0,"key":"REST"},{"floor":23.0,"key":"REST"},{"floor":25.0,"key":"REST"},{"data":"Fusion","floor":32.0,"key":"SMITH"},{"floor":49.0,"key":"RECALL"},{"floor":53.0,"key":"REST"}],"neow_cost":"NO_GOLD","seed_source_timestamp":9994757460000,"circlet_count":0,"master_deck":["AscendersBane","Zap","Dualcast","Cold Snap","Streamline+1","White Noise","Beam Cell","Machine Learning+1","Creative AI+1","Self Repair+1","BootSequence","Steam","FTL","Hyperbeam","Buffer+1","Heatsinks+1","Fusion+1","Leap+1","Glacier","Dark Shackles","Turbo+1","Defragment+1","Coolheaded+1","Hologram"],"special_seed":0,"relics":["Cracked Core","Golden Idol","Smiling Mask","Frozen Egg 2","Boot","DataDisk","Potion Belt","White Beast Statue","Lantern","Dream Catcher","Fusion Hammer","WarpedTongs","Dead Branch","Mercury Hourglass","Bird Faced Urn","Ginger","OrangePellets","Kunai"],"potions_floor_usage":[55,56,56,56,56],"damage_taken":[{"damage":0.0,"enemies":"Small Slimes","floor":1.0,"turns":2.0},{"damage":0.0,"enemies":"Jaw Worm","floor":2.0,"turns":3.0},{"damage":6.0,"enemies":"2 Louse","floor":4.0,"turns":3.0},{"damage":26.0,"enemies":"Gremlin Nob","floor":6.0,"turns":4.0},{"damage":27.0,"enemies":"Lagavulin","floor":8.0,"turns":6.0},{"damage":2.0,"enemies":"Red Slaver","floor":12.0,"turns":3.0},{"damage":19.0,"enemies":"Gremlin Nob","floor":14.0,"turns":5.0},{"damage":0.0,"enemies":"The Guardian","floor":16.0,"turns":10.0},{"damage":19.0,"enemies":"Chosen","floor":18.0,"turns":4.0},{"damage":36.0,"enemies":"2 Thieves","floor":19.0,"turns":4.0},{"damage":5.0,"enemies":"Chosen and Byrds","floor":22.0,"turns":3.0},{"damage":26.0,"enemies":"Snake Plant","floor":24.0,"turns":4.0},{"damage":4.0,"enemies":"Centurion and Healer","floor":30.0,"turns":10.0},{"damage":6.0,"enemies":"3 Cultists","floor":31.0,"turns":3.0},{"damage":26.0,"enemies":"Automaton","floor":33.0,"turns":8.0},{"damage":31.0,"enemies":"3 Darklings","floor":35.0,"turns":6.0},{"damage":8.0,"enemies":"Orb Walker","floor":36.0,"turns":4.0},{"damage":20.0,"enemies":"Reptomancer","floor":40.0,"turns":6.0},{"damage":0.0,"enemies":"4 Shapes","floor":42.0,"turns":8.0},{"damage":0.0,"enemies":"Giant Head","floor":44.0,"turns":7.0},{"damage":5.0,"enemies":"Sphere and 2 Shapes","floor":45.0,"turns":7.0},{"damage":8.0,"enemies":"3 Darklings","floor":46.0,"turns":4.0},{"damage":0.0,"enemies":"Nemesis","floor":47.0,"turns":9.0},{"damage":6.0,"enemies":"Mind Bloom Boss Battle","floor":48.0,"turns":6.0},{"damage":0.0,"enemies":"Donu and Deca","floor":50.0,"turns":12.0},{"damage":20.0,"enemies":"Time Eater","floor":51.0,"turns":19.0},{"damage":22,"enemies":"Shield and Spear","floor":55,"turns":8},{"damage":48,"enemies":"The Heart","floor":56,"turns":11}],"seed_played":"-4080110685288007416","potions_obtained":[{"floor":1.0,"key":"SkillPotion"},{"floor":6.0,"key":"Explosive Potion"},{"floor":8.0,"key":"Block Potion"},{"floor":12.0,"key":"SkillPotion"},{"floor":14.0,"key":"FocusPotion"},{"floor":18.0,"key":"Strength Potion"},{"floor":19.0,"key":"SkillPotion"},{"floor":22.0,"key":"PowerPotion"},{"floor":24.0,"key":"SkillPotion"},{"floor":30.0,"key":"Weak Potion"},{"floor":31.0,"key":"Weak Potion"},{"floor":33.0,"key":"Energy Potion"},{"floor":35.0,"key":"Fire Potion"},{"floor":40.0,"key":"Fire Potion"},{"floor":42.0,"key":"Fire Potion"},{"floor":47.0,"key":"Ancient Potion"},{"floor":55,"key":"Weak Potion"}],"is_trial":false,"path_per_floor":["M","M","?","M","?","E","R","E","T","$","?","M","R","E","R","B",null,"M","M","$","?","M","R","M","R","T","T","?","$","M","M","R","B",null,"M","M","?","?","?","E","$","M","T","E","M","M","E","?","R","B","B",null,"R","$","E","B",null],"character_chosen":"DEFECT","items_purchased":["EssenceOfSteel","Steam","Heatsinks+1","SkillPotion","GamblersBrew","OrangePellets","SkillPotion","SkillPotion"],"campfire_rested":5,"item_purchase_floors":[20,20,29,29,41,54,54,54],"current_hp_per_floor":[64,64,64,58,63,37,37,10,10,10,5,3,23,4,24,24,58,39,13,13,13,8,28,12,32,32,32,32,32,48,52,52,46,63,52,54,54,44,44,34,34,34,34,44,49,51,61,69,69,69,69,69,69,69,69,62],"gold":41,"neow_bonus":"REMOVE_TWO","is_prod":false,"is_daily":false,"chose_seed":false,"campfire_upgraded":2,"win_rate":0,"timestamp":1547532037,"path_taken":["M","M","?","M","?","E","R","E","T","?","?","?","R","E","R","BOSS","M","M","$","?","M","R","?","R","T","?","?","$","M","M","R","BOSS","M","M","?","?","?","E","$","?","T","E","M","M","E","?","R","BOSS","BOSS","R","$","E","BOSS"],"build_version":"2019-01-10","purchased_purges":4,"victory":true,"max_hp_per_floor":[71,71,64,64,69,69,69,69,69,69,69,69,69,69,69,69,69,69,69,69,69,69,69,69,69,69,69,69,69,69,69,69,69,69,69,69,69,69,69,69,69,69,69,69,69,69,69,69,69,69,69,69,69,69,69,69],"card_choices":[{"not_picked":["Tempest","Go for the Eyes"],"picked":"Cold Snap","floor":1.0},{"not_picked":["Turbo","Redo","Rebound"],"picked":"SKIP","floor":2.0},{"not_picked":["Darkness","Double Energy"],"picked":"Streamline","floor":4.0},{"not_picked":["Doom and Gloom","Scrape"],"picked":"White Noise","floor":6.0},{"not_picked":["Go for the Eyes","Cold Snap","Storm"],"picked":"SKIP","floor":8.0},{"not_picked":["Aggregate","Sweeping Beam"],"picked":"Beam Cell","floor":12.0},{"not_picked":["Heatsinks+1","Fusion"],"picked":"Machine Learning+1","floor":14.0},{"not_picked":["Amplify","Fission"],"picked":"Creative AI+1","floor":16.0},{"not_picked":["Sweeping Beam","Hologram"],"picked":"Self Repair+1","floor":18.0},{"not_picked":["Auto Shields","Turbo"],"picked":"BootSequence","floor":19.0},{"not_picked":["Stack+1","Ball Lightning"],"picked":"FTL","floor":22.0},{"not_picked":["Rebound","Skim","Stack+1"],"picked":"SKIP","floor":24.0},{"not_picked":["Ball Lightning","Self Repair+1"],"picked":"Fusion","floor":30.0},{"not_picked":["Redo+1","Hello World+1","Genetic Algorithm"],"picked":"SKIP","floor":31.0},{"not_picked":["Redo","Static Discharge+1"],"picked":"Leap+1","floor":35.0},{"not_picked":["Redo","Leap"],"picked":"Glacier","floor":36.0},{"not_picked":["Jack Of All Trades","Flash of Steel"],"picked":"Dark Shackles","floor":38.0},{"not_picked":["Aggregate","White Noise"],"picked":"Turbo+1","floor":40.0},{"not_picked":["Leap","Gash","Redo"],"picked":"SKIP","floor":42.0},{"not_picked":["Rebound","Multi-Cast","Sweeping Beam+1"],"picked":"SKIP","floor":44.0},{"not_picked":["Capacitor+1","Skim"],"picked":"Defragment+1","floor":45.0},{"not_picked":["Beam Cell","Aggregate"],"picked":"Coolheaded+1","floor":46.0},{"not_picked":["Ball Lightning","Machine Learning+1","Steam"],"picked":"SKIP","floor":47.0},{"not_picked":["Skim","Conserve Battery"],"picked":"Hologram","floor":55}],"player_experience":2539897,"relics_obtained":[{"floor":6.0,"key":"Smiling Mask"},{"floor":8.0,"key":"Frozen Egg 2"},{"floor":9.0,"key":"Boot"},{"floor":14.0,"key":"Potion Belt"},{"floor":26.0,"key":"Lantern"},{"floor":27.0,"key":"Dream Catcher"},{"floor":40.0,"key":"Dead Branch"},{"floor":44.0,"key":"Mercury Hourglass"},{"floor":47.0,"key":"Bird Faced Urn"},{"floor":48.0,"key":"Ginger"},{"floor":55,"key":"Kunai"}],"event_choices":[{"damage_healed":0.0,"max_hp_gain":0.0,"max_hp_loss":7.0,"gold_gain":0.0,"event_name":"Golden Idol","player_choice":"Lose Max HP","floor":3.0,"gold_loss":0.0,"damage_taken":0.0,"relics_obtained":["Golden Idol"]},{"damage_healed":0.0,"max_hp_gain":5.0,"max_hp_loss":0.0,"gold_gain":0.0,"event_name":"Big Fish","player_choice":"Donut","floor":5.0,"gold_loss":0.0,"damage_taken":0.0},{"damage_healed":0.0,"max_hp_gain":0.0,"max_hp_loss":0.0,"gold_gain":0.0,"event_name":"Scrap Ooze","player_choice":"Success","floor":11.0,"gold_loss":0.0,"damage_taken":5.0,"relics_obtained":["DataDisk"]},{"cards_removed":["Strike_B"],"damage_healed":0.0,"max_hp_gain":0.0,"max_hp_loss":0.0,"gold_gain":0.0,"event_name":"Purifier","player_choice":"Purged","floor":21.0,"gold_loss":0.0,"damage_taken":0.0},{"damage_healed":0.0,"max_hp_gain":0.0,"max_hp_loss":0.0,"gold_gain":0.0,"cards_transformed":["Defend_B","Defend_B"],"event_name":"Drug Dealer","player_choice":"Became Test Subject","floor":28.0,"gold_loss":0.0,"damage_taken":0.0,"cards_obtained":["Hyperbeam","Buffer"]},{"damage_healed":0.0,"max_hp_gain":0.0,"max_hp_loss":0.0,"gold_gain":0.0,"event_name":"Tomb of Lord Red Mask","player_choice":"Ignored","floor":37.0,"gold_loss":0.0,"damage_taken":0.0},{"damage_healed":0.0,"max_hp_gain":0.0,"max_hp_loss":0.0,"gold_gain":0.0,"event_name":"SensoryStone","player_choice":"Memory 3","floor":38.0,"gold_loss":0.0,"damage_taken":10.0},{"damage_healed":0.0,"max_hp_gain":0.0,"max_hp_loss":0.0,"gold_gain":0.0,"event_name":"Accursed Blacksmith","player_choice":"Rummage","floor":39.0,"gold_loss":0.0,"damage_taken":0.0,"relics_obtained":["WarpedTongs"],"cards_obtained":["Pain"]},{"damage_healed":0.0,"max_hp_gain":0.0,"max_hp_loss":0.0,"gold_gain":0.0,"event_name":"MindBloom","player_choice":"Fight","floor":48.0,"gold_loss":0.0,"damage_taken":0.0}],"is_beta":false,"boss_relics":[{"not_picked":["FrozenCore","Busted Crown"],"picked":"White Beast Statue"},{"not_picked":["Inserter","Eternal Feather"],"picked":"Fusion Hammer"}],"items_purged_floors":[10,20,41,54],"is_endless":false,"potions_floor_spawned":[1,6,8,12,14,18,19,22,24,30,31,33,35,36,40,42,44,45,46,47,48,55],"ascension_level":20}