{"gold_per_floor":[119,119,119,119,136,171,171,199,199,209,209,219,104,134,134,212,212,230,230,240,240,250,250,278,328,408,408,425,440,440,472,472,546,546,562,562,233,244,260,295,311,327,327,352,352,227,237,251,251,251,251,251,251,31,56,56],"floor_reached":57,"playtime":4294,"items_purged":["Strike_B","Pain","Strike_B"],"score":2894,"play_id":"927e2aa8-ccd5-44c5-8546-b3acd319c4db","local_time":"20190217215621","is_ascension_mode":true,"campfire_choices":[{"data":"Sunder","floor":7.0,"key":"SMITH"},{"data":"Fission","floor":15.0,"key":"SMITH"},{"data":"Defragment","floor":23.0,"key":"SMITH"},{"data":"Seek","floor":30.0,"key":"SMITH"},{"data":"Consume","floor":32.0,"key":"SMITH"},{"floor":49.0,"key":"RECALL"},{"data":"Heatsinks","floor":53.0,"key":"SMITH"}],"neow_cost":"NONE","seed_source_timestamp":0,"circlet_count":0,"master_deck":["AscendersBane","Strike_B+1","Defend_B","Defend_B","Defend_B","Defend_B+1","Zap","Dualcast","Auto Shields","Beam Cell","Ball Lightning","Sunder+1","Consume+1","Fission+1","Coolheaded","Defragment+1","Self Repair","Seek+1","Turbo","Recycle","Hologram","Creative AI","Capacitor","Heatsinks+1","Skim","Electrodynamics","Darkness+1","Glacier+1","Compile Driver+1","Multi-Cast","Reinforced Body+1","Meteor Strike+1"],"special_seed":0,"relics":["Cracked Core","NeowsBlessing","Emotion Chip","Meat on the Bone","Molten Egg 2","Dead Branch","Bag of Marbles","Sozu","Pear","Question Card","Philosopher\u0027s Stone","WarpedTongs","ClockworkSouvenir","Centennial Puzzle","Oddly Smooth Stone","Frozen Eye","Du-Vu Doll"],"potions_floor_usage":[],"damage_taken":[{"damage":0.0,"enemies":"Small Slimes","floor":1.0,"turns":1.0},{"damage":0.0,"enemies":"Jaw Worm","floor":5.0,"turns":1.0},{"damage":0.0,"enemies":"3 Sentries","floor":6.0,"turns":1.0},{"damage":5.0,"enemies":"Lagavulin","floor":8.0,"turns":7.0},{"damage":0.0,"enemies":"2 Louse","floor":10.0,"turns":2.0},{"damage":18.0,"enemies":"Large Slime","floor":12.0,"turns":3.0},{"damage":23.0,"enemies":"3 Sentries","floor":14.0,"turns":6.0},{"damage":16.0,"enemies":"The Guardian","floor":16.0,"turns":10.0},{"damage":0.0,"enemies":"2 Thieves","floor":18.0,"turns":3.0},{"damage":1.0,"enemies":"Spheric Guardian","floor":20.0,"turns":3.0},{"damage":7.0,"enemies":"Centurion and Healer","floor":22.0,"turns":4.0},{"damage":21.0,"enemies":"Slavers","floor":24.0,"turns":4.0},{"damage":16.0,"enemies":"Snecko","floor":28.0,"turns":4.0},{"damage":8.0,"enemies":"Cultist and Chosen","floor":29.0,"turns":5.0},{"damage":19.0,"enemies":"Gremlin Leader","floor":31.0,"turns":7.0},{"damage":47.0,"enemies":"Champ","floor":33.0,"turns":7.0},{"damage":4.0,"enemies":"Orb Walker","floor":35.0,"turns":2.0},{"damage":0.0,"enemies":"3 Shapes","floor":38.0,"turns":2.0},{"damage":0.0,"enemies":"Maw","floor":39.0,"turns":5.0},{"damage":0.0,"enemies":"Giant Head","floor":40.0,"turns":8.0},{"damage":6.0,"enemies":"Sphere and 2 Shapes","floor":41.0,"turns":4.0},{"damage":0.0,"enemies":"Writhing Mass","floor":42.0,"turns":5.0},{"damage":7.0,"enemies":"Nemesis","floor":44.0,"turns":9.0},{"damage":28.0,"enemies":"Transient","floor":47.0,"turns":6.0},{"damage":4.0,"enemies":"Sphere and 2 Shapes","floor":48.0,"turns":2.0},{"damage":35.0,"enemies":"Time Eater","floor":50.0,"turns":12.0},{"damage":35.0,"enemies":"Awakened One","floor":51.0,"turns":17.0},{"damage":19.0,"enemies":"Shield and Spear","floor":55.0,"turns":6.0},{"damage":52,"enemies":"The Heart","floor":56,"turns":14}],"seed_played":"5944775510977070375","potions_obtained":[{"floor":6.0,"key":"Weak Potion"},{"floor":12.0,"key":"SkillPotion"}],"is_trial":false,"path_per_floor":["M","?","?","?","M","E","R","E","T","M","?","M","$","E","R","B",null,"M","?","M","?","M","R","E","?","T","?","M","M","R","E","R","B",null,"M","?","$","M","M","E","M","M","T","E","?","$","M","M","R","B","B",null,"R","$","E","B",null],"character_chosen":"DEFECT","items_purchased":["Defragment","ClockworkSouvenir","Frozen Eye"],"campfire_rested":0,"item_purchase_floors":[13,37,54],"current_hp_per_floor":[64,64,38,17,17,17,17,24,24,36,41,35,35,24,24,27,64,71,71,76,72,72,72,68,68,68,68,59,58,58,58,58,30,72,68,68,68,82,86,86,80,86,86,86,83,83,62,65,65,49,40,72,72,72,63,23],"gold":56,"neow_bonus":"THREE_ENEMY_KILL","is_prod":false,"is_daily":false,"chose_seed":false,"campfire_upgraded":6,"win_rate":0,"timestamp":1550411781,"path_taken":["M","?","?","?","M","E","R","E","T","M","?","?","$","E","R","BOSS","M","?","M","?","?","R","E","?","T","?","?","M","R","E","R","BOSS","M","?","$","M","?","E","M","M","T","E","?","$","M","M","R","BOSS","BOSS","R","$","E","BOSS"],"build_version":"2019-01-23","purchased_purges":3,"victory":true,"max_hp_per_floor":[71,71,71,71,71,71,71,71,71,71,76,76,76,76,76,76,76,76,76,76,76,76,76,86,86,86,86,86,86,86,86,86,86,86,86,86,86,86,86,86,86,86,86,86,83,83,83,83,83,83,83,83,83,83,83,83],"card_choices":[{"not_picked":["Steam","Compile Driver"],"picked":"Auto Shields","floor":1.0},{"not_picked":["Leap","Redo"],"picked":"Ball Lightning","floor":5.0},{"not_picked":["Coolheaded","Rip and Tear"],"picked":"Sunder","floor":6.0},{"not_picked":["Beam Cell","Compile Driver"],"picked":"Consume","floor":8.0},{"not_picked":["Coolheaded","Lockon+1"],"picked":"Fission","floor":10.0},{"not_picked":["Scrape+1","Barrage+1"],"picked":"Coolheaded","floor":12.0},{"not_picked":["Hologram","Melter+1"],"picked":"Self Repair","floor":14.0},{"not_picked":["Fission","Reboot"],"picked":"Seek","floor":16.0},{"not_picked":["Force Field","Turbo","Compile Driver+1"],"picked":"SKIP","floor":18.0},{"not_picked":["Force Field","Compile Driver+1"],"picked":"Turbo","floor":18.0},{"not_picked":["Gash+1","Sweeping Beam+1","Consume"],"picked":"SKIP","floor":20.0},{"not_picked":["Recycle","Compile Driver+1","Hello World"],"picked":"SKIP","floor":22.0},{"not_picked":["Recycle","Compile Driver+1","Hello World"],"picked":"SKIP","floor":22.0},{"not_picked":["Aggregate","Steam","Conserve Battery"],"picked":"SKIP","floor":24.0},{"not_picked":["Aggregate","Steam","Conserve Battery"],"picked":"SKIP","floor":24.0},{"not_picked":["Barrage+1","FTL+1","BootSequence"],"picked":"Capacitor","floor":28.0},{"not_picked":["Conserve Battery","Rebound+1","Rainbow"],"picked":"Heatsinks","floor":29.0},{"not_picked":["Defragment","Static Discharge","Go for the Eyes+1"],"picked":"Skim","floor":31.0},{"not_picked":["Reboot","Rainbow","Seek"],"picked":"Electrodynamics","floor":33.0},{"not_picked":["Sunder+1","Compile Driver+1","Hello World"],"picked":"Darkness+1","floor":35.0},{"not_picked":["Capacitor","Stack+1","Compile Driver+1"],"picked":"Glacier+1","floor":38.0},{"not_picked":["Barrage+1","Genetic Algorithm+1","Steam","Gash+1"],"picked":"SKIP","floor":39.0},{"not_picked":["Gash+1","Compile Driver+1","Sweeping Beam+1","Fission"],"picked":"SKIP","floor":40.0},{"not_picked":["Gash+1","Compile Driver+1","Sweeping Beam+1","Fission"],"picked":"SKIP","floor":40.0},{"not_picked":["Gash+1","Sweeping Beam+1","Fission"],"picked":"Compile Driver+1","floor":40.0},{"not_picked":["Hologram+1","Scrape+1","Rebound+1","Doom and Gloom+1"],"picked":"SKIP","floor":41.0},{"not_picked":["Sweeping Beam+1","Streamline+1","Beam Cell+1","Static Discharge"],"picked":"SKIP","floor":42.0},{"not_picked":["Multi-Cast","Fusion","Doom and Gloom+1","Genetic Algorithm"],"picked":"SKIP","floor":44.0},{"not_picked":["Multi-Cast","Fusion","Doom and Gloom+1","Genetic Algorithm"],"picked":"SKIP","floor":44.0},{"not_picked":["Fusion","Doom and Gloom+1","Genetic Algorithm"],"picked":"Multi-Cast","floor":44.0},{"not_picked":["Storm","Heatsinks","Loop","Rebound+1"],"picked":"SKIP","floor":47.0},{"not_picked":["Hologram","Coolheaded+1","Stack"],"picked":"Reinforced Body+1","floor":48.0},{"not_picked":["Steam+1","Sweeping Beam+1","Undo"],"picked":"Meteor Strike+1","floor":55.0}],"player_experience":2624705,"relics_obtained":[{"floor":6.0,"key":"Meat on the Bone"},{"floor":8.0,"key":"Molten Egg 2"},{"floor":9.0,"key":"Dead Branch"},{"floor":14.0,"key":"Bag of Marbles"},{"floor":24.0,"key":"Pear"},{"floor":26.0,"key":"Question Card"},{"floor":40.0,"key":"Centennial Puzzle"},{"floor":44.0,"key":"Oddly Smooth Stone"},{"floor":55.0,"key":"Du-Vu Doll"}],"event_choices":[{"damage_healed":0.0,"max_hp_gain":0.0,"max_hp_loss":0.0,"gold_gain":0.0,"cards_transformed":["Strike_B"],"event_name":"Living Wall","player_choice":"Change","floor":2.0,"gold_loss":0.0,"damage_taken":0.0,"cards_obtained":["Beam Cell"]},{"damage_healed":0.0,"max_hp_gain":0.0,"max_hp_loss":0.0,"gold_gain":0.0,"event_name":"Scrap Ooze","player_choice":"Success","floor":3.0,"gold_loss":0.0,"damage_taken":26.0,"relics_obtained":["Emotion Chip"]},{"damage_healed":0.0,"max_hp_gain":0.0,"max_hp_loss":0.0,"gold_gain":0.0,"event_name":"Shining Light","player_choice":"Entered Light","floor":4.0,"gold_loss":0.0,"damage_taken":21.0,"cards_upgraded":["Strike_B","Defend_B"]},{"damage_healed":0.0,"max_hp_gain":5.0,"max_hp_loss":0.0,"gold_gain":0.0,"event_name":"Big Fish","player_choice":"Donut","floor":11.0,"gold_loss":0.0,"damage_taken":0.0},{"damage_healed":0.0,"max_hp_gain":0.0,"max_hp_loss":0.0,"gold_gain":0.0,"event_name":"The Library","player_choice":"Read","floor":19.0,"gold_loss":0.0,"damage_taken":0.0,"cards_obtained":["Recycle"]},{"damage_healed":0.0,"max_hp_gain":0.0,"max_hp_loss":0.0,"gold_gain":0.0,"event_name":"The Woman in Blue","player_choice":"Bought 0 Potions","floor":21.0,"gold_loss":0.0,"damage_taken":0.0},{"damage_healed":0.0,"max_hp_gain":0.0,"max_hp_loss":0.0,"gold_gain":50.0,"event_name":"Nest","player_choice":"Stole From Cult","floor":25.0,"gold_loss":0.0,"damage_taken":0.0},{"damage_healed":0.0,"max_hp_gain":0.0,"max_hp_loss":0.0,"gold_gain":0.0,"event_name":"Match and Keep!","player_choice":"2 cards matched","floor":27.0,"gold_loss":0.0,"damage_taken":0.0,"cards_obtained":["Hologram","Creative AI"]},{"damage_healed":0.0,"max_hp_gain":0.0,"max_hp_loss":0.0,"gold_gain":0.0,"event_name":"Accursed Blacksmith","player_choice":"Rummage","floor":36.0,"gold_loss":0.0,"damage_taken":0.0,"relics_obtained":["WarpedTongs"],"cards_obtained":["Pain"]},{"cards_removed":["Parasite"],"damage_healed":0.0,"max_hp_gain":0.0,"max_hp_loss":0.0,"gold_gain":0.0,"event_name":"Fountain of Cleansing","player_choice":"Removed Curses","floor":45.0,"gold_loss":0.0,"damage_taken":0.0}],"is_beta":false,"boss_relics":[{"not_picked":["Empty Cage","Calling Bell"],"picked":"Sozu"},{"not_picked":["FrozenCore","White Beast Statue"],"picked":"Philosopher\u0027s Stone"}],"items_purged_floors":[13,37,46],"is_endless":false,"potions_floor_spawned":[6,12,18,24,31,35,38,41],"ascension_level":20}