{"gold_per_floor":[110,160,172,447,54,54,71,71,97,97,116,135,154,179,179,253,253,272,292,292,306,90,90,106,106,106,124,124,124,141,141,141,212,262,273,284,24,35,51,83,0,0,0,0,0,0,0,0,0,0],"floor_reached":50,"playtime":4224,"items_purged":["Regret"],"score":897,"play_id":"63395dd9-2b4f-4100-9973-a64eebb64988","local_time":"20190314020331","is_ascension_mode":true,"campfire_choices":[{"data":"Hologram","floor":6.0,"key":"SMITH"},{"data":"Fission","floor":8.0,"key":"SMITH"},{"data":"Zap","floor":10.0,"key":"SMITH"},{"data":"Hologram","floor":15.0,"key":"SMITH"},{"data":"Streamline","floor":23.0,"key":"SMITH"},{"data":"Gash","floor":25.0,"key":"SMITH"},{"floor":29.0,"key":"REST"},{"data":"Sunder","floor":32.0,"key":"SMITH"},{"floor":44.0,"key":"REST"},{"floor":46.0,"key":"REST"},{"data":"Go for the Eyes","floor":49.0,"key":"SMITH"}],"neow_cost":"NONE","seed_source_timestamp":876649684039291,"circlet_count":0,"master_deck":["AscendersBane","Strike_B","Defend_B","Defend_B","Defend_B","Defend_B","Zap+1","Dualcast","Fission+1","Conserve Battery","Cold Snap","Gash+1","Hologram+1","Streamline+1","Conserve Battery","White Noise","Hologram+1","Go for the Eyes+1","Rebound","All For One+1","Stack+1","Coolheaded","Stack","Doom and Gloom","White Noise","Aggregate","Rebound+1","Sunder+1","Electrodynamics","Blizzard","Dark Shackles","White Noise+1","Gash","Self Repair+1"],"special_seed":0,"relics":["Cracked Core","Regal Pillow","Strawberry","Sundial","Cursed Key","ClockworkSouvenir","Tiny House","Anchor","Oddly Smooth Stone","Red Mask"],"potions_floor_usage":[50],"damage_taken":[{"damage":9.0,"enemies":"Jaw Worm","floor":1.0,"turns":4.0},{"damage":0.0,"enemies":"Cultist","floor":3.0,"turns":3.0},{"damage":0.0,"enemies":"Small Slimes","floor":7.0,"turns":2.0},{"damage":4.0,"enemies":"Red Slaver","floor":11.0,"turns":2.0},{"damage":7.0,"enemies":"Lots of Slimes","floor":12.0,"turns":4.0},{"damage":0.0,"enemies":"Large Slime","floor":13.0,"turns":4.0},{"damage":13.0,"enemies":"3 Sentries","floor":14.0,"turns":9.0},{"damage":4.0,"enemies":"The Guardian","floor":16.0,"turns":10.0},{"damage":0.0,"enemies":"Spheric Guardian","floor":18.0,"turns":3.0},{"damage":10.0,"enemies":"Shell Parasite","floor":19.0,"turns":5.0},{"damage":21.0,"enemies":"Shelled Parasite and Fungi","floor":21.0,"turns":10.0},{"damage":7.0,"enemies":"Cultist and Chosen","floor":24.0,"turns":5.0},{"damage":4.0,"enemies":"Sentry and Sphere","floor":27.0,"turns":4.0},{"damage":11.0,"enemies":"Snecko","floor":30.0,"turns":5.0},{"damage":45.0,"enemies":"Collector","floor":33.0,"turns":10.0},{"damage":0.0,"enemies":"Orb Walker","floor":35.0,"turns":4.0},{"damage":4.0,"enemies":"3 Shapes","floor":36.0,"turns":6.0},{"damage":0.0,"enemies":"Spire Growth","floor":38.0,"turns":6.0},{"damage":40.0,"enemies":"Maw","floor":39.0,"turns":9.0},{"damage":25.0,"enemies":"Nemesis","floor":40.0,"turns":7.0},{"damage":130,"enemies":"Donu and Deca","floor":50,"turns":8}],"seed_played":"-2144130274493001695","potions_obtained":[{"floor":1.0,"key":"LiquidBronze"},{"floor":3.0,"key":"SkillPotion"},{"floor":14.0,"key":"FocusPotion"},{"floor":19.0,"key":"Energy Potion"},{"floor":20.0,"key":"Fruit Juice"},{"floor":20.0,"key":"SkillPotion"},{"floor":34.0,"key":"PowerPotion"},{"floor":38.0,"key":"FairyPotion"},{"floor":40.0,"key":"Strength Potion"}],"is_trial":false,"path_per_floor":["M","?","M","?","$","R","M","R","T","R","M","M","M","E","R","B",null,"M","M","?","M","$","R","M","R","T","M","?","R","M","?","R","B",null,"M","M","$","M","M","E","?","T","T","R","$","R","$","?","R","B"],"character_chosen":"DEFECT","items_purchased":["Gash","Regal Pillow","Hologram","Streamline","ClockworkSouvenir","Anchor","Dark Shackles"],"campfire_rested":3,"item_purchase_floors":[5,5,5,5,22,37,37],"current_hp_per_floor":[55,48,48,48,48,48,48,48,55,55,51,44,44,31,31,27,65,65,55,60,39,39,39,32,32,32,28,28,67,56,56,56,11,70,70,66,66,66,26,1,1,1,1,42,42,83,83,83,83,0],"gold":0,"neow_bonus":"ONE_RANDOM_RARE_CARD","is_prod":false,"is_daily":false,"chose_seed":false,"campfire_upgraded":8,"win_rate":0,"timestamp":1552525411,"path_taken":["M","?","?","?","$","R","M","R","T","R","M","M","M","E","R","BOSS","M","M","?","M","$","R","?","R","T","M","?","R","M","?","R","BOSS","M","M","$","?","M","E","?","?","T","R","$","R","?","?","R","BOSS"],"build_version":"2019-01-23","purchased_purges":1,"victory":false,"max_hp_per_floor":[71,71,71,71,71,71,71,71,78,78,78,78,78,78,78,78,78,78,78,83,83,83,83,83,83,83,83,83,83,83,83,83,83,88,88,88,88,88,88,88,88,88,88,88,88,88,88,88,88,88],"card_choices":[{"not_picked":["Chill","Steam"],"picked":"Conserve Battery","floor":1.0},{"not_picked":["Heatsinks","Double Energy"],"picked":"Cold Snap","floor":3.0},{"not_picked":["Skim","Turbo"],"picked":"Conserve Battery","floor":7.0},{"not_picked":["Hello World","Darkness"],"picked":"White Noise","floor":11.0},{"not_picked":["Streamline","Redo"],"picked":"Hologram","floor":12.0},{"not_picked":["White Noise","Doom and Gloom"],"picked":"Go for the Eyes","floor":13.0},{"not_picked":["Beam Cell","Hologram"],"picked":"Rebound","floor":14.0},{"not_picked":["Multi-Cast","Hyperbeam"],"picked":"All For One","floor":16.0},{"not_picked":["Genetic Algorithm","Rebound"],"picked":"Stack","floor":18.0},{"not_picked":["Undo","Redo"],"picked":"Coolheaded","floor":19.0},{"not_picked":["Static Discharge","Turbo","Coolheaded"],"picked":"SKIP","floor":21.0},{"not_picked":["Static Discharge","Aggregate"],"picked":"Stack","floor":24.0},{"not_picked":["Self Repair","Melter"],"picked":"Doom and Gloom","floor":27.0},{"not_picked":["Doom and Gloom","Blizzard"],"picked":"Rebound+1","floor":30.0},{"not_picked":["Echo Form","Hyperbeam"],"picked":"Electrodynamics","floor":33.0},{"not_picked":["Tempest","Conserve Battery","Turbo"],"picked":"SKIP","floor":35.0},{"not_picked":["Beam Cell","Leap"],"picked":"Blizzard","floor":36.0},{"not_picked":["Beam Cell","Rebound"],"picked":"White Noise+1","floor":38.0},{"not_picked":["Cold Snap","Steam"],"picked":"Gash","floor":39.0},{"not_picked":["Compile Driver","White Noise"],"picked":"Self Repair+1","floor":40.0}],"player_experience":613313,"relics_obtained":[{"floor":9.0,"key":"Strawberry"},{"floor":14.0,"key":"Sundial"},{"floor":40.0,"key":"Oddly Smooth Stone"}],"event_choices":[{"damage_healed":0.0,"max_hp_gain":0.0,"max_hp_loss":0.0,"gold_gain":50.0,"event_name":"FaceTrader","player_choice":"Touch","floor":2.0,"gold_loss":0.0,"damage_taken":7.0},{"damage_healed":0.0,"max_hp_gain":0.0,"max_hp_loss":0.0,"gold_gain":275.0,"event_name":"Golden Shrine","player_choice":"Desecrate","floor":4.0,"gold_loss":0.0,"damage_taken":0.0,"cards_obtained":["Regret"]},{"damage_healed":0.0,"max_hp_gain":0.0,"max_hp_loss":0.0,"gold_gain":0.0,"event_name":"Lab","player_choice":"Got Potions","floor":20.0,"gold_loss":0.0,"damage_taken":0.0},{"damage_healed":0.0,"max_hp_gain":0.0,"max_hp_loss":0.0,"gold_gain":0.0,"cards_transformed":["Strike_B","Strike_B"],"event_name":"Drug Dealer","player_choice":"Became Test Subject","floor":28.0,"gold_loss":0.0,"damage_taken":0.0,"cards_obtained":["White Noise","Aggregate"]},{"damage_healed":0.0,"max_hp_gain":0.0,"max_hp_loss":0.0,"gold_gain":0.0,"cards_transformed":["Strike_B"],"event_name":"Transmorgrifier","player_choice":"Transformed","floor":31.0,"gold_loss":0.0,"damage_taken":0.0,"cards_obtained":["Sunder"]},{"damage_healed":0.0,"max_hp_gain":0.0,"max_hp_loss":0.0,"gold_gain":0.0,"event_name":"Tomb of Lord Red Mask","player_choice":"Paid","floor":41.0,"gold_loss":83.0,"damage_taken":0.0,"relics_obtained":["Red Mask"]},{"damage_healed":0.0,"max_hp_gain":0.0,"max_hp_loss":0.0,"gold_gain":0.0,"event_name":"Accursed Blacksmith","player_choice":"Forge","floor":48.0,"gold_loss":0.0,"damage_taken":0.0,"cards_upgraded":["Stack"]}],"is_beta":false,"boss_relics":[{"not_picked":["Coffee Dripper","Nuclear Battery"],"picked":"Cursed Key"},{"not_picked":["Philosopher\u0027s Stone","Calling Bell"],"picked":"Tiny House"}],"items_purged_floors":[5],"is_endless":false,"potions_floor_spawned":[1,3,13,14,19,21,30,38,39,40],"killed_by":"Donu and Deca","ascension_level":18}