{"gold_per_floor":[111,61,71,87,87,112,92,92,116,37,56,90,90,90,90,191,191,207,29,0,0,10,10,40,40,87,115,130,90,107,22,22,22],"floor_reached":33,"playtime":3067,"items_purged":["Strike_B"],"score":352,"play_id":"865ae272-74a6-4d8f-a61f-2f6ed4392562","local_time":"20190124193814","is_ascension_mode":true,"campfire_choices":[{"floor":8,"key":"REST"},{"floor":15,"key":"REST"},{"data":"Zap","floor":23,"key":"SMITH"},{"data":"Redo","floor":25,"key":"SMITH"},{"floor":32,"key":"REST"}],"neow_cost":"NONE","seed_source_timestamp":3106747182012314,"circlet_count":0,"master_deck":["Strike_B","Strike_B+1","Strike_B","Defend_B","Defend_B","Defend_B+1","Zap+1","Dualcast","Auto Shields","FTL","Capacitor","Sweeping Beam","Ball Lightning","All For One","Conserve Battery","Beam Cell","Core Surge","Barrage","Redo+1","Steam","Beam Cell+1","Hologram+1","Swift Strike"],"relics":["Cracked Core","Regal Pillow","Blood Vial","Anchor","Busted Crown","Art of War","PreservedInsect","Potion Belt"],"potions_floor_usage":[6,6,11,16,16,24,24,24,30,30,30],"damage_taken":[{"damage":2,"enemies":"Small Slimes","floor":1,"turns":3},{"damage":2,"enemies":"Jaw Worm","floor":3,"turns":2},{"damage":0,"enemies":"Cultist","floor":4,"turns":4},{"damage":21,"enemies":"Lagavulin","floor":6,"turns":4},{"damage":13,"enemies":"Exordium Thugs","floor":7,"turns":4},{"damage":10,"enemies":"Red Slaver","floor":11,"turns":2},{"damage":20,"enemies":"3 Sentries","floor":12,"turns":5},{"damage":5,"enemies":"Slime Boss","floor":16,"turns":8},{"damage":0,"enemies":"Spheric Guardian","floor":18,"turns":3},{"damage":2,"enemies":"Chosen","floor":22,"turns":3},{"damage":38,"enemies":"Gremlin Leader","floor":24,"turns":5},{"damage":27,"enemies":"Slavers","floor":27,"turns":4},{"damage":17,"enemies":"Snake Plant","floor":28,"turns":4},{"damage":6,"enemies":"Sentry and Sphere","floor":30,"turns":4},{"damage":59,"enemies":"Champ","floor":33,"turns":8}],"seed_played":"-888968634858946777","potions_obtained":[{"floor":3,"key":"PowerPotion"},{"floor":4,"key":"Poison Potion"},{"floor":7,"key":"Weak Potion"},{"floor":14,"key":"Fire Potion"},{"floor":14,"key":"Dexterity Potion"},{"floor":14,"key":"Regen Potion"},{"floor":16,"key":"Explosive Potion"},{"floor":18,"key":"LiquidBronze"},{"floor":28,"key":"Fire Potion"},{"floor":29,"key":"Dexterity Potion"},{"floor":29,"key":"Weak Potion"},{"floor":29,"key":"GamblersBrew"}],"is_trial":false,"path_per_floor":["M","?","M","M","?","E","M","R","T","$","M","E","$","?","R","B",null,"M","$","?","$","M","R","E","R","T","E","M","?","M","$","R","B"],"character_chosen":"DEFECT","items_purchased":["All For One","Barrage","Redo","Swift Strike"],"campfire_rested":3,"item_purchase_floors":[10,19,19,31],"current_hp_per_floor":[73,73,71,71,56,35,22,59,59,59,51,33,33,33,70,67,75,75,75,75,75,73,73,49,49,49,24,9,9,5,5,42,0],"gold":22,"neow_bonus":"THREE_CARDS","is_prod":false,"is_daily":false,"chose_seed":false,"campfire_upgraded":2,"win_rate":0,"timestamp":1548376694,"path_taken":["M","?","M","M","?","E","M","R","T","$","M","E","?","?","R","BOSS","M","$","?","?","?","R","E","R","T","E","M","?","?","$","R","BOSS"],"build_version":"2018-12-20","purchased_purges":1,"victory":false,"max_hp_per_floor":[75,75,75,75,75,75,75,75,75,75,75,75,75,75,75,75,75,75,75,75,75,75,75,75,75,75,75,75,75,75,75,75,75],"card_choices":[{"not_picked":["Steam Power","Streamline"],"picked":"Auto Shields","floor":0},{"not_picked":["Redo","Hologram"],"picked":"FTL","floor":1},{"not_picked":["Steam Power","Force Field","Stack"],"picked":"SKIP","floor":3},{"not_picked":["Scrape","Conserve Battery"],"picked":"Capacitor","floor":4},{"not_picked":["Redo","Leap"],"picked":"Sweeping Beam","floor":6},{"not_picked":["Stack","Turbo"],"picked":"Ball Lightning","floor":7},{"not_picked":["Chaos","Heatsinks"],"picked":"Conserve Battery","floor":11},{"not_picked":["Doom and Gloom","Compile Driver"],"picked":"Beam Cell","floor":12},{"not_picked":["Seek","Machine Learning"],"picked":"Core Surge","floor":16},{"not_picked":["Stack"],"picked":"SKIP","floor":18},{"not_picked":["Turbo"],"picked":"SKIP","floor":22},{"not_picked":[],"picked":"Steam","floor":24},{"not_picked":["Heatsinks"],"picked":"SKIP","floor":27},{"not_picked":[],"picked":"Beam Cell+1","floor":28},{"not_picked":[],"picked":"Hologram+1","floor":30}],"player_experience":203012,"relics_obtained":[{"floor":6,"key":"Regal Pillow"},{"floor":9,"key":"Blood Vial"},{"floor":12,"key":"Anchor"},{"floor":24,"key":"Art of War"},{"floor":26,"key":"PreservedInsect"},{"floor":27,"key":"Potion Belt"}],"event_choices":[{"cards_removed":["Defend_B"],"damage_healed":0,"gold_gain":0,"player_choice":"Card Removal","damage_taken":0,"max_hp_gain":0,"max_hp_loss":0,"event_name":"The Cleric","floor":2,"gold_loss":50},{"damage_healed":0,"gold_gain":0,"player_choice":"Entered Light","damage_taken":15,"max_hp_gain":0,"max_hp_loss":0,"event_name":"Shining Light","floor":5,"gold_loss":0,"cards_upgraded":["Strike_B","Defend_B"]},{"damage_healed":0,"gold_gain":0,"player_choice":"Got Potions","damage_taken":0,"max_hp_gain":0,"max_hp_loss":0,"event_name":"Lab","floor":14,"gold_loss":0},{"damage_healed":0,"gold_gain":0,"player_choice":"Paid Fearfully","damage_taken":0,"max_hp_gain":0,"max_hp_loss":0,"event_name":"Masked Bandits","floor":20,"gold_loss":29},{"damage_healed":0,"gold_gain":0,"player_choice":"Bought 3 Potions","damage_taken":0,"max_hp_gain":0,"max_hp_loss":0,"event_name":"The Woman in Blue","floor":29,"gold_loss":0}],"is_beta":false,"boss_relics":[{"not_picked":["Orrery","Snecko Eye"],"picked":"Busted Crown"}],"items_purged_floors":[19],"is_endless":false,"potions_floor_spawned":[3,4,7,16,18,28],"killed_by":"Champ","ascension_level":4}