{"gold_per_floor":[116,3,3,15,15,15,47,67,92,123,26,26,61,80,80,157,157,171,145,5,5,21,21,46,57,81,108,120,132,144,169,181,268,280,310,337,349,461,488,29,29,39,39,39,73,121,139,171,171,171],"floor_reached":51,"playtime":2668,"items_purged":["Shame","Strike_R","Strike_R"],"score":1454,"play_id":"929dec8c-d7d3-49d7-b86b-02e00d70b9f3","local_time":"20181104210441","is_ascension_mode":true,"campfire_choices":[{"data":"Clothesline","floor":6,"key":"SMITH"},{"floor":12,"key":"REST"},{"floor":15,"key":"REST"},{"floor":23,"key":"REST"},{"data":"Disarm","floor":30,"key":"SMITH"},{"data":"Feel No Pain","floor":32,"key":"SMITH"},{"data":"Spot Weakness","floor":41,"key":"SMITH"},{"data":"Heavy Blade","floor":49,"key":"SMITH"}],"neow_cost":"CURSE","seed_source_timestamp":96779861243725,"circlet_count":0,"master_deck":["AscendersBane","Defend_R+1","Defend_R","Defend_R","Defend_R","Bash","Iron Wave","Feel No Pain+1","Clothesline+1","Reckless Charge","Headbutt","Limit Break","Shrug It Off","Shockwave+1","Dark Embrace","Clothesline","Heavy Blade+1","Corruption","Shrug It Off","Burning Pact","Power Through","Spot Weakness+1","Disarm+1","Impervious","Shrug It Off","Ghostly Armor","Shrug It Off+1","Corruption","Apotheosis","Shockwave","Shockwave+1","Armaments","Reaper"],"relics":["Burning Blood","WingedGreaves","Smiling Mask","Bag of Preparation","Charon\u0027s Ashes","Ancient Tea Set","Snecko Eye","War Paint","Strawberry","MawBank","Mummified Hand","Sozu","Ginger","Kunai","Pen Nib","Dodecahedron","Nunchaku","Ornamental Fan"],"potions_floor_usage":[7,13,16],"damage_taken":[{"damage":13,"enemies":"2 Louse","floor":1,"turns":4},{"damage":15,"enemies":"Jaw Worm","floor":4,"turns":4},{"damage":38,"enemies":"Lagavulin","floor":7,"turns":11},{"damage":0,"enemies":"Cultist","floor":8,"turns":4},{"damage":22,"enemies":"3 Sentries","floor":10,"turns":10},{"damage":17,"enemies":"Lagavulin","floor":13,"turns":7},{"damage":10,"enemies":"Gremlin Gang","floor":14,"turns":5},{"damage":29,"enemies":"The Guardian","floor":16,"turns":14},{"damage":14,"enemies":"Shell Parasite","floor":18,"turns":7},{"damage":19,"enemies":"2 Thieves","floor":19,"turns":5},{"damage":18,"enemies":"Snake Plant","floor":22,"turns":5},{"damage":10,"enemies":"Slavers","floor":24,"turns":4},{"damage":1,"enemies":"Cultist and Chosen","floor":25,"turns":5},{"damage":7,"enemies":"Book of Stabbing","floor":27,"turns":4},{"damage":0,"enemies":"Centurion and Healer","floor":31,"turns":5},{"damage":8,"enemies":"Automaton","floor":33,"turns":7},{"damage":0,"enemies":"3 Shapes","floor":35,"turns":4},{"damage":0,"enemies":"3 Darklings","floor":36,"turns":3},{"damage":0,"enemies":"Mind Bloom Boss Battle","floor":38,"turns":5},{"damage":0,"enemies":"Sphere and 2 Shapes","floor":39,"turns":3},{"damage":0,"enemies":"Maw","floor":42,"turns":4},{"damage":2,"enemies":"Giant Head","floor":45,"turns":5},{"damage":0,"enemies":"2 Orb Walkers","floor":46,"turns":3},{"damage":0,"enemies":"4 Shapes","floor":47,"turns":2},{"damage":4,"enemies":"Nemesis","floor":48,"turns":5},{"damage":0,"enemies":"Awakened One","floor":50,"turns":9}],"seed_played":"579637705187088160","potions_obtained":[{"floor":4,"key":"Block Potion"},{"floor":10,"key":"Strength Potion"},{"floor":14,"key":"Fire Potion"},{"floor":18,"key":"Weak Potion"},{"floor":24,"key":"SteroidPotion"},{"floor":25,"key":"AttackPotion"}],"is_trial":false,"path_per_floor":["M","$","?","M","$","R","E","M","T","E","$","R","E","M","R","B",null,"M","M","$","?","M","R","E","M","T","E","T","$","R","M","R","B",null,"M","M","$","?","M","$","R","M","T","?","E","?","M","E","R","B",null],"character_chosen":"IRONCLAD","items_purchased":["Feel No Pain","Shrug It Off","Corruption","Shrug It Off","Corruption","Apotheosis","Kunai"],"campfire_rested":3,"item_purchase_floors":[2,11,20,20,40,40,40],"current_hp_per_floor":[61,61,66,57,57,57,25,31,31,15,15,39,28,24,48,25,66,58,45,45,45,33,57,53,58,65,64,64,64,64,70,70,68,82,87,87,87,87,87,87,87,87,87,87,87,87,87,87,87,87],"gold":171,"neow_bonus":"ONE_RARE_RELIC","is_prod":false,"is_daily":false,"chose_seed":false,"campfire_upgraded":5,"win_rate":0,"timestamp":1541394281,"path_taken":["M","$","?","M","?","R","E","M","T","E","$","R","E","?","R","BOSS","M","?","$","?","M","R","E","M","T","E","?","$","R","M","R","BOSS","M","M","$","?","M","$","R","M","T","?","E","?","M","E","R","BOSS"],"build_version":"2018-11-01","purchased_purges":3,"victory":true,"max_hp_per_floor":[75,75,80,80,80,80,80,80,80,80,80,80,80,80,80,80,80,80,80,80,80,80,80,80,80,87,87,87,87,87,87,87,87,87,87,87,87,87,87,87,87,87,87,87,87,87,87,87,87,87],"card_choices":[{"not_picked":["Havoc","Flex"],"picked":"Iron Wave","floor":1},{"not_picked":["Reckless Charge","Flex"],"picked":"Clothesline","floor":4},{"not_picked":["Sentinel","Warcry"],"picked":"Reckless Charge","floor":7},{"not_picked":["Heavy Blade","Clash"],"picked":"Headbutt","floor":8},{"not_picked":["Clash","Brutality"],"picked":"Limit Break","floor":10},{"not_picked":["Clash","Pommel Strike"],"picked":"Shockwave","floor":13},{"not_picked":["Combust","Iron Wave","Headbutt"],"picked":"SKIP","floor":14},{"not_picked":["Reaper","Barricade"],"picked":"Dark Embrace","floor":16},{"not_picked":["Wild Strike","Perfected Strike"],"picked":"Clothesline","floor":18},{"not_picked":["Pummel","Clothesline"],"picked":"Heavy Blade","floor":19},{"not_picked":["Shockwave","Warcry+1"],"picked":"Spot Weakness","floor":22},{"not_picked":["Whirlwind","Hemokinesis","Perfected Strike"],"picked":"SKIP","floor":24},{"not_picked":["Infernal Blade","Pommel Strike","Sword Boomerang"],"picked":"SKIP","floor":25},{"not_picked":["Battle Trance","Carnage+1"],"picked":"Disarm","floor":27},{"not_picked":["Havoc","Reckless Charge","True Grit"],"picked":"SKIP","floor":31},{"not_picked":["Feed","Limit Break"],"picked":"Impervious","floor":33},{"not_picked":["Twin Strike+1","Sword Boomerang"],"picked":"Shrug It Off","floor":35},{"not_picked":["Heavy Blade","Carnage"],"picked":"Ghostly Armor","floor":36},{"not_picked":["Sever Soul+1","Thunderclap+1"],"picked":"Shrug It Off+1","floor":38},{"not_picked":["Wild Strike","Double Tap","Metallicize"],"picked":"SKIP","floor":39},{"not_picked":["Thunderclap","Cleave+1"],"picked":"Shockwave","floor":42},{"not_picked":["Warcry","Fire Breathing+1","Clothesline+1"],"picked":"SKIP","floor":45},{"not_picked":["Perfected Strike","Searing Blow+1"],"picked":"Shockwave+1","floor":46},{"not_picked":["Iron Wave","Whirlwind"],"picked":"Armaments","floor":47},{"not_picked":["Headbutt+1","Warcry"],"picked":"Reaper","floor":48}],"player_experience":1583520,"relics_obtained":[{"floor":7,"key":"Smiling Mask"},{"floor":9,"key":"Bag of Preparation"},{"floor":10,"key":"Charon\u0027s Ashes"},{"floor":13,"key":"Ancient Tea Set"},{"floor":24,"key":"War Paint"},{"floor":26,"key":"Strawberry"},{"floor":27,"key":"MawBank"},{"floor":28,"key":"Mummified Hand"},{"floor":38,"key":"Ginger"},{"floor":43,"key":"Pen Nib"},{"floor":45,"key":"Dodecahedron"},{"floor":46,"key":"Nunchaku"},{"floor":48,"key":"Ornamental Fan"}],"event_choices":[{"damage_healed":0,"gold_gain":0,"player_choice":"Donut","damage_taken":0,"max_hp_gain":5,"max_hp_loss":0,"event_name":"Big Fish","floor":3,"gold_loss":0},{"damage_healed":0,"gold_gain":0,"cards_transformed":["Strike_R","Strike_R"],"player_choice":"Became Test Subject","damage_taken":0,"max_hp_gain":0,"max_hp_loss":0,"event_name":"Drug Dealer","floor":21,"gold_loss":0,"cards_obtained":["Burning Pact","Power Through"]},{"damage_healed":0,"gold_gain":0,"player_choice":"Fight","damage_taken":0,"max_hp_gain":0,"max_hp_loss":0,"event_name":"MindBloom","floor":38,"gold_loss":0},{"cards_removed":["Strike_R"],"damage_healed":0,"gold_gain":0,"player_choice":"Removed Attack","damage_taken":0,"max_hp_gain":0,"max_hp_loss":0,"event_name":"Falling","floor":44,"gold_loss":0},{"damage_healed":0,"gold_gain":0,"player_choice":"Fight","damage_taken":0,"max_hp_gain":0,"max_hp_loss":0,"event_name":"Mysterious Sphere","floor":46,"gold_loss":0}],"is_beta":false,"boss_relics":[{"not_picked":["White Beast Statue","Eternal Feather"],"picked":"Snecko Eye"},{"not_picked":["Astrolabe","Busted Crown"],"picked":"Sozu"}],"items_purged_floors":[2,11,20],"is_endless":false,"potions_floor_spawned":[4,10,14,18,24,25,31,36,38,45],"ascension_level":15}