{"gold_per_floor":[360,285,185,199,217,217,245,245,292,303,320,333,362,376,376,450,450,450,450,450,450,136,136,136,136,136,136,136,136,136,136,136,136,136,136,136,86,86,36,36,36,36,36,36,36,36,36,36,36,36],"floor_reached":51,"playtime":2466,"items_purged":["Cleave","Bite"],"score":1356,"play_id":"9d77126a-8b01-4673-ac18-b914497d4248","local_time":"20181010165139","is_ascension_mode":true,"campfire_choices":[{"data":"Uppercut","floor":6.0,"key":"SMITH"},{"data":"Armaments","floor":15.0,"key":"SMITH"},{"data":"Spot Weakness","floor":23.0,"key":"SMITH"},{"floor":28.0,"key":"REST"},{"data":"Inflame","floor":30.0,"key":"SMITH"},{"data":"Shrug It Off","floor":32.0,"key":"SMITH"},{"data":"Shockwave","floor":40.0,"key":"SMITH"},{"data":"Whirlwind","floor":42.0,"key":"SMITH"},{"data":"Disarm","floor":45.0,"key":"SMITH"},{"data":"Disarm","floor":49,"key":"SMITH"}],"neow_cost":"CURSE","seed_source_timestamp":30113286823348,"circlet_count":0,"master_deck":["Defend_R","Defend_R","Defend_R","Defend_R","Bash","AscendersBane","Pummel","Metallicize","Whirlwind+1","Uppercut+1","Impervious","Pommel Strike","Spot Weakness+1","Armaments+1","Reaper","Pommel Strike","Bite","Bite","Bite","Bite","RitualDagger","Inflame+1","Shrug It Off+1","True Grit+1","Feed","Shockwave+1","Shrug It Off","Shrug It Off","Disarm+1","Disarm+1","Warcry+1","Heavy Blade+1","Pummel+1"],"special_seed":0,"relics":["Burning Blood","Oddly Smooth Stone","Smiling Mask","Pen Nib","Pantograph","Ectoplasm","Incense Burner","Lantern","Self Forming Clay","Prayer Wheel","Lizard Tail","Magic Flower","Molten Egg 2","Centennial Puzzle","Turnip"],"potions_floor_usage":[50],"damage_taken":[{"damage":9.0,"enemies":"2 Louse","floor":1.0,"turns":4.0},{"damage":8.0,"enemies":"Jaw Worm","floor":4.0,"turns":4.0},{"damage":8.0,"enemies":"Cultist","floor":5.0,"turns":4.0},{"damage":33.0,"enemies":"Lagavulin","floor":7.0,"turns":9.0},{"damage":4.0,"enemies":"Exordium Thugs","floor":10.0,"turns":5.0},{"damage":9.0,"enemies":"Blue Slaver","floor":11.0,"turns":3.0},{"damage":0.0,"enemies":"Exordium Wildlife","floor":12.0,"turns":3.0},{"damage":4.0,"enemies":"3 Sentries","floor":13.0,"turns":7.0},{"damage":4.0,"enemies":"Looter","floor":14.0,"turns":3.0},{"damage":28.0,"enemies":"Hexaghost","floor":16.0,"turns":9.0},{"damage":15.0,"enemies":"Shell Parasite","floor":18.0,"turns":5.0},{"damage":3.0,"enemies":"3 Byrds","floor":20.0,"turns":4.0},{"damage":29.0,"enemies":"Snake Plant","floor":24.0,"turns":7.0},{"damage":31.0,"enemies":"Slavers","floor":25.0,"turns":2.0},{"damage":9.0,"enemies":"Book of Stabbing","floor":27.0,"turns":4.0},{"damage":9.0,"enemies":"Centurion and Healer","floor":29.0,"turns":6.0},{"damage":63.0,"enemies":"Automaton","floor":33.0,"turns":11.0},{"damage":8.0,"enemies":"Orb Walker","floor":35.0,"turns":3.0},{"damage":12.0,"enemies":"Mind Bloom Boss Battle","floor":36.0,"turns":5.0},{"damage":8.0,"enemies":"3 Darklings","floor":38.0,"turns":8.0},{"damage":54.0,"enemies":"Giant Head","floor":41.0,"turns":10.0},{"damage":17.0,"enemies":"Nemesis","floor":44.0,"turns":7.0},{"damage":19.0,"enemies":"Spire Growth","floor":46.0,"turns":7.0},{"damage":18,"enemies":"Sphere and 2 Shapes","floor":47,"turns":8},{"damage":11,"enemies":"Maw","floor":48,"turns":8},{"damage":65,"enemies":"Awakened One","floor":50,"turns":15}],"seed_played":"4057925833224028298","potions_obtained":[{"floor":5.0,"key":"Dexterity Potion"},{"floor":10.0,"key":"Block Potion"},{"floor":13.0,"key":"Explosive Potion"},{"floor":14.0,"key":"SpeedPotion"},{"floor":25.0,"key":"Fire Potion"},{"floor":27.0,"key":"Strength Potion"},{"floor":38.0,"key":"SkillPotion"},{"floor":44.0,"key":"Swift Potion"},{"floor":47,"key":"Regen Potion"}],"is_trial":false,"path_per_floor":["M","?","$","M","M","R","E","?","T","M","M","M","E","M","R","B",null,"M","?","M","?","$","R","M","E","T","E","R","M","R","?","R","B",null,"M","?","$","M","$","R","E","R","T","E","R","M","M","M","R","B"],"character_chosen":"IRONCLAD","items_purchased":["Cleave","Metallicize","Incense Burner"],"campfire_rested":1,"item_purchase_floors":[3,3,22],"current_hp_per_floor":[65,65,65,63,61,61,34,23,23,25,22,28,30,32,32,35,65,62,52,52,46,46,46,33,10,10,14,29,48,48,48,48,7,41,44,52,52,55,55,55,41,41,41,49,49,55,58,58,58,61],"gold":36,"neow_bonus":"TWO_FIFTY_GOLD","is_prod":false,"is_daily":false,"chose_seed":false,"campfire_upgraded":9,"win_rate":0,"timestamp":1539215499,"path_taken":["M","?","$","M","M","R","E","?","T","M","M","?","E","M","R","BOSS","M","?","M","?","$","R","M","E","T","E","R","?","R","?","R","BOSS","M","?","$","M","$","R","E","R","T","E","R","M","M","M","R","BOSS"],"build_version":"2018-10-04v2","purchased_purges":2,"victory":true,"max_hp_per_floor":[75,75,75,75,75,75,75,75,75,75,75,75,75,75,75,75,75,75,52,52,52,52,52,52,52,52,52,52,52,52,52,52,52,52,52,52,52,55,55,55,55,55,55,55,55,55,58,58,58,61],"card_choices":[{"not_picked":["Fire Breathing","Perfected Strike"],"picked":"Pummel","floor":1.0},{"not_picked":["Metallicize","Intimidate"],"picked":"Whirlwind","floor":4.0},{"not_picked":["Battle Trance","Power Through"],"picked":"Uppercut","floor":5.0},{"not_picked":["Iron Wave","Flex"],"picked":"Impervious","floor":7.0},{"not_picked":["Flex","Thunderclap"],"picked":"Pommel Strike","floor":10.0},{"not_picked":["Ghostly Armor","True Grit"],"picked":"Spot Weakness","floor":11.0},{"not_picked":["Bloodletting","Sword Boomerang","Headbutt"],"picked":"SKIP","floor":12.0},{"not_picked":["Rupture","Body Slam","Entrench"],"picked":"SKIP","floor":13.0},{"not_picked":["Headbutt","Wild Strike"],"picked":"Armaments","floor":14.0},{"not_picked":["Dark Embrace","Barricade"],"picked":"Reaper","floor":16.0},{"not_picked":["Clothesline","Headbutt"],"picked":"Pommel Strike","floor":18.0},{"not_picked":["Sword Boomerang","Searing Blow","Rupture+1"],"picked":"SKIP","floor":20.0},{"not_picked":["Whirlwind","Infernal Blade"],"picked":"Inflame","floor":24.0},{"not_picked":["Rage","Flex+1"],"picked":"Shrug It Off","floor":25.0},{"not_picked":["Demon Form","Sword Boomerang","Iron Wave"],"picked":"SKIP","floor":27.0},{"not_picked":["Sword Boomerang","Heavy Blade"],"picked":"True Grit+1","floor":29.0},{"not_picked":["Heavy Blade","Thunderclap","Iron Wave+1"],"picked":"SKIP","floor":29.0},{"not_picked":["Barricade","Dark Embrace"],"picked":"Feed","floor":33.0},{"not_picked":["Bloodletting","Perfected Strike"],"picked":"Shockwave","floor":35.0},{"not_picked":["Clash","True Grit"],"picked":"Shrug It Off","floor":35.0},{"not_picked":["Body Slam","Uppercut"],"picked":"Shrug It Off","floor":36.0},{"not_picked":["Ghostly Armor","Evolve","Shockwave"],"picked":"SKIP","floor":38.0},{"not_picked":["Thunderclap","Cleave+1","Headbutt+1"],"picked":"SKIP","floor":38.0},{"not_picked":["Perfected Strike","Ghostly Armor","Flex"],"picked":"SKIP","floor":41.0},{"not_picked":["Sword Boomerang+1","Dropkick+1"],"picked":"Disarm","floor":44.0},{"not_picked":["Clash+1","Wild Strike+1"],"picked":"Disarm","floor":46.0},{"not_picked":["Rage","Hemokinesis+1"],"picked":"Warcry+1","floor":46.0},{"not_picked":["Power Through","Inflame"],"picked":"Heavy Blade+1","floor":47},{"not_picked":["Infernal Blade","Demon Form","Shrug It Off"],"picked":"SKIP","floor":47},{"not_picked":["Feel No Pain","Clash+1"],"picked":"Pummel+1","floor":48},{"not_picked":["Blood for Blood+1","Clothesline+1","Bloodletting"],"picked":"SKIP","floor":48}],"player_experience":1318110,"relics_obtained":[{"floor":7.0,"key":"Oddly Smooth Stone"},{"floor":9.0,"key":"Pen Nib"},{"floor":13.0,"key":"Pantograph"},{"floor":25.0,"key":"Lantern"},{"floor":26.0,"key":"Self Forming Clay"},{"floor":27.0,"key":"Prayer Wheel"},{"floor":36.0,"key":"Magic Flower"},{"floor":41.0,"key":"Molten Egg 2"},{"floor":43.0,"key":"Centennial Puzzle"},{"floor":44.0,"key":"Turnip"}],"event_choices":[{"event_name":"The Cleric","player_choice":"Card Removal","floor":2.0,"damage_taken":0.0},{"event_name":"Scrap Ooze","player_choice":"success","floor":8.0,"damage_taken":11.0},{"event_name":"Vampires","player_choice":"Became a vampire","floor":19.0,"damage_taken":0.0},{"event_name":"Nest","player_choice":"Joined the Cult","floor":21.0,"damage_taken":0.0},{"event_name":"The Mausoleum","player_choice":"No","floor":31.0,"damage_taken":0.0},{"event_name":"MindBloom","player_choice":"Fight","floor":36.0,"damage_taken":0.0}],"is_beta":false,"boss_relics":[{"not_picked":["Eternal Feather","Busted Crown"],"picked":"Ectoplasm"},{"not_picked":["Velvet Choker","Empty Cage"],"picked":"Lizard Tail"}],"items_purged_floors":[37,39],"is_endless":false,"potions_floor_spawned":[5,10,13,14,25,27,29,38,44,47],"ascension_level":15}