{"gold_per_floor":[119,119,119,134,134,161,161,189,243,243,276,311,330,345,345,416,416,432,208,227,247,258,288,288,322,322,348,368,396,396,427,427,499,499,517,617,597,631,655,702,714,752,787,816,466,486,179,179,179,179,179],"floor_reached":52,"playtime":2551,"items_purged":[],"score":2142,"play_id":"c371d679-b9eb-4aed-884d-cc3777c929ad","local_time":"20181123204006","daily_mods":["SealedDeck","DeadlyEvents"],"is_ascension_mode":true,"campfire_choices":[{"data":"Inflame","floor":7.0,"key":"SMITH"},{"data":"Shockwave","floor":10.0,"key":"SMITH"},{"data":"True Grit","floor":15.0,"key":"SMITH"},{"data":"True Grit","floor":24.0,"key":"SMITH"},{"floor":30.0,"key":"REST"},{"floor":32.0,"key":"REST"},{"data":"Disarm","floor":41.0,"key":"SMITH"},{"data":"Demon Form","floor":49,"key":"SMITH"}],"neow_cost":"","seed_source_timestamp":0,"circlet_count":0,"master_deck":["AscendersBane","Shockwave+1","Sword Boomerang+1","Headbutt","True Grit+1","Armaments+1","Inflame+1","Flame Barrier+1","Shrug It Off","Spot Weakness+1","Pummel","Offering","Demon Form+1","Disarm+1","True Grit+1","Power Through+1","Impervious","Uppercut+1","Whirlwind+1","Shrug It Off+1","Reaper","Pummel","Flame Barrier","Evolve"],"special_seed":0,"relics":["Black Blood","Ancient Tea Set","War Paint","Boot","Ice Cream","Mummified Hand","Mark of Pain","Orichalcum","Question Card","Centennial Puzzle","Dodecahedron","Art of War","Red Mask","Gambling Chip","MawBank","Kunai","Unceasing Top","Bag of Marbles","Whetstone","Strawberry","ClockworkSouvenir"],"potions_floor_usage":[51,51],"damage_taken":[{"damage":8.0,"enemies":"2 Louse","floor":1.0,"turns":3.0},{"damage":0.0,"enemies":"Small Slimes","floor":4.0,"turns":3.0},{"damage":13.0,"enemies":"Lagavulin","floor":6.0,"turns":6.0},{"damage":27.0,"enemies":"3 Sentries","floor":8.0,"turns":8.0},{"damage":1.0,"enemies":"Lagavulin","floor":11.0,"turns":5.0},{"damage":4.0,"enemies":"Gremlin Nob","floor":12.0,"turns":3.0},{"damage":0.0,"enemies":"Cultist","floor":13.0,"turns":3.0},{"damage":6.0,"enemies":"Exordium Thugs","floor":14.0,"turns":3.0},{"damage":2.0,"enemies":"Slime Boss","floor":16.0,"turns":7.0},{"damage":2.0,"enemies":"3 Byrds","floor":18.0,"turns":5.0},{"damage":8.0,"enemies":"Spheric Guardian","floor":20.0,"turns":3.0},{"damage":9.0,"enemies":"Snecko","floor":21.0,"turns":3.0},{"damage":6.0,"enemies":"Centurion and Healer","floor":22.0,"turns":4.0},{"damage":23.0,"enemies":"Book of Stabbing","floor":23.0,"turns":3.0},{"damage":21.0,"enemies":"Slavers","floor":25.0,"turns":6.0},{"damage":15.0,"enemies":"Book of Stabbing","floor":27.0,"turns":2.0},{"damage":16.0,"enemies":"Sentry and Sphere","floor":28.0,"turns":6.0},{"damage":18.0,"enemies":"Gremlin Leader","floor":29.0,"turns":5.0},{"damage":19.0,"enemies":"Masked Bandits","floor":31.0,"turns":4.0},{"damage":17.0,"enemies":"Collector","floor":33.0,"turns":7.0},{"damage":6.0,"enemies":"3 Shapes","floor":35.0,"turns":6.0},{"damage":1.0,"enemies":"Mind Bloom Boss Battle","floor":36.0,"turns":6.0},{"damage":25.0,"enemies":"Nemesis","floor":38.0,"turns":5.0},{"damage":6.0,"enemies":"Orb Walker","floor":39.0,"turns":3.0},{"damage":35.0,"enemies":"Reptomancer","floor":40.0,"turns":7.0},{"damage":23,"enemies":"Nemesis","floor":42,"turns":7},{"damage":21,"enemies":"Maw","floor":44,"turns":7},{"damage":18,"enemies":"Sphere and 2 Shapes","floor":46,"turns":8},{"damage":28,"enemies":"Time Eater","floor":50,"turns":6},{"damage":6,"enemies":"Donu and Deca","floor":51,"turns":5}],"seed_played":"-4058660667929986070","potions_obtained":[{"floor":1.0,"key":"Strength Potion"},{"floor":5.0,"key":"SkillPotion"},{"floor":11.0,"key":"Swift Potion"},{"floor":16.0,"key":"SkillPotion"},{"floor":27.0,"key":"PowerPotion"},{"floor":33.0,"key":"PowerPotion"},{"floor":35.0,"key":"Weak Potion"},{"floor":37.0,"key":"Dexterity Potion"},{"floor":42,"key":"SpeedPotion"},{"floor":46,"key":"PowerPotion"}],"is_trial":true,"path_per_floor":["M","$","?","M","?","E","R","E","T","R","E","E","M","M","R","B",null,"M","$","M","M","M","E","R","E","T","E","M","E","R","?","R","B",null,"M","?","?","E","M","E","R","E","T","M","$","M","$","?","R","B","B",null],"character_chosen":"IRONCLAD","items_purchased":["Demon Form","PowerPotion","Whetstone","Strawberry","Flame Barrier","ClockworkSouvenir","Evolve"],"campfire_rested":2,"item_purchase_floors":[19,19,45,45,45,47,47],"current_hp_per_floor":[66,66,66,72,72,65,65,44,44,44,49,51,57,57,57,61,72,75,75,73,70,70,53,53,38,38,29,19,7,29,16,38,27,63,67,75,75,60,64,39,39,60,60,75,82,74,74,74,74,82,82],"gold":179,"neow_bonus":"","is_prod":false,"is_daily":false,"chose_seed":false,"campfire_upgraded":6,"win_rate":0,"timestamp":1543034406,"path_taken":["M","$","?","M","?","E","R","E","T","R","?","E","?","M","R","BOSS","M","$","M","M","M","E","R","E","T","E","M","E","R","?","R","BOSS","M","?","?","?","M","E","R","E","T","M","$","M","$","?","R","BOSS","BOSS"],"build_version":"2018-11-15","purchased_purges":0,"victory":true,"max_hp_per_floor":[75,75,75,75,75,75,75,75,75,75,75,75,75,75,75,75,75,75,75,75,75,75,75,75,75,75,75,75,75,75,75,75,75,75,75,75,75,75,75,75,75,75,75,75,82,82,82,82,82,82,82],"card_choices":[{"not_picked":["Sword Boomerang","Entrench","Carnage"],"picked":"SKIP","floor":1.0},{"not_picked":["Twin Strike","Rage","Clash"],"picked":"SKIP","floor":4.0},{"not_picked":["Havoc","Carnage","Pommel Strike"],"picked":"SKIP","floor":6.0},{"not_picked":["Body Slam","Rage"],"picked":"Pummel","floor":8.0},{"not_picked":["Flex","Cleave","Body Slam"],"picked":"SKIP","floor":11.0},{"not_picked":["True Grit","Shockwave","Blood for Blood"],"picked":"SKIP","floor":12.0},{"not_picked":["Dual Wield","Flex","Sever Soul"],"picked":"SKIP","floor":13.0},{"not_picked":["Armaments","Wild Strike","Flex"],"picked":"SKIP","floor":14.0},{"not_picked":["Bludgeon","Feed"],"picked":"Offering","floor":16.0},{"not_picked":["Shrug It Off","Clothesline","Havoc"],"picked":"SKIP","floor":18.0},{"not_picked":["Headbutt","Corruption"],"picked":"Disarm","floor":20.0},{"not_picked":["Anger","Intimidate","Thunderclap+1"],"picked":"SKIP","floor":21.0},{"not_picked":["Evolve","Wild Strike"],"picked":"True Grit","floor":22.0},{"not_picked":["Infernal Blade","Twin Strike","Hemokinesis"],"picked":"SKIP","floor":23.0},{"not_picked":["Body Slam","True Grit+1","Anger"],"picked":"SKIP","floor":25.0},{"not_picked":["Bludgeon","Entrench","Reckless Charge"],"picked":"Power Through+1","floor":27.0},{"not_picked":["Anger","Cleave","Shrug It Off","Armaments"],"picked":"SKIP","floor":28.0},{"not_picked":["Double Tap","Body Slam","Seeing Red","Havoc"],"picked":"SKIP","floor":29.0},{"not_picked":["Exhume","Feed","Bludgeon"],"picked":"Impervious","floor":33.0},{"not_picked":["Flex","Intimidate","Rupture"],"picked":"Uppercut+1","floor":35.0},{"not_picked":["Second Wind+1","Rampage","Carnage+1"],"picked":"Whirlwind","floor":36.0},{"not_picked":["Warcry","Anger","Spot Weakness"],"picked":"Shrug It Off+1","floor":38.0},{"not_picked":["Headbutt","Spot Weakness","Clothesline","Pommel Strike+1"],"picked":"SKIP","floor":39.0},{"not_picked":["Burning Pact+1","Armaments","True Grit"],"picked":"Reaper","floor":40.0},{"not_picked":["Corruption+1","Rupture+1","Metallicize","Shockwave"],"picked":"SKIP","floor":42},{"not_picked":["Metallicize","Shrug It Off","Twin Strike+1"],"picked":"Pummel","floor":44},{"not_picked":["Clash","Second Wind","Warcry","Clothesline"],"picked":"SKIP","floor":46}],"player_experience":1664902,"relics_obtained":[{"floor":6.0,"key":"Ancient Tea Set"},{"floor":8.0,"key":"War Paint"},{"floor":9.0,"key":"Boot"},{"floor":11.0,"key":"Ice Cream"},{"floor":12.0,"key":"Mummified Hand"},{"floor":23.0,"key":"Orichalcum"},{"floor":25.0,"key":"Question Card"},{"floor":26.0,"key":"Centennial Puzzle"},{"floor":27.0,"key":"Dodecahedron"},{"floor":29.0,"key":"Art of War"},{"floor":31.0,"key":"Red Mask"},{"floor":36.0,"key":"Gambling Chip"},{"floor":38.0,"key":"MawBank"},{"floor":40.0,"key":"Kunai"},{"floor":42,"key":"Unceasing Top"},{"floor":43,"key":"Bag of Marbles"}],"event_choices":[{"damage_healed":0.0,"max_hp_gain":0.0,"max_hp_loss":0.0,"gold_gain":0.0,"event_name":"Living Wall","player_choice":"Grow","floor":3.0,"gold_loss":0.0,"damage_taken":0.0,"cards_upgraded":["Armaments"]},{"damage_healed":0.0,"max_hp_gain":0.0,"max_hp_loss":0.0,"gold_gain":0.0,"event_name":"Lab","player_choice":"Got Potions","floor":5.0,"gold_loss":0.0,"damage_taken":0.0},{"damage_healed":0.0,"max_hp_gain":0.0,"max_hp_loss":0.0,"gold_gain":0.0,"event_name":"Masked Bandits","player_choice":"Fought Bandits","floor":31.0,"gold_loss":0.0,"damage_taken":0.0},{"damage_healed":0.0,"max_hp_gain":0.0,"max_hp_loss":0.0,"gold_gain":0.0,"event_name":"MindBloom","player_choice":"Fight","floor":36.0,"gold_loss":0.0,"damage_taken":0.0},{"damage_healed":0.0,"max_hp_gain":0.0,"max_hp_loss":0.0,"gold_gain":0.0,"event_name":"The Woman in Blue","player_choice":"Bought 1 Potion","floor":37.0,"gold_loss":0.0,"damage_taken":0.0},{"cards_removed":["Pommel Strike"],"damage_healed":0,"gold_gain":0,"player_choice":"Removed Attack","damage_taken":0,"max_hp_gain":0,"max_hp_loss":0,"event_name":"Falling","floor":48,"gold_loss":0}],"is_beta":false,"boss_relics":[{"not_picked":["Runic Pyramid","Snecko Eye"],"picked":"Mark of Pain"},{"not_picked":["Empty Cage","Black Star"],"picked":"Black Blood"}],"items_purged_floors":[],"is_endless":false,"potions_floor_spawned":[1,11,13,16,22,23,25,27,33,35,36,42,46],"ascension_level":20}