{"gold_per_floor":[110,110,110,35,35,35,48,81,81,81,101,116,144,155,155,252,252,265,253,178,27,43,69,69,69,69,95,95,105,131,149,149,251,251,264,264,282,298,316,331,28,41,68,80,102,34,34,68,68,68],"floor_reached":50,"playtime":2526,"items_purged":["Defend_G","Defend_G"],"score":574,"play_id":"fc97ca10-f6b8-44e8-aeb3-0fe44405ccab","local_time":"25610725021438","is_ascension_mode":false,"campfire_choices":[{"data":"Neutralize","floor":6,"key":"SMITH"},{"floor":15,"key":"REST"},{"data":"Noxious Fumes","floor":25,"key":"SMITH"},{"floor":28,"key":"REST"},{"data":"Acrobatics","floor":32,"key":"SMITH"},{"data":"Quick Slash","floor":47,"key":"SMITH"},{"floor":49,"key":"REST"}],"neow_cost":"","seed_source_timestamp":50582745596469,"circlet_count":0,"master_deck":["Defend_G","Defend_G","Defend_G","Strike_G","Strike_G","Strike_G","Strike_G","Survivor","Neutralize+1","Acrobatics+1","Noxious Fumes+1","Quick Slash+1","Underhanded Strike+1","Backflip+1","Crippling Poison+1","Dodge and Roll+1","Glass Knife+1","Setup+1","Outmaneuver+1","Prepared+1","Leg Sweep+1","Dagger Spray+1","Catalyst+1","Bane+1","Dash+1","Blur+1","Malaise+1","PiercingWail+1","Endless Agony+1","Underhanded Strike+1","PiercingWail+1","Sucker Punch+1","Choke+1","Poisoned Stab+1","Backstab+1","Acrobatics+1","Expertise+1","Finisher+1","Dagger Spray+1"],"relics":["Ring of the Snake","Sundial","Bronze Scales","Toxic Egg 2","Molten Egg 2","Lantern","HoveringKite","Paper Crane","Thread and Needle","Orichalcum","Red Mask","Busted Crown","Gambling Chip","Strawberry","MawBank","Blue Candle"],"potions_floor_usage":[8,13,13,16,23,23,33,50,50,50],"damage_taken":[{"damage":2,"enemies":"Small Slimes","floor":1,"turns":4},{"damage":1,"enemies":"2 Louse","floor":7,"turns":2},{"damage":21,"enemies":"Gremlin Nob","floor":8,"turns":4},{"damage":3,"enemies":"Jaw Worm","floor":11,"turns":4},{"damage":12,"enemies":"Exordium Wildlife","floor":12,"turns":3},{"damage":0,"enemies":"3 Sentries","floor":13,"turns":4},{"damage":0,"enemies":"Blue Slaver","floor":14,"turns":3},{"damage":23,"enemies":"Slime Boss","floor":16,"turns":12},{"damage":0,"enemies":"Chosen","floor":18,"turns":4},{"damage":10,"enemies":"2 Thieves","floor":19,"turns":4},{"damage":9,"enemies":"Slaver and Parasite","floor":22,"turns":4},{"damage":13,"enemies":"Slavers","floor":23,"turns":5},{"damage":1,"enemies":"Gremlin Leader","floor":27,"turns":7},{"damage":1,"enemies":"3 Cultists","floor":29,"turns":4},{"damage":0,"floor":30,"turns":4},{"damage":0,"enemies":"Centurion and Healer","floor":31,"turns":4},{"damage":50,"enemies":"Champ","floor":33,"turns":11},{"damage":0,"enemies":"Orb Walker","floor":35,"turns":4},{"damage":0,"floor":36,"turns":8},{"damage":0,"enemies":"Flame Bruiser 1 Orb","floor":37,"turns":4},{"damage":0,"enemies":"Sphere and 2 Shapes","floor":38,"turns":3},{"damage":1,"enemies":"Maw","floor":39,"turns":8},{"damage":15,"enemies":"Flame Bruiser 2 Orb","floor":40,"turns":5},{"damage":0,"enemies":"Transient","floor":42,"turns":5},{"damage":0,"enemies":"4 Shapes","floor":45,"turns":5},{"damage":6,"enemies":"Giant Head","floor":48,"turns":8},{"damage":78,"enemies":"Time Eater","floor":50,"turns":10}],"seed_played":"1858643568854498944","potions_obtained":[{"floor":1,"key":"Strength Potion"},{"floor":8,"key":"SteroidPotion"},{"floor":12,"key":"Energy Potion"},{"floor":13,"key":"SpeedPotion"},{"floor":19,"key":"Regen Potion"},{"floor":22,"key":"EssenceOfSteel"},{"floor":29,"key":"Block Potion"},{"floor":36,"key":"Fire Potion"},{"floor":40,"key":"Ancient Potion"},{"floor":45,"key":"Explosive Potion"}],"is_trial":false,"path_per_floor":["M","?","?","$","T","R","M","E","T","$","M","M","E","M","R","B",null,"M","M","?","$","M","E","$","R","T","E","R","M","?","M","R","B",null,"M","?","M","M","M","M","$","M","T","$","M","$","R","E","R"],"character_chosen":"THE_SILENT","items_purchased":["Prepared+1","Strawberry","Poisoned Stab+1","Backstab+1","Acrobatics+1","Finisher+1"],"campfire_rested":3,"item_purchase_floors":[21,41,41,41,41,46],"current_hp_per_floor":[68,68,68,68,68,68,67,46,46,46,43,31,31,31,52,29,70,70,60,60,60,51,52,52,52,52,51,70,69,69,69,69,19,70,70,70,70,70,69,54,61,61,61,61,61,61,61,55,77,0],"gold":68,"neow_bonus":"","is_prod":false,"is_daily":false,"chose_seed":false,"campfire_upgraded":4,"win_rate":0,"timestamp":1532459678,"path_taken":["M","?","?","?","?","R","M","E","T","$","M","M","E","M","R","BOSS","M","M","?","$","M","E","$","R","T","E","R","M","?","M","R","BOSS","M","?","M","M","?","M","$","?","T","?","M","$","R","E","R","BOSS"],"build_version":"2018-07-19v2","purchased_purges":2,"victory":false,"max_hp_per_floor":[70,70,70,70,70,70,70,70,70,70,70,70,70,70,70,70,70,70,70,70,70,70,70,70,70,70,70,70,70,70,70,70,70,70,70,70,70,70,70,70,77,77,77,77,77,77,77,77,77,77],"card_choices":[{"not_picked":["Heel Hook","Prepared"],"picked":"Acrobatics","floor":1},{"not_picked":["Terror","Bane"],"picked":"Noxious Fumes","floor":7},{"not_picked":["Flechettes","Footwork"],"picked":"Quick Slash","floor":8},{"not_picked":["Endless Agony+1","Sucker Punch+1"],"picked":"Underhanded Strike+1","floor":11},{"not_picked":["Tactician+1","Deflect+1"],"picked":"Backflip+1","floor":12},{"not_picked":["Quick Slash+1","Deflect+1"],"picked":"Crippling Poison+1","floor":13},{"not_picked":["Dagger Throw+1","Quick Slash+1"],"picked":"Dodge and Roll+1","floor":14},{"not_picked":["Tools of the Trade","Bullet Time+1"],"picked":"Glass Knife+1","floor":16},{"not_picked":["Backflip+1","Quick Slash+1"],"picked":"Setup+1","floor":18},{"not_picked":["Deflect+1","Acrobatics+1"],"picked":"Outmaneuver+1","floor":19},{"not_picked":["Escape Plan+1","Acrobatics+1"],"picked":"Leg Sweep+1","floor":22},{"not_picked":["PiercingWail+1","Dagger Throw+1"],"picked":"Dagger Spray+1","floor":23},{"not_picked":["Finisher+1","Backflip+1"],"picked":"Catalyst+1","floor":27},{"not_picked":["Distraction+1","Quick Slash+1"],"picked":"Bane+1","floor":29},{"not_picked":["Expertise+1","Backflip+1"],"picked":"Dash+1","floor":30},{"not_picked":["Quick Slash+1","Dagger Spray+1"],"picked":"Blur+1","floor":31},{"not_picked":["Burst+1","Phantasmal Killer+1"],"picked":"Malaise+1","floor":33},{"not_picked":[],"picked":"PiercingWail+1","floor":35},{"not_picked":[],"picked":"Endless Agony+1","floor":36},{"not_picked":[],"picked":"Underhanded Strike+1","floor":37},{"not_picked":[],"picked":"PiercingWail+1","floor":38},{"not_picked":[],"picked":"Sucker Punch+1","floor":39},{"not_picked":[],"picked":"Choke+1","floor":40},{"not_picked":[],"picked":"Expertise+1","floor":42},{"not_picked":["Concentrate+1"],"picked":"SKIP","floor":45},{"not_picked":[],"picked":"Dagger Spray+1","floor":48}],"player_experience":139241,"relics_obtained":[{"floor":5,"key":"Bronze Scales"},{"floor":8,"key":"Toxic Egg 2"},{"floor":9,"key":"Molten Egg 2"},{"floor":13,"key":"Lantern"},{"floor":23,"key":"Paper Crane"},{"floor":26,"key":"Thread and Needle"},{"floor":27,"key":"Orichalcum"},{"floor":30,"key":"Red Mask"},{"floor":36,"key":"Gambling Chip"},{"floor":43,"key":"MawBank"},{"floor":48,"key":"Blue Candle"}],"event_choices":[{"event_name":"Big Fish","player_choice":"Box","floor":2,"damage_taken":0},{"event_name":"Living Wall","player_choice":"Forget","floor":3,"damage_taken":0},{"event_name":"Beggar","player_choice":"Gave Gold","floor":20,"damage_taken":0},{"event_name":"Masked Bandits","player_choice":"Fought over 105 gold","floor":30,"damage_taken":0},{"event_name":"MindBloom","player_choice":"Fight","floor":36,"damage_taken":0}],"is_beta":false,"boss_relics":[{"not_picked":["Velvet Choker","Cursed Key"],"picked":"HoveringKite"},{"not_picked":["Black Star","Calling Bell"],"picked":"Busted Crown"}],"items_purged_floors":[4,21],"is_endless":false,"potions_floor_spawned":[1,8,12,13,19,22,29,36,40,45],"killed_by":"Time Eater","ascension_level":0}