{"gold_per_floor":[109,184,184,202,202,202,219,250,296,296,311,311,329,347,347,449,449,437,454,114,114],"floor_reached":21,"playtime":1446,"items_purged":["Strike_G"],"score":208,"play_id":"e5f277b7-4985-473e-b3e2-709de6daf316","local_time":"20181019042006","is_ascension_mode":true,"campfire_choices":[{"floor":6.0,"key":"REST"},{"floor":10.0,"key":"REST"},{"data":"Neutralize","floor":12.0,"key":"SMITH"},{"data":"Catalyst","floor":15.0,"key":"SMITH"}],"neow_cost":"PERCENT_DAMAGE","seed_source_timestamp":665519358452521,"circlet_count":0,"master_deck":["Defend_G","Defend_G","Defend_G","Defend_G","Defend_G+1","Strike_G","Strike_G+1","Strike_G+1","Strike_G+1","Survivor","Neutralize+1","Catalyst+1","Cloak And Dagger","Blade Dance","Slice","Distraction","Deadly Poison","Burst","Poisoned Stab","Noxious Fumes","Backstab"],"special_seed":0,"relics":["Ring of the Snake","Boot","Smiling Mask","Whetstone","HoveringKite","PreservedInsect"],"potions_floor_usage":[21],"damage_taken":[{"damage":1.0,"enemies":"Cultist","floor":1.0,"turns":5.0},{"damage":4.0,"enemies":"Jaw Worm","floor":4.0,"turns":4.0},{"damage":2.0,"enemies":"Small Slimes","floor":7.0,"turns":3.0},{"damage":32.0,"enemies":"3 Sentries","floor":8.0,"turns":13.0},{"damage":0.0,"enemies":"Exordium Wildlife","floor":11.0,"turns":4.0},{"damage":10.0,"enemies":"Lots of Slimes","floor":13.0,"turns":2.0},{"damage":1.0,"enemies":"3 Louse","floor":14.0,"turns":3.0},{"damage":21.0,"enemies":"Hexaghost","floor":16.0,"turns":12.0},{"damage":25.0,"enemies":"2 Thieves","floor":18.0,"turns":4.0},{"damage":44.0,"enemies":"Spheric Guardian","floor":19.0,"turns":7.0},{"damage":16,"enemies":"Cultist and Chosen","floor":21,"turns":4}],"seed_played":"-1609754763134419288","potions_obtained":[{"floor":7.0,"key":"GamblersBrew"},{"floor":8.0,"key":"Explosive Potion"},{"floor":11.0,"key":"FearPotion"},{"floor":18.0,"key":"Strength Potion"}],"is_trial":false,"path_per_floor":["M","?","?","M","?","R","M","E","T","R","M","R","M","M","R","B",null,"M","M","$"],"character_chosen":"THE_SILENT","items_purchased":["PreservedInsect","Backstab","Ancient Potion"],"campfire_rested":2,"item_purchase_floors":[20,20,20],"current_hp_per_floor":[62,51,34,30,23,48,46,14,14,39,39,39,29,28,28,7,84,59,15,15,0],"gold":114,"neow_bonus":"TWENTY_PERCENT_HP_BONUS","is_prod":false,"is_daily":false,"chose_seed":false,"campfire_upgraded":2,"win_rate":0,"timestamp":1539915606,"path_taken":["M","?","?","?","?","R","M","E","T","R","M","R","M","?","R","BOSS","M","M","$","M"],"build_version":"2018-10-18","purchased_purges":1,"victory":false,"max_hp_per_floor":[84,84,84,84,84,84,84,84,84,84,84,84,84,84,84,84,84,84,84,84,84],"card_choices":[{"not_picked":["Outmaneuver","Acrobatics","Quick Slash"],"picked":"SKIP","floor":1.0},{"not_picked":["Outmaneuver","Predator"],"picked":"Catalyst","floor":4.0},{"not_picked":["Finisher","Acrobatics"],"picked":"Cloak And Dagger","floor":7.0},{"not_picked":["Flechettes","Finisher"],"picked":"Blade Dance","floor":8.0},{"not_picked":["Dagger Throw","Blade Dance"],"picked":"Slice","floor":11.0},{"not_picked":["Dash","Poisoned Stab"],"picked":"Distraction","floor":13.0},{"not_picked":["Riddle With Holes","Terror"],"picked":"Deadly Poison","floor":14.0},{"not_picked":["Unload","Bullet Time"],"picked":"Burst","floor":16.0},{"not_picked":["Deadly Poison","Dagger Spray"],"picked":"Poisoned Stab","floor":18.0},{"not_picked":["Blur","Quick Slash"],"picked":"Noxious Fumes","floor":19.0}],"player_experience":108579,"relics_obtained":[{"floor":8.0,"key":"Smiling Mask"},{"floor":9.0,"key":"Whetstone"}],"event_choices":[{"damage_healed":0.0,"max_hp_gain":0.0,"max_hp_loss":0.0,"gold_gain":75.0,"event_name":"World of Goop","player_choice":"Gather Gold","floor":2.0,"gold_loss":0.0,"damage_taken":11.0},{"damage_healed":0.0,"max_hp_gain":0.0,"max_hp_loss":0.0,"gold_gain":0.0,"event_name":"Shining Light","player_choice":"Entered Light","floor":3.0,"gold_loss":0.0,"damage_taken":17.0,"cards_upgraded":["Strike_G","Defend_G"]},{"damage_healed":0.0,"max_hp_gain":0.0,"max_hp_loss":0.0,"gold_gain":0.0,"event_name":"Scrap Ooze","player_choice":"Success","floor":5.0,"gold_loss":0.0,"damage_taken":7.0,"relics_obtained":["Boot"]}],"is_beta":false,"boss_relics":[{"not_picked":["Black Star","Runic Dome"],"picked":"HoveringKite"}],"items_purged_floors":[20],"is_endless":false,"potions_floor_spawned":[7,8,11,18],"killed_by":"Cultist and Chosen","ascension_level":3}