{"gold_per_floor":[110,125,25,48,82,205,205,369,394,410],"floor_reached":10,"playtime":515,"items_purged":[],"score":117,"play_id":"2a10e066-f2cd-4caf-9ccd-0a4e9fb29490","local_time":"25620206173155","is_ascension_mode":true,"campfire_choices":[{"floor":7,"key":"REST"}],"neow_cost":"NONE","seed_source_timestamp":10588172827968,"circlet_count":0,"master_deck":["AscendersBane","Strike_B","Strike_B","Strike_B","Strike_B","Defend_B","Defend_B","Defend_B","Defend_B","Zap","Dualcast","jedi:blockon","jedi:BurstLightning","conspire:SpireCoStock","conspire:SpireCoStock","Hello World","BootSequence","Pot Of Greed","Pot Of Greed","jedi:BurstDark","Coolheaded"],"relics":["Cracked Core","Grinning Jar","Geode","Oddly Smooth Stone"],"potions_floor_usage":[6],"damage_taken":[{"damage":3,"enemies":"2 Louse","floor":1,"turns":3},{"damage":0,"enemies":"Cultist","floor":2,"turns":2},{"damage":3,"enemies":"Small Slimes","floor":4,"turns":3},{"damage":25,"enemies":"Gremlin Gang","floor":5,"turns":7},{"damage":6,"enemies":"strawberrySpire:EnergyPylons","floor":6,"turns":2},{"damage":49,"enemies":"3 Sentries","floor":8,"turns":12},{"damage":18,"enemies":"Large Slime","floor":10,"turns":4}],"seed_played":"1211107734930688202","potions_obtained":[{"floor":4,"key":"Elixir"},{"floor":5,"key":"PowerPotion"}],"is_trial":false,"path_per_floor":["M","M","?","M","M","E","R","E","T","M"],"character_chosen":"DEFECT","items_purchased":[],"campfire_rested":1,"item_purchase_floors":[],"current_hp_per_floor":[72,72,72,69,44,38,62,13,13,0],"gold":410,"neow_bonus":"TEN_PERCENT_HP_BONUS","is_prod":false,"is_daily":false,"chose_seed":false,"campfire_upgraded":0,"win_rate":0,"timestamp":1549449115,"path_taken":["M","M","?","M","M","E","R","E","T","M"],"build_version":"2019-01-23","purchased_purges":0,"victory":false,"max_hp_per_floor":[82,82,82,82,82,82,82,82,82,82],"card_choices":[{"not_picked":["Beam Cell","BasicCrystalCard"],"picked":"jedi:blockon","floor":1},{"not_picked":["Loop","Steam Power"],"picked":"jedi:BurstLightning","floor":2},{"not_picked":["Steam","ReplaySort"],"picked":"Hello World","floor":4},{"not_picked":["Sweeping Beam","Barrage"],"picked":"BootSequence","floor":5},{"not_picked":["jedi:gatheringstorm","strawberrySpire:Disconnect"],"picked":"jedi:BurstDark","floor":6},{"not_picked":["Beam Cell","strawberrySpire:FocalLaser"],"picked":"Coolheaded","floor":8}],"player_experience":339331,"relics_obtained":[{"floor":6,"key":"Grinning Jar"},{"floor":8,"key":"Geode"},{"floor":9,"key":"Oddly Smooth Stone"}],"event_choices":[{"damage_healed":0,"gold_gain":0,"player_choice":"Invest 2","damage_taken":0,"max_hp_gain":0,"max_hp_loss":0,"event_name":"conspire:Investor","floor":3,"gold_loss":0}],"is_beta":false,"boss_relics":[],"items_purged_floors":[],"is_endless":false,"potions_floor_spawned":[4,5],"killed_by":"Large Slime","ascension_level":10}