{"gold_per_floor":[115,128,128,146,158,186,186,215,215,215,234,297,47,76,76,154,154,164,164,176,188,207,207,240,240,240,268,287,306,331,347,347,426,426,440,452,464,277,295,329,329,363,388,715,763,763,323,355,355,355,355,355,355,5,30,30],"floor_reached":57,"playtime":2531,"items_purged":["Flying Knee"],"score":3379,"play_id":"df90a37a-5206-4d9e-bcc4-941c38127c76","local_time":"20190125175131","daily_mods":["SealedDeck","DeadlyEvents"],"is_ascension_mode":true,"campfire_choices":[{"data":"Terror","floor":7,"key":"SMITH"},{"data":"Finisher","floor":10,"key":"SMITH"},{"data":"Sucker Punch","floor":15,"key":"SMITH"},{"data":"Burst","floor":23,"key":"SMITH"},{"data":"Well Laid Plans","floor":25,"key":"SMITH"},{"data":"Cloak And Dagger","floor":32,"key":"SMITH"},{"data":"Leg Sweep","floor":41,"key":"SMITH"},{"floor":46,"key":"RECALL"},{"floor":49,"key":"REST"},{"data":"Calculated Gamble","floor":53,"key":"SMITH"}],"neow_cost":"","seed_source_timestamp":0,"circlet_count":0,"master_deck":["AscendersBane","Escape Plan+1","Sucker Punch+1","Endless Agony","Dagger Throw","Well Laid Plans+1","Finisher+1","Dagger Spray+1","Dodge and Roll+1","Leg Sweep+1","Blade Dance+1","Terror+1","Infinite Blades+1","Burst+1","PiercingWail+1","Calculated Gamble+1","Cloak And Dagger+1","Backstab+1","A Thousand Cuts+1","PiercingWail","PiercingWail+1","Backflip+1","Dodge and Roll","Backflip","Caltrops+1"],"relics":["Ring of the Snake","Frozen Egg 2","Vajra","Bronze Scales","Gremlin Horn","Lantern","Matryoshka","Black Star","MutagenicStrength","War Paint","Meat on the Bone","Shuriken","Molten Egg 2","Dream Catcher","Tingsha","Mummified Hand","Ornamental Fan","Busted Crown","Pen Nib","Bottled Tornado","Bag of Marbles","Smiling Mask","Dodecahedron","Old Coin","Oddly Smooth Stone","Tough Bandages","Kunai","PreservedInsect","Blood Vial","Art of War","Anchor","Centennial Puzzle","Ninja Scroll"],"potions_floor_usage":[6,12,16,21,31,56,56],"damage_taken":[{"damage":0,"enemies":"2 Louse","floor":1,"turns":1},{"damage":0,"enemies":"Small Slimes","floor":2,"turns":1},{"damage":0,"enemies":"Cultist","floor":4,"turns":1},{"damage":0,"enemies":"Large Slime","floor":5,"turns":3},{"damage":0,"enemies":"Lagavulin","floor":6,"turns":6},{"damage":7,"enemies":"3 Sentries","floor":8,"turns":4},{"damage":0,"enemies":"3 Louse","floor":11,"turns":1},{"damage":0,"enemies":"3 Sentries","floor":12,"turns":4},{"damage":0,"enemies":"Gremlin Nob","floor":14,"turns":1},{"damage":18,"enemies":"The Guardian","floor":16,"turns":8},{"damage":0,"enemies":"Chosen","floor":18,"turns":2},{"damage":0,"enemies":"Spheric Guardian","floor":20,"turns":1},{"damage":1,"enemies":"Centurion and Healer","floor":21,"turns":3},{"damage":0,"enemies":"Snecko","floor":22,"turns":3},{"damage":0,"enemies":"Gremlin Leader","floor":24,"turns":2},{"damage":6,"enemies":"Book of Stabbing","floor":27,"turns":4},{"damage":0,"enemies":"Shelled Parasite and Fungi","floor":28,"turns":1},{"damage":0,"enemies":"Centurion and Healer","floor":29,"turns":3},{"damage":0,"enemies":"Gremlin Leader","floor":30,"turns":4},{"damage":4,"enemies":"Snake Plant","floor":31,"turns":2},{"damage":0,"enemies":"Collector","floor":33,"turns":4},{"damage":0,"enemies":"3 Shapes","floor":35,"turns":3},{"damage":0,"enemies":"3 Darklings","floor":36,"turns":2},{"damage":0,"enemies":"Jaw Worm Horde","floor":37,"turns":2},{"damage":6,"enemies":"Writhing Mass","floor":39,"turns":4},{"damage":14,"enemies":"Giant Head","floor":40,"turns":5},{"damage":0,"enemies":"Reptomancer","floor":42,"turns":2},{"damage":1,"enemies":"Giant Head","floor":44,"turns":4},{"damage":0,"enemies":"2 Orb Walkers","floor":45,"turns":2},{"damage":0,"enemies":"Reptomancer","floor":48,"turns":2},{"damage":11,"enemies":"Donu and Deca","floor":50,"turns":5},{"damage":23,"enemies":"Time Eater","floor":51,"turns":6},{"damage":4,"enemies":"Shield and Spear","floor":55,"turns":4},{"damage":38,"enemies":"The Heart","floor":56,"turns":5}],"seed_played":"641213196454011058","potions_obtained":[{"floor":1,"key":"SkillPotion"},{"floor":2,"key":"Strength Potion"},{"floor":8,"key":"SkillPotion"},{"floor":14,"key":"Poison Potion"},{"floor":18,"key":"Weak Potion"},{"floor":20,"key":"Explosive Potion"},{"floor":24,"key":"GamblersBrew"},{"floor":28,"key":"SteroidPotion"},{"floor":33,"key":"Dexterity Potion"}],"is_trial":true,"path_per_floor":["M","M","?","M","M","E","R","E","T","R","M","?","$","E","R","B",null,"M","?","M","M","M","R","E","R","T","E","M","M","E","M","R","B",null,"M","M","M","$","M","E","R","E","T","E","?","R","$","E","R","B","B",null,"R","$","E","B",null],"character_chosen":"THE_SILENT","items_purchased":["Infinite Blades+1","Lantern","PiercingWail","GhostInAJar","Kunai","PreservedInsect","Dodge and Roll","Backflip","Caltrops+1","Anchor"],"campfire_rested":1,"item_purchase_floors":[13,13,38,38,47,47,54,54,54,54],"current_hp_per_floor":[59,59,39,39,39,39,39,32,32,32,32,32,32,32,32,14,53,53,53,53,52,52,52,52,52,52,46,46,46,46,42,42,42,60,60,60,60,60,54,40,40,40,40,39,39,39,39,39,58,49,40,60,60,60,58,34],"gold":30,"neow_bonus":"","is_prod":false,"is_daily":false,"chose_seed":true,"campfire_upgraded":8,"win_rate":0,"timestamp":1548467491,"path_taken":["M","M","?","M","M","E","R","E","T","R","M","?","$","E","R","BOSS","M","?","M","M","M","R","E","R","T","E","M","M","E","M","R","BOSS","M","M","M","$","M","E","R","E","T","E","?","R","$","E","R","BOSS","BOSS","R","$","E","BOSS"],"build_version":"2019-01-23","purchased_purges":1,"victory":true,"max_hp_per_floor":[66,66,66,66,66,66,66,66,66,66,66,66,66,66,66,66,66,66,66,66,66,66,66,66,66,66,66,66,66,66,66,66,66,66,66,66,66,66,66,66,66,66,66,66,66,66,66,66,66,66,66,66,66,66,66,66],"card_choices":[{"not_picked":["Prepared","Heel Hook","Dagger Throw"],"picked":"SKIP","floor":1},{"not_picked":["Deflect","Blur"],"picked":"Blade Dance","floor":2},{"not_picked":["Poisoned Stab","Reflex","Bane"],"picked":"SKIP","floor":4},{"not_picked":["Blade Dance","Quick Slash","Sucker Punch"],"picked":"SKIP","floor":5},{"not_picked":["Dagger Throw","Blur"],"picked":"Terror","floor":6},{"not_picked":["Storm of Steel","Prepared","Dagger Throw"],"picked":"SKIP","floor":8},{"not_picked":["Deadly Poison","Bane","Well Laid Plans+1"],"picked":"SKIP","floor":11},{"not_picked":["Setup","Sucker Punch","Eviscerate"],"picked":"SKIP","floor":14},{"not_picked":["Bullet Time","Phantasmal Killer"],"picked":"Burst","floor":16},{"not_picked":["Blade Dance+1","Dagger Throw","Dagger Spray"],"picked":"SKIP","floor":18},{"not_picked":["Flying Knee","Skewer"],"picked":"PiercingWail+1","floor":20},{"not_picked":["Heel Hook","Acrobatics","Dagger Throw"],"picked":"SKIP","floor":21},{"not_picked":["Backflip","Flechettes"],"picked":"Calculated Gamble","floor":22},{"not_picked":["Glass Knife","Sucker Punch","Poisoned Stab"],"picked":"SKIP","floor":24},{"not_picked":["Burst","Quick Slash+1"],"picked":"Cloak And Dagger","floor":27},{"not_picked":["Acrobatics","Masterful Stab+1"],"picked":"Backstab+1","floor":28},{"not_picked":["Deadly Poison","Sucker Punch+1","Dodge and Roll"],"picked":"SKIP","floor":29},{"not_picked":["Concentrate","Underhanded Strike+1","Night Terror"],"picked":"SKIP","floor":30},{"not_picked":["Distraction","Underhanded Strike+1","Flying Knee+1"],"picked":"SKIP","floor":31},{"not_picked":["Night Terror","Die Die Die+1"],"picked":"A Thousand Cuts+1","floor":33},{"not_picked":["Outmaneuver+1"],"picked":"SKIP","floor":35},{"not_picked":["Tactician"],"picked":"SKIP","floor":36},{"not_picked":["Blade Dance"],"picked":"SKIP","floor":37},{"not_picked":["Underhanded Strike+1"],"picked":"SKIP","floor":39},{"not_picked":[],"picked":"PiercingWail+1","floor":40},{"not_picked":["Sucker Punch+1"],"picked":"SKIP","floor":42},{"not_picked":["Dagger Throw+1"],"picked":"SKIP","floor":44},{"not_picked":[],"picked":"Backflip+1","floor":45},{"not_picked":["Acrobatics"],"picked":"SKIP","floor":48},{"not_picked":["Caltrops+1"],"picked":"SKIP","floor":55}],"player_experience":2057890,"relics_obtained":[{"floor":6,"key":"Frozen Egg 2"},{"floor":8,"key":"Vajra"},{"floor":9,"key":"Bronze Scales"},{"floor":12,"key":"Gremlin Horn"},{"floor":14,"key":"Matryoshka"},{"floor":24,"key":"War Paint"},{"floor":24,"key":"Meat on the Bone"},{"floor":26,"key":"Shuriken"},{"floor":26,"key":"Molten Egg 2"},{"floor":27,"key":"Dream Catcher"},{"floor":27,"key":"Tingsha"},{"floor":30,"key":"Mummified Hand"},{"floor":30,"key":"Ornamental Fan"},{"floor":40,"key":"Pen Nib"},{"floor":40,"key":"Bottled Tornado"},{"floor":42,"key":"Bag of Marbles"},{"floor":42,"key":"Smiling Mask"},{"floor":43,"key":"Dodecahedron"},{"floor":44,"key":"Old Coin"},{"floor":44,"key":"Oddly Smooth Stone"},{"floor":45,"key":"Tough Bandages"},{"floor":48,"key":"Blood Vial"},{"floor":48,"key":"Art of War"},{"floor":55,"key":"Centennial Puzzle"},{"floor":55,"key":"Ninja Scroll"}],"event_choices":[{"damage_healed":0,"gold_gain":0,"player_choice":"Entered Light","damage_taken":20,"max_hp_gain":0,"max_hp_loss":0,"event_name":"Shining Light","floor":3,"gold_loss":0,"cards_upgraded":["Dagger Spray","Blade Dance"]},{"damage_healed":0,"gold_gain":30,"player_choice":"Searched \u00273\u0027 times","damage_taken":0,"max_hp_gain":0,"max_hp_loss":0,"event_name":"Dead Adventurer","floor":12,"gold_loss":0},{"damage_healed":0,"gold_gain":0,"player_choice":"Inject Mutagens","damage_taken":0,"relics_obtained":["MutagenicStrength"],"max_hp_gain":0,"max_hp_loss":0,"event_name":"Drug Dealer","floor":19,"gold_loss":0},{"damage_healed":0,"gold_gain":0,"player_choice":"Fight","damage_taken":0,"max_hp_gain":0,"max_hp_loss":0,"event_name":"Mysterious Sphere","floor":45,"gold_loss":0}],"is_beta":false,"boss_relics":[{"not_picked":["Coffee Dripper","Eternal Feather"],"picked":"Black Star"},{"not_picked":["Orrery","Lizard Tail"],"picked":"Busted Crown"}],"items_purged_floors":[38],"is_endless":false,"potions_floor_spawned":[1,2,8,14,18,20,24,28,29,30,33,37,40,55],"ascension_level":20}