{"gold_per_floor":[111,122,197,197,214,214,139,167,167,167,194,204,223,197,197,274,274,288,288,688,701,712,747,747,777,777,102,132,144,175,203,215,299,311,340,352,383,410,19,46,0,32,32,57,71,103,103,103,103,103,103,103,79,112,112],"floor_reached":56,"playtime":3725,"items_purged":["Strike_B","Writhe","Strike_B"],"score":2799,"play_id":"9b6f10b5-be3f-4d84-afee-a4d37b2c2efa","local_time":"20190325002519","is_ascension_mode":true,"campfire_choices":[{"data":"Sunder","floor":6,"key":"SMITH"},{"data":"Buffer","floor":10,"key":"SMITH"},{"data":"Coolheaded","floor":15,"key":"SMITH"},{"data":"Loop","floor":24,"key":"SMITH"},{"data":"Biased Cognition","floor":32,"key":"SMITH"},{"floor":49,"key":"RECALL"},{"floor":52,"key":"REST"}],"neow_cost":"PERCENT_DAMAGE","seed_source_timestamp":0,"circlet_count":0,"master_deck":["AscendersBane","Defend_B+1","Defend_B+1","Defend_B+1","Defend_B+1","Zap+1","Dualcast+1","Sunder+1","Turbo+1","Loop+1","Coolheaded+1","Buffer+1","Self Repair+1","Turbo+1","Coolheaded+1","Hologram+1","Biased Cognition+1","Reinforced Body+1","Defragment+1","Cold Snap+1","Fusion+1","Coolheaded+1","White Noise+1","Meteor Strike+1","Defragment+1","Biased Cognition+1","Coolheaded+1","Double Energy+1","Defragment+1","Seek+1","Reprogram+1","Defragment+1","Beam Cell"],"relics":["Cracked Core","Toxic Egg 2","Calipers","Bag of Marbles","Cursed Key","Old Coin","Pantograph","Singing Bowl","Centennial Puzzle","ClockworkSouvenir","Question Card","MawBank","Runic Pyramid","Frozen Eye","Blood Vial","Red Mask","Boot","Art of War","Strawberry","Mark of the Bloom","Bottled Lightning"],"potions_floor_usage":[8,14,16,18,23,28,54,55],"damage_taken":[{"damage":0,"enemies":"Cultist","floor":1,"turns":3},{"damage":9,"enemies":"Small Slimes","floor":2,"turns":3},{"damage":4,"enemies":"2 Louse","floor":5,"turns":3},{"damage":16,"enemies":"Lagavulin","floor":8,"turns":6},{"damage":4,"enemies":"Gremlin Nob","floor":11,"turns":4},{"damage":0,"enemies":"Large Slime","floor":12,"turns":5},{"damage":2,"enemies":"2 Fungi Beasts","floor":13,"turns":3},{"damage":0,"enemies":"Exordium Thugs","floor":14,"turns":5},{"damage":7,"enemies":"The Guardian","floor":16,"turns":15},{"damage":4,"enemies":"3 Byrds","floor":18,"turns":3},{"damage":0,"enemies":"Colosseum Slavers","floor":20,"turns":3},{"damage":7,"enemies":"Colosseum Nobs","floor":20,"turns":11},{"damage":0,"enemies":"Chosen","floor":21,"turns":7},{"damage":0,"enemies":"Snake Plant","floor":22,"turns":4},{"damage":10,"enemies":"Book of Stabbing","floor":23,"turns":6},{"damage":28,"enemies":"Gremlin Leader","floor":25,"turns":12},{"damage":0,"enemies":"Slavers","floor":28,"turns":1},{"damage":0,"enemies":"Snecko","floor":30,"turns":3},{"damage":1,"enemies":"Shelled Parasite and Fungi","floor":31,"turns":5},{"damage":0,"enemies":"Champ","floor":33,"turns":14},{"damage":9,"enemies":"3 Darklings","floor":35,"turns":7},{"damage":11,"enemies":"Orb Walker","floor":37,"turns":3},{"damage":0,"enemies":"Jaw Worm Horde","floor":38,"turns":5},{"damage":0,"enemies":"Giant Head","floor":40,"turns":9},{"damage":0,"enemies":"Nemesis","floor":42,"turns":8},{"damage":0,"enemies":"Giant Head","floor":44,"turns":7},{"damage":0,"enemies":"Spire Growth","floor":45,"turns":5},{"damage":0,"enemies":"Nemesis","floor":46,"turns":7},{"damage":0,"enemies":"Donu and Deca","floor":50,"turns":13},{"damage":0,"enemies":"Shield and Spear","floor":54,"turns":6},{"damage":0,"enemies":"The Heart","floor":55,"turns":17}],"seed_played":"1496726654708454816","potions_obtained":[{"floor":2,"key":"Poison Potion"},{"floor":5,"key":"LiquidBronze"},{"floor":11,"key":"Swift Potion"},{"floor":14,"key":"Swift Potion"},{"floor":20,"key":"Strength Potion"},{"floor":22,"key":"LiquidBronze"},{"floor":28,"key":"Strength Potion"},{"floor":30,"key":"Swift Potion"},{"floor":37,"key":"PowerPotion"},{"floor":42,"key":"Ancient Potion"}],"is_trial":false,"path_per_floor":["M","M","?","?","M","R","$","E","T","R","E","M","M","M","R","B",null,"M","?","?","M","M","E","R","E","T","$","E","?","M","M","R","B",null,"M","?","M","M","$","E","?","E","T","E","M","E","?","$","R","B",null,"R","$","E","B",null],"character_chosen":"DEFECT","items_purchased":["ClockworkSouvenir","White Noise+1","Question Card","AttackPotion","Frozen Eye","Defragment","Beam Cell"],"campfire_rested":1,"item_purchase_floors":[27,27,27,27,39,39,53],"current_hp_per_floor":[46,37,26,81,77,77,77,61,61,61,57,64,69,76,76,76,80,81,58,65,72,79,76,76,55,55,55,62,62,64,72,72,90,90,90,90,79,86,86,92,92,92,92,94,94,103,103,103,103,103,103,103,103,103,103],"gold":112,"neow_bonus":"TRANSFORM_TWO_CARDS","is_prod":false,"is_daily":false,"chose_seed":true,"campfire_upgraded":5,"win_rate":0,"timestamp":1553444719,"path_taken":["M","?","?","?","?","R","$","E","T","R","E","M","M","?","R","BOSS","M","?","?","M","M","E","R","E","T","$","E","?","?","M","R","BOSS","M","?","M","?","$","E","?","E","T","E","M","E","?","$","R","BOSS","R","$","E","BOSS"],"build_version":"2019-03-15","purchased_purges":3,"victory":true,"max_hp_per_floor":[71,71,71,81,81,81,81,81,81,81,81,81,81,81,81,81,81,81,86,86,86,86,86,86,86,86,86,86,86,88,90,90,90,90,92,92,92,92,92,92,92,92,92,94,94,103,103,103,103,103,103,103,103,105,105],"card_choices":[{"not_picked":["Turbo","Compile Driver","Stack"],"picked":"SKIP","floor":1},{"not_picked":["Compile Driver","Stack"],"picked":"Turbo","floor":1},{"not_picked":["Lockon","Melter"],"picked":"Loop","floor":2},{"not_picked":["Double Energy","Conserve Battery"],"picked":"Coolheaded","floor":5},{"not_picked":["Go for the Eyes","Streamline"],"picked":"Buffer","floor":8},{"not_picked":["Compile Driver","Multi-Cast+1"],"picked":"Self Repair","floor":11},{"not_picked":["Rebound","Blizzard"],"picked":"Turbo+1","floor":12},{"not_picked":["Melter","Blizzard"],"picked":"Coolheaded+1","floor":13},{"not_picked":["Leap+1","Compile Driver"],"picked":"Hologram+1","floor":14},{"not_picked":["Thunder Strike","Multi-Cast+1"],"picked":"Biased Cognition","floor":16},{"not_picked":["Consume+1","Steam+1"],"picked":"Reinforced Body+1","floor":18},{"not_picked":["Compile Driver","Redo+1"],"picked":"Defragment+1","floor":20},{"not_picked":["Leap+1","Hyperbeam","Go for the Eyes"],"picked":"SKIP","floor":21},{"not_picked":["Leap+1","Hyperbeam","Go for the Eyes"],"picked":"SKIP","floor":21},{"not_picked":["Leap+1","Hyperbeam","Go for the Eyes"],"picked":"SKIP","floor":21},{"not_picked":["Leap+1","Sweeping Beam"],"picked":"Cold Snap","floor":22},{"not_picked":["Compile Driver","Redo+1"],"picked":"Fusion+1","floor":23},{"not_picked":["Turbo+1","Beam Cell"],"picked":"Coolheaded+1","floor":25},{"not_picked":["Steam+1","Static Discharge","Rebound"],"picked":"Meteor Strike","floor":28},{"not_picked":["Streamline","Self Repair","Static Discharge","Genetic Algorithm+1"],"picked":"Singing Bowl","floor":30},{"not_picked":["Rebound","Cold Snap","Conserve Battery+1","Rainbow+1"],"picked":"Singing Bowl","floor":31},{"not_picked":["Buffer","Rainbow+1","All For One"],"picked":"Biased Cognition","floor":33},{"not_picked":["Ball Lightning","Rebound","Blizzard","Turbo+1"],"picked":"Singing Bowl","floor":35},{"not_picked":["Rebound+1","Ball Lightning","Lockon"],"picked":"Coolheaded+1","floor":37},{"not_picked":["Turbo+1","Darkness+1","Rebound"],"picked":"Double Energy+1","floor":38},{"not_picked":["Loop","Redo+1","Stack+1"],"picked":"Seek+1","floor":40},{"not_picked":["Gash","Steam Power+1","Streamline"],"picked":"Reprogram+1","floor":42},{"not_picked":["Hello World","Storm","Steam+1","Sweeping Beam"],"picked":"Singing Bowl","floor":44},{"not_picked":["Storm","Streamline","Genetic Algorithm+1"],"picked":"Defragment","floor":45},{"not_picked":["Sweeping Beam","Turbo+1","Go for the Eyes","Melter+1"],"picked":"Singing Bowl","floor":46},{"not_picked":["Ball Lightning","Electrodynamics","Heatsinks","Cold Snap"],"picked":"Singing Bowl","floor":54}],"player_experience":1286209,"relics_obtained":[{"floor":8,"key":"Toxic Egg 2"},{"floor":9,"key":"Calipers"},{"floor":11,"key":"Bag of Marbles"},{"floor":20,"key":"Old Coin"},{"floor":20,"key":"Pantograph"},{"floor":23,"key":"Singing Bowl"},{"floor":25,"key":"Centennial Puzzle"},{"floor":28,"key":"MawBank"},{"floor":40,"key":"Blood Vial"},{"floor":42,"key":"Boot"},{"floor":44,"key":"Art of War"},{"floor":46,"key":"Strawberry"},{"floor":54,"key":"Bottled Lightning"}],"event_choices":[{"damage_healed":0,"gold_gain":75,"player_choice":"Gather Gold","damage_taken":11,"max_hp_gain":0,"max_hp_loss":0,"event_name":"World of Goop","floor":3,"gold_loss":0},{"cards_removed":["Machine Learning"],"damage_healed":45,"gold_gain":0,"player_choice":"Offered Rare","damage_taken":0,"max_hp_gain":10,"max_hp_loss":0,"event_name":"Bonfire Elementals","floor":4,"gold_loss":0},{"damage_healed":0,"gold_gain":0,"player_choice":"Shed Blood","damage_taken":28,"max_hp_gain":5,"max_hp_loss":0,"event_name":"Forgotten Altar","floor":19,"gold_loss":0},{"damage_healed":0,"gold_gain":0,"player_choice":"Fight","damage_taken":0,"max_hp_gain":0,"max_hp_loss":0,"event_name":"Colosseum","floor":20,"gold_loss":0},{"damage_healed":0,"gold_gain":0,"player_choice":"Fought Nobs","damage_taken":0,"max_hp_gain":0,"max_hp_loss":0,"event_name":"Colosseum","floor":20,"gold_loss":0},{"damage_healed":0,"gold_gain":0,"player_choice":"Copied","damage_taken":0,"max_hp_gain":0,"max_hp_loss":0,"event_name":"Duplicator","floor":29,"gold_loss":0,"cards_obtained":["Defragment"]},{"damage_healed":0,"gold_gain":0,"player_choice":"Upgraded","damage_taken":0,"max_hp_gain":0,"max_hp_loss":0,"event_name":"Upgrade Shrine","floor":36,"gold_loss":0,"cards_upgraded":["Biased Cognition"]},{"damage_healed":0,"gold_gain":0,"player_choice":"Paid","damage_taken":0,"relics_obtained":["Red Mask"],"max_hp_gain":0,"max_hp_loss":0,"event_name":"Tomb of Lord Red Mask","floor":41,"gold_loss":46},{"damage_healed":0,"gold_gain":0,"player_choice":"Upgrade","damage_taken":0,"relics_obtained":["Mark of the Bloom"],"max_hp_gain":0,"max_hp_loss":0,"event_name":"MindBloom","floor":47,"gold_loss":0,"cards_upgraded":["Defend_B","Defend_B","Defend_B","Defend_B","Zap","Dualcast","Turbo","Self Repair","Cold Snap","Meteor Strike","Defragment","Defragment"]}],"is_beta":true,"boss_relics":[{"not_picked":["Snecko Eye","Tiny House"],"picked":"Cursed Key"},{"not_picked":["FrozenCore","Coffee Dripper"],"picked":"Runic Pyramid"}],"items_purged_floors":[7,27,39],"is_endless":false,"potions_floor_spawned":[2,5,11,14,20,22,28,30,31,33,37,42,45],"ascension_level":15}