{"gold_per_floor":[111,111,122,138,156,181,181,210,236,269,106,106,106,132,132,207,207,225,325,250,165,190,221,253,278,278,278,312,324,357,380,380,456,456,471,471,490,502,515,548,548,575,656,157,107,133,133,168,168,168,168,168,168,23,52,52],"floor_reached":57,"playtime":2379,"items_purged":["Injury"],"score":4170,"play_id":"e2d38800-02b3-4010-af1f-831bb561853d","local_time":"20190206132209","daily_mods":["SealedDeck","DeadlyEvents","Elite Swarm"],"is_ascension_mode":true,"campfire_choices":[{"data":"Fission","floor":12,"key":"SMITH"},{"data":"Rainbow","floor":15,"key":"SMITH"},{"floor":27,"key":"REST"},{"data":"Storm","floor":32,"key":"SMITH"},{"floor":47,"key":"RECALL"},{"data":"Buffer","floor":49,"key":"SMITH"},{"data":"Biased Cognition","floor":53,"key":"SMITH"}],"neow_cost":"","seed_source_timestamp":17386311070263,"circlet_count":0,"master_deck":["AscendersBane","Hologram+1","Sweeping Beam+1","Coolheaded+1","Leap+1","Gash+1","Cold Snap","Ball Lightning","Compile Driver","Glacier","Chill+1","Cold Snap","Biased Cognition","Electrodynamics","Echo Form","Fission+1","Rainbow+1","Core Surge","Fission+1","Seek+1","Fission+1","Thunder Strike","Storm+1","Leap+1","Recycle+1","Reinforced Body+1","Coolheaded+1","Creative AI","Panacea+1","Biased Cognition+1","Heatsinks+1","Buffer+1","Coolheaded+1","Static Discharge","Rainbow+1"],"relics":["Cracked Core","FossilizedHelix","Happy Flower","War Paint","Omamori","PreservedInsect","Ice Cream","Calling Bell","Darkstone Periapt","Pen Nib","Incense Burner","WingedGreaves","Cables","Toxic Egg 2","Question Card","Regal Pillow","Vajra","Bottled Lightning","Mummified Hand","Orichalcum","Strawberry","Black Star","Whetstone","Prayer Wheel","Pantograph","Anchor","Mercury Hourglass","Potion Belt","Bag of Preparation","Meat on the Bone","Shuriken","DataDisk","Letter Opener","Sundial","Gremlin Horn"],"potions_floor_usage":[25,56,56,56,56],"damage_taken":[{"damage":0,"enemies":"Jaw Worm","floor":1,"turns":3},{"damage":0,"enemies":"2 Louse","floor":3,"turns":2},{"damage":0,"enemies":"Small Slimes","floor":4,"turns":2},{"damage":10,"enemies":"Exordium Wildlife","floor":5,"turns":3},{"damage":0,"enemies":"Lagavulin","floor":6,"turns":6},{"damage":0,"enemies":"3 Sentries","floor":8,"turns":4},{"damage":0,"enemies":"Gremlin Nob","floor":10,"turns":4},{"damage":0,"enemies":"Lagavulin","floor":14,"turns":5},{"damage":0,"enemies":"The Guardian","floor":16,"turns":11},{"damage":11,"enemies":"2 Thieves","floor":18,"turns":3},{"damage":0,"enemies":"Colosseum Slavers","floor":19,"turns":3},{"damage":0,"enemies":"Colosseum Nobs","floor":19,"turns":3},{"damage":14,"enemies":"Slavers","floor":22,"turns":3},{"damage":0,"enemies":"Book of Stabbing","floor":23,"turns":5},{"damage":0,"enemies":"Gremlin Leader","floor":24,"turns":5},{"damage":14,"enemies":"Slavers","floor":25,"turns":2},{"damage":0,"enemies":"Gremlin Leader","floor":28,"turns":4},{"damage":0,"enemies":"Spheric Guardian","floor":29,"turns":2},{"damage":0,"enemies":"Slavers","floor":30,"turns":1},{"damage":0,"enemies":"Collector","floor":33,"turns":4},{"damage":0,"enemies":"3 Darklings","floor":35,"turns":1},{"damage":0,"enemies":"Orb Walker","floor":37,"turns":2},{"damage":0,"enemies":"4 Shapes","floor":38,"turns":2},{"damage":0,"enemies":"Spire Growth","floor":39,"turns":3},{"damage":0,"enemies":"Giant Head","floor":40,"turns":4},{"damage":0,"enemies":"Reptomancer","floor":42,"turns":2},{"damage":0,"enemies":"Nemesis","floor":46,"turns":3},{"damage":0,"enemies":"Giant Head","floor":48,"turns":1},{"damage":0,"enemies":"Donu and Deca","floor":50,"turns":2},{"damage":12,"enemies":"Time Eater","floor":51,"turns":5},{"damage":0,"enemies":"Shield and Spear","floor":55,"turns":1},{"damage":0,"enemies":"The Heart","floor":56,"turns":7}],"seed_played":"7187239871825804607","potions_obtained":[{"floor":3,"key":"SpeedPotion"},{"floor":4,"key":"FairyPotion"},{"floor":8,"key":"Dexterity Potion"},{"floor":24,"key":"PowerPotion"},{"floor":33,"key":"Dexterity Potion"},{"floor":37,"key":"Swift Potion"},{"floor":42,"key":"LiquidBronze"},{"floor":46,"key":"FocusPotion"}],"is_trial":true,"path_per_floor":["M","?","M","M","M","E","?","E","T","E","$","R","$","E","R","B",null,"M","?","$","?","E","E","E","E","T","R","E","M","E","T","R","B",null,"M","$","M","M","M","E","?","E","T","$","?","E","R","E","R","B","B",null,"R","$","E","B",null],"character_chosen":"DEFECT","items_purchased":["PreservedInsect","Heatsinks","Potion Belt","FocusPotion","Bag of Preparation","Coolheaded+1","Static Discharge"],"campfire_rested":1,"item_purchase_floors":[11,44,44,44,44,54,54],"current_hp_per_floor":[64,43,43,43,33,33,33,33,33,33,33,33,33,33,33,33,62,51,51,51,51,37,37,37,23,23,59,59,59,59,66,66,66,75,75,75,75,75,75,75,75,75,75,75,75,75,75,75,75,78,66,75,75,75,75,78],"gold":52,"neow_bonus":"","is_prod":false,"is_daily":false,"chose_seed":false,"campfire_upgraded":5,"win_rate":0,"timestamp":1549488129,"path_taken":["M","?","M","M","M","E","?","E","T","E","?","R","$","E","R","BOSS","M","?","$","?","?","E","E","E","T","R","E","M","E","?","R","BOSS","M","$","M","M","?","E","?","E","T","$","?","E","R","?","R","BOSS","BOSS","R","$","E","BOSS"],"build_version":"2019-01-23","purchased_purges":1,"victory":true,"max_hp_per_floor":[71,71,71,71,71,71,71,71,71,71,71,71,71,71,71,71,71,71,71,71,71,71,71,71,71,71,71,71,71,71,78,78,78,78,78,78,78,78,78,78,78,78,78,78,78,78,78,78,78,78,78,78,78,78,78,78],"card_choices":[{"not_picked":["Hologram","Gash","Chill"],"picked":"SKIP","floor":1},{"not_picked":["Steam","Force Field"],"picked":"Cold Snap","floor":3},{"not_picked":["Sweeping Beam","Steam Power"],"picked":"Biased Cognition","floor":4},{"not_picked":["Recycle","Darkness","Conserve Battery"],"picked":"SKIP","floor":5},{"not_picked":["Echo Form","All For One"],"picked":"Electrodynamics","floor":6},{"not_picked":["Creative AI","Meteor Strike"],"picked":"Echo Form","floor":8},{"not_picked":["Rainbow","Hyperbeam"],"picked":"Fission","floor":10},{"not_picked":["Machine Learning","Meteor Strike"],"picked":"Rainbow","floor":14},{"not_picked":["Thunder Strike","Hyperbeam"],"picked":"Core Surge","floor":16},{"not_picked":["Sunder","Recycle","Compile Driver"],"picked":"SKIP","floor":18},{"not_picked":["Meteor Strike","Core Surge"],"picked":"Fission+1","floor":22},{"not_picked":["Buffer","Machine Learning","Echo Form"],"picked":"Seek+1","floor":23},{"not_picked":["Core Surge","Reboot+1","Creative AI"],"picked":"Fission+1","floor":24},{"not_picked":["Core Surge","Amplify+1","All For One","Multi-Cast+1"],"picked":"SKIP","floor":25},{"not_picked":["Fission+1","Hyperbeam","Rainbow+1"],"picked":"Thunder Strike","floor":28},{"not_picked":["Gash","Cold Snap","Doom and Gloom"],"picked":"Storm","floor":29},{"not_picked":["Hyperbeam","Biased Cognition","Thunder Strike","Reboot+1"],"picked":"SKIP","floor":30},{"not_picked":["Steam+1","Cold Snap+1","Stack+1"],"picked":"Leap+1","floor":35},{"not_picked":["BootSequence+1","Consume+1","Reinforced Body+1"],"picked":"Recycle+1","floor":37},{"not_picked":["Ball Lightning","Compile Driver","Turbo+1"],"picked":"Reinforced Body+1","floor":38},{"not_picked":["Leap+1","Barrage","Conserve Battery+1"],"picked":"Coolheaded+1","floor":39},{"not_picked":["Hyperbeam","Rainbow+1","Thunder Strike"],"picked":"Creative AI","floor":40},{"not_picked":["Deep Breath+1","Discovery+1","Thinking Ahead+1"],"picked":"Panacea+1","floor":41},{"not_picked":["Electrodynamics","Reboot+1","Fission+1"],"picked":"Biased Cognition","floor":42},{"not_picked":["Electrodynamics","Fission+1","Amplify+1"],"picked":"Buffer","floor":46},{"not_picked":["Meteor Strike","Core Surge","Buffer","Multi-Cast+1"],"picked":"SKIP","floor":48},{"not_picked":["Core Surge","Electrodynamics","Seek+1"],"picked":"Rainbow+1","floor":55}],"player_experience":2163806,"relics_obtained":[{"floor":6,"key":"FossilizedHelix"},{"floor":8,"key":"Happy Flower"},{"floor":9,"key":"War Paint"},{"floor":10,"key":"Omamori"},{"floor":14,"key":"Ice Cream"},{"floor":17,"key":"Darkstone Periapt"},{"floor":17,"key":"Pen Nib"},{"floor":17,"key":"Incense Burner"},{"floor":19,"key":"WingedGreaves"},{"floor":19,"key":"Cables"},{"floor":22,"key":"Question Card"},{"floor":23,"key":"Regal Pillow"},{"floor":24,"key":"Vajra"},{"floor":25,"key":"Bottled Lightning"},{"floor":28,"key":"Mummified Hand"},{"floor":30,"key":"Orichalcum"},{"floor":31,"key":"Strawberry"},{"floor":40,"key":"Whetstone"},{"floor":40,"key":"Prayer Wheel"},{"floor":42,"key":"Pantograph"},{"floor":42,"key":"Anchor"},{"floor":43,"key":"Mercury Hourglass"},{"floor":46,"key":"Meat on the Bone"},{"floor":46,"key":"Shuriken"},{"floor":48,"key":"DataDisk"},{"floor":48,"key":"Letter Opener"},{"floor":55,"key":"Sundial"},{"floor":55,"key":"Gremlin Horn"}],"event_choices":[{"damage_healed":0,"gold_gain":0,"player_choice":"Entered Light","damage_taken":21,"max_hp_gain":0,"max_hp_loss":0,"event_name":"Shining Light","floor":2,"gold_loss":0,"cards_upgraded":["Coolheaded","Leap"]},{"damage_healed":0,"gold_gain":0,"player_choice":"Ignored","damage_taken":0,"max_hp_gain":0,"max_hp_loss":0,"event_name":"Golden Idol","floor":7,"gold_loss":0},{"damage_healed":0,"gold_gain":0,"player_choice":"Fight","damage_taken":0,"max_hp_gain":0,"max_hp_loss":0,"event_name":"Colosseum","floor":19,"gold_loss":0},{"damage_healed":0,"gold_gain":0,"player_choice":"Fought Nobs","damage_taken":0,"max_hp_gain":0,"max_hp_loss":0,"event_name":"Colosseum","floor":19,"gold_loss":0},{"damage_healed":0,"gold_gain":0,"player_choice":"Obtained Relic","damage_taken":0,"relics_obtained":["Toxic Egg 2"],"max_hp_gain":0,"max_hp_loss":0,"event_name":"Addict","floor":21,"gold_loss":85},{"damage_healed":0,"gold_gain":0,"player_choice":"Memory 1","damage_taken":0,"max_hp_gain":0,"max_hp_loss":0,"event_name":"SensoryStone","floor":41,"gold_loss":0},{"damage_healed":0,"gold_gain":0,"player_choice":"Upgrade","damage_taken":0,"max_hp_gain":0,"max_hp_loss":0,"event_name":"Designer","floor":45,"gold_loss":50,"cards_upgraded":["Heatsinks"]}],"is_beta":false,"boss_relics":[{"not_picked":["Velvet Choker","Coffee Dripper"],"picked":"Calling Bell"},{"not_picked":["Lizard Tail","Eternal Feather"],"picked":"Black Star"}],"items_purged_floors":[20],"is_endless":false,"potions_floor_spawned":[3,4,8,10,16,19,19,22,24,33,37,38,42,46],"ascension_level":20}