{"gold_per_floor":[116,132,132,97,22,51,69,104,104,129,129,129,149,165,165,264,264,275,81,81,81,1,35,35,35,61,72,92,119,119,134,134,233,233,250,550,569,175,175,175,203,203,203,236,236,252,272,284,284,284],"floor_reached":51,"playtime":2610,"items_purged":["Strike_B","Strike_B"],"score":902,"play_id":"119b58b5-8dd6-4302-8b9b-986aea52f52a","local_time":"20190401033136","is_ascension_mode":true,"campfire_choices":[{"floor":12.0,"key":"REST"},{"floor":15.0,"key":"REST"},{"data":"Sunder","floor":24.0,"key":"SMITH"},{"floor":30.0,"key":"REST"},{"floor":32.0,"key":"REST"},{"data":"Capacitor","floor":40.0,"key":"SMITH"},{"data":"Consume","floor":42.0,"key":"SMITH"},{"floor":45.0,"key":"REST"},{"floor":49.0,"key":"REST"}],"neow_cost":"NONE","seed_source_timestamp":138561207417523,"circlet_count":0,"master_deck":["Strike_B+1","Defend_B","Defend_B","Defend_B","Defend_B","Zap","Dualcast","Rainbow+1","Beam Cell","Consume+1","Sunder+1","Go for the Eyes","Darkness","Gash","Steam","Darkness","Hyperbeam","Conserve Battery+1","Redo","Capacitor+1","Barrage+1","Redo","Chill","Hologram+1","Echo Form","Leap","Force Field+1","Defragment","Magnetism","Coolheaded","Streamline+1","Capacitor+1","Go for the Eyes+1"],"special_seed":0,"relics":["Cracked Core","Blue Candle","Sundial","Lantern","Symbiotic Virus","Letter Opener","Sozu","Oddly Smooth Stone","MutagenicStrength","Bronze Scales","Pen Nib","Pocketwatch","Strawberry","Juzu Bracelet","Busted Crown","Cables","Bottled Tornado","Blood Vial"],"potions_floor_usage":[],"damage_taken":[{"damage":0.0,"enemies":"Small Slimes","floor":1.0,"turns":3.0},{"damage":6.0,"enemies":"Jaw Worm","floor":2.0,"turns":3.0},{"damage":20.0,"enemies":"Lagavulin","floor":6.0,"turns":6.0},{"damage":0.0,"enemies":"2 Louse","floor":7.0,"turns":1.0},{"damage":21.0,"enemies":"Gremlin Nob","floor":8.0,"turns":4.0},{"damage":16.0,"enemies":"Lagavulin","floor":10.0,"turns":5.0},{"damage":8.0,"enemies":"Exordium Thugs","floor":13.0,"turns":2.0},{"damage":0.0,"enemies":"Exordium Wildlife","floor":14.0,"turns":1.0},{"damage":0.0,"enemies":"Slime Boss","floor":16.0,"turns":6.0},{"damage":12.0,"enemies":"2 Thieves","floor":18.0,"turns":3.0},{"damage":19.0,"enemies":"Book of Stabbing","floor":23.0,"turns":5.0},{"damage":0.0,"enemies":"3 Byrds","floor":27.0,"turns":3.0},{"damage":2.0,"enemies":"Sentry and Sphere","floor":28.0,"turns":3.0},{"damage":33.0,"enemies":"Gremlin Leader","floor":29.0,"turns":5.0},{"damage":17.0,"enemies":"Centurion and Healer","floor":31.0,"turns":3.0},{"damage":41.0,"enemies":"Automaton","floor":33.0,"turns":11.0},{"damage":2.0,"enemies":"3 Shapes","floor":35.0,"turns":3.0},{"damage":18.0,"enemies":"Orb Walker","floor":37.0,"turns":3.0},{"damage":13.0,"enemies":"Giant Head","floor":41.0,"turns":8.0},{"damage":15.0,"enemies":"Reptomancer","floor":44.0,"turns":5.0},{"damage":1.0,"enemies":"3 Darklings","floor":46.0,"turns":3.0},{"damage":0.0,"enemies":"Transient","floor":47.0,"turns":5.0},{"damage":10.0,"enemies":"Spire Growth","floor":48.0,"turns":5.0},{"damage":41,"enemies":"Time Eater","floor":50,"turns":8}],"seed_played":"-8254090419611973011","potions_obtained":[{"floor":1.0,"key":"Dexterity Potion"},{"floor":2.0,"key":"Swift Potion"},{"floor":7.0,"key":"AttackPotion"},{"floor":10.0,"key":"Explosive Potion"},{"floor":13.0,"key":"AttackPotion"}],"is_trial":false,"path_per_floor":["M","M","?","?","$","E","M","E","T","E","?","R","M","M","R","B",null,"M","$","?","T","$","E","R","?","T","M","M","E","R","M","R","B",null,"M","?","M","$","?","R","E","R","T","E","R","M","M","M","R","B",null],"character_chosen":"DEFECT","items_purchased":["Redo","Oddly Smooth Stone","Capacitor","Defragment","Magnetism","Coolheaded"],"campfire_rested":6,"item_purchase_floors":[19,19,22,38,38,38],"current_hp_per_floor":[75,69,57,75,75,55,55,34,34,18,3,25,17,17,39,39,75,63,63,63,63,63,44,44,44,51,51,49,16,40,23,47,6,82,80,80,62,62,62,62,49,49,49,34,58,59,61,53,77,38],"gold":284,"neow_bonus":"ONE_RANDOM_RARE_CARD","is_prod":false,"is_daily":false,"chose_seed":false,"campfire_upgraded":3,"win_rate":0,"timestamp":1554082296,"path_taken":["M","M","?","?","?","E","?","E","T","E","?","R","M","M","R","BOSS","M","$","?","?","$","E","R","?","T","M","?","E","R","M","R","BOSS","M","?","M","$","?","R","E","R","T","E","R","M","M","M","R","BOSS"],"build_version":"2019-01-23","purchased_purges":2,"victory":true,"max_hp_per_floor":[75,75,75,75,75,75,75,75,75,75,75,75,75,75,75,75,75,75,75,75,75,75,75,75,75,82,82,82,82,82,82,82,82,82,82,82,82,82,82,82,82,82,82,82,82,82,82,82,82,82],"card_choices":[{"not_picked":["Fusion","Coolheaded"],"picked":"Beam Cell","floor":1.0},{"not_picked":["Scrape","Reinforced Body"],"picked":"Consume","floor":2.0},{"not_picked":["Tempest","Skim"],"picked":"Sunder","floor":6.0},{"not_picked":["Sunder","Chill"],"picked":"Go for the Eyes","floor":7.0},{"not_picked":["Hello World","Storm"],"picked":"Darkness","floor":8.0},{"not_picked":["Steam","Compile Driver"],"picked":"Gash","floor":10.0},{"not_picked":["Ball Lightning","Cold Snap"],"picked":"Steam","floor":13.0},{"not_picked":["Turbo","Darkness","Fission"],"picked":"SKIP","floor":14.0},{"not_picked":["Turbo","Fission"],"picked":"Darkness","floor":14.0},{"not_picked":["Fission","Amplify"],"picked":"Hyperbeam","floor":16.0},{"not_picked":["Hello World","Steam"],"picked":"Conserve Battery+1","floor":18.0},{"not_picked":["Consume","Cold Snap"],"picked":"Stack","floor":23.0},{"not_picked":["Sweeping Beam+1","Ball Lightning"],"picked":"Barrage+1","floor":27.0},{"not_picked":["Rip and Tear+1","Compile Driver"],"picked":"Redo","floor":28.0},{"not_picked":["Recycle","Rip and Tear+1"],"picked":"Chill","floor":29.0},{"not_picked":["Hyperbeam","Darkness+1"],"picked":"Hologram+1","floor":31.0},{"not_picked":["Creative AI","Reboot"],"picked":"Echo Form","floor":33.0},{"not_picked":[],"picked":"Leap","floor":35.0},{"not_picked":[],"picked":"Force Field+1","floor":37.0},{"not_picked":[],"picked":"Streamline+1","floor":41.0},{"not_picked":[],"picked":"Capacitor+1","floor":44.0},{"not_picked":[],"picked":"Go for the Eyes+1","floor":46.0},{"not_picked":["Steam Power+1"],"picked":"SKIP","floor":47.0},{"not_picked":["Turbo"],"picked":"SKIP","floor":48.0}],"player_experience":665297,"relics_obtained":[{"floor":6.0,"key":"Sundial"},{"floor":8.0,"key":"Lantern"},{"floor":9.0,"key":"Symbiotic Virus"},{"floor":10.0,"key":"Letter Opener"},{"floor":21.0,"key":"Bronze Scales"},{"floor":23.0,"key":"Pen Nib"},{"floor":26.0,"key":"Strawberry"},{"floor":29.0,"key":"Juzu Bracelet"},{"floor":41.0,"key":"Cables"},{"floor":43.0,"key":"Bottled Tornado"},{"floor":44.0,"key":"Blood Vial"}],"event_choices":[{"damage_healed":0.0,"max_hp_gain":0.0,"max_hp_loss":0.0,"gold_gain":0.0,"event_name":"Scrap Ooze","player_choice":"Success","floor":3.0,"gold_loss":0.0,"damage_taken":12.0,"relics_obtained":["Blue Candle"]},{"damage_healed":18.0,"max_hp_gain":0.0,"max_hp_loss":0.0,"gold_gain":0.0,"event_name":"The Cleric","player_choice":"Healed","floor":4.0,"gold_loss":35.0,"damage_taken":0.0},{"damage_healed":0.0,"max_hp_gain":0.0,"max_hp_loss":0.0,"gold_gain":0.0,"event_name":"Shining Light","player_choice":"Entered Light","floor":11.0,"gold_loss":0.0,"damage_taken":15.0,"cards_upgraded":["Rainbow","Strike_B"]},{"damage_healed":0.0,"max_hp_gain":0.0,"max_hp_loss":0.0,"gold_gain":0.0,"event_name":"Drug Dealer","player_choice":"Inject Mutagens","floor":20.0,"gold_loss":0.0,"damage_taken":0.0,"relics_obtained":["MutagenicStrength"]},{"cards_removed":["Stack"],"damage_healed":0.0,"max_hp_gain":0.0,"max_hp_loss":0.0,"gold_gain":0.0,"event_name":"WeMeetAgain","player_choice":"Gave Card","floor":25.0,"gold_loss":0.0,"damage_taken":0.0,"relics_obtained":["Pocketwatch"]},{"damage_healed":0.0,"max_hp_gain":0.0,"max_hp_loss":0.0,"gold_gain":300.0,"event_name":"Wheel of Change","player_choice":"Gold","floor":36.0,"gold_loss":0.0,"damage_taken":0.0},{"cards_removed":["Strike_B"],"damage_healed":0.0,"max_hp_gain":0.0,"max_hp_loss":0.0,"gold_gain":0.0,"event_name":"Falling","player_choice":"Removed Attack","floor":39.0,"gold_loss":0.0,"damage_taken":0.0}],"is_beta":false,"boss_relics":[{"not_picked":["Tiny House","Calling Bell"],"picked":"Sozu"},{"not_picked":["Lizard Tail","Cursed Key"],"picked":"Busted Crown"}],"items_purged_floors":[5,38],"is_endless":false,"potions_floor_spawned":[1,2,7,10,13,27,28,29,37,41,44,46],"ascension_level":1}