{"gold_per_floor":[110,126,126,144,163,193,193,220,246,91,117,131,131,164,164,238,238,251,251,251,95,95,95,121,133,133,8,8,8,8,40,40,114,114,130,140,157,157,7,7,17,42,42,55,87,87,98,116,116,116,116],"floor_reached":52,"playtime":2571,"items_purged":["Strike_G","Writhe","Strike_G","Dagger Spray"],"score":1886,"play_id":"2ee6c8f6-ebee-42eb-a725-eb897608d637","local_time":"20181224131855","is_ascension_mode":true,"campfire_choices":[{"data":"A Thousand Cuts","floor":7.0,"key":"SMITH"},{"data":"Cloak And Dagger","floor":13.0,"key":"SMITH"},{"data":"Neutralize","floor":15.0,"key":"SMITH"},{"floor":23.0,"key":"REST"},{"floor":28.0,"key":"RECALL"},{"floor":30.0,"key":"REST"},{"floor":32,"key":"REST"},{"floor":40,"key":"REST"},{"floor":49,"key":"REST"}],"neow_cost":"NONE","seed_source_timestamp":10374608692618,"circlet_count":0,"master_deck":["AscendersBane","Defend_G","Defend_G+1","Defend_G","Defend_G+1","Survivor","Neutralize+1","All Out Attack","Dash","Infinite Blades","A Thousand Cuts+1","Finisher","Infinite Blades","Cloak And Dagger+1","After Image","Malaise","A Thousand Cuts","Venomology","After Image","Cloak And Dagger+1","Acrobatics+1","Terror","Clumsy","Well Laid Plans"],"special_seed":0,"relics":["Ring of the Snake","NeowsBlessing","Happy Flower","War Paint","Blood Vial","Strawberry","Fusion Hammer","Pocketwatch","Oddly Smooth Stone","Incense Burner","PreservedInsect","Cursed Key","Bag of Preparation","Vajra","Mummified Hand"],"potions_floor_usage":[31,33,35,36,37,41,44,44,48,50,50,51,51],"damage_taken":[{"damage":0.0,"enemies":"Jaw Worm","floor":1.0,"turns":1.0},{"damage":0.0,"enemies":"Cultist","floor":2.0,"turns":1.0},{"damage":0.0,"enemies":"2 Louse","floor":4.0,"turns":1.0},{"damage":3.0,"enemies":"Blue Slaver","floor":5.0,"turns":5.0},{"damage":15.0,"enemies":"3 Sentries","floor":6.0,"turns":5.0},{"damage":11.0,"enemies":"Lagavulin","floor":8.0,"turns":8.0},{"damage":0.0,"enemies":"Lots of Slimes","floor":12.0,"turns":1.0},{"damage":8.0,"enemies":"3 Sentries","floor":14.0,"turns":3.0},{"damage":7.0,"enemies":"Hexaghost","floor":16.0,"turns":9.0},{"damage":7.0,"enemies":"Chosen","floor":18.0,"turns":5.0},{"damage":25.0,"enemies":"Slavers","floor":24.0,"turns":4.0},{"damage":2.0,"enemies":"Shell Parasite","floor":25.0,"turns":6.0},{"damage":5,"enemies":"Book of Stabbing","floor":31,"turns":7},{"damage":33,"enemies":"Collector","floor":33,"turns":11},{"damage":12,"enemies":"3 Darklings","floor":35,"turns":4},{"damage":16,"enemies":"Orb Walker","floor":36,"turns":4},{"damage":41,"enemies":"Jaw Worm Horde","floor":37,"turns":5},{"damage":0,"enemies":"Maw","floor":41,"turns":6},{"damage":1,"enemies":"Giant Head","floor":42,"turns":7},{"damage":0,"enemies":"Writhing Mass","floor":44,"turns":5},{"damage":11,"enemies":"Reptomancer","floor":45,"turns":5},{"damage":0,"enemies":"Spire Growth","floor":47,"turns":4},{"damage":9,"enemies":"4 Shapes","floor":48,"turns":4},{"damage":13,"enemies":"Time Eater","floor":50,"turns":12},{"damage":6,"enemies":"Donu and Deca","floor":51,"turns":10}],"seed_played":"546153428102717659","potions_obtained":[{"floor":1.0,"key":"Explosive Potion"},{"floor":6.0,"key":"Swift Potion"},{"floor":12.0,"key":"EssenceOfSteel"},{"floor":18.0,"key":"FearPotion"},{"floor":31,"key":"Block Potion"},{"floor":33,"key":"GhostInAJar"},{"floor":35,"key":"EssenceOfSteel"},{"floor":47,"key":"Swift Potion"},{"floor":48,"key":"Block Potion"}],"is_trial":false,"path_per_floor":["M","M","?","M","M","E","R","E","T","$","T","M","R","E","R","B",null,"M","?","?","$","?","R","E","M","T","$","R","$","R","E","R","B",null,"M","M","M","?","$","R","M","E","T","M","E","?","M","M","R","B","B",null],"character_chosen":"THE_SILENT","items_purchased":["Infinite Blades","Strength Potion"],"campfire_rested":5,"item_purchase_floors":[10,21],"current_hp_per_floor":[59,59,59,59,56,41,41,30,30,30,30,32,32,33,33,28,62,57,57,57,57,57,73,48,48,48,48,48,48,69,66,73,40,65,55,41,2,2,2,23,25,26,26,28,19,19,21,14,35,24,20],"gold":116,"neow_bonus":"THREE_ENEMY_KILL","is_prod":false,"is_daily":false,"chose_seed":false,"campfire_upgraded":3,"win_rate":0,"timestamp":1545628735,"path_taken":["M","M","?","M","M","E","R","E","T","$","?","M","R","E","R","BOSS","M","?","?","$","?","R","E","M","T","?","R","$","R","E","R","BOSS","M","M","?","?","$","R","M","E","T","M","E","?","?","M","R","BOSS","BOSS"],"build_version":"2018-12-20","purchased_purges":4,"victory":true,"max_hp_per_floor":[66,66,66,66,66,66,66,66,66,66,66,66,66,73,73,73,73,73,73,73,73,73,73,73,73,73,73,73,73,73,73,73,73,73,73,73,73,73,73,73,73,73,73,73,73,73,73,73,73,73,73],"card_choices":[{"not_picked":["Caltrops","Flying Knee"],"picked":"All Out Attack","floor":1.0},{"not_picked":["Choke","PiercingWail"],"picked":"Well Laid Plans","floor":2.0},{"not_picked":["Slice","Cloak And Dagger"],"picked":"Dash","floor":4.0},{"not_picked":["Leg Sweep","Sucker Punch"],"picked":"Infinite Blades","floor":5.0},{"not_picked":["Concentrate","Night Terror"],"picked":"A Thousand Cuts","floor":6.0},{"not_picked":["Underhanded Strike","Outmaneuver"],"picked":"Finisher","floor":8.0},{"not_picked":["Flying Knee","Choke"],"picked":"Cloak And Dagger","floor":12.0},{"not_picked":["Masterful Stab","Outmaneuver","Expertise"],"picked":"SKIP","floor":14.0},{"not_picked":["Bullet Time","Storm of Steel"],"picked":"After Image","floor":16.0},{"not_picked":["Backflip","Noxious Fumes","Riddle With Holes"],"picked":"SKIP","floor":18.0},{"not_picked":["Underhanded Strike","Backstab","Noxious Fumes"],"picked":"SKIP","floor":24.0},{"not_picked":["Underhanded Strike","Backstab","Noxious Fumes"],"picked":"SKIP","floor":24.0},{"not_picked":["Blade Dance","Bane","Dagger Spray"],"picked":"SKIP","floor":25.0},{"not_picked":["Infinite Blades","Blur"],"picked":"Venomology","floor":31},{"not_picked":["Burst","Glass Knife"],"picked":"After Image","floor":33},{"not_picked":["Blade Dance","Underhanded Strike"],"picked":"Cloak And Dagger+1","floor":35},{"not_picked":["Backstab","Predator+1"],"picked":"Acrobatics+1","floor":36},{"not_picked":["Leg Sweep","Dodge and Roll"],"picked":"Terror","floor":37},{"not_picked":["Deflect","PiercingWail","Riddle With Holes+1"],"picked":"SKIP","floor":41},{"not_picked":["Eviscerate+1","Dagger Spray","Deflect"],"picked":"SKIP","floor":42},{"not_picked":["Masterful Stab","Dagger Spray","Sucker Punch"],"picked":"SKIP","floor":44},{"not_picked":["Dagger Spray+1","Quick Slash","Blade Dance"],"picked":"SKIP","floor":45},{"not_picked":["Terror+1","Die Die Die","Sucker Punch+1"],"picked":"SKIP","floor":47},{"not_picked":["Acrobatics+1","PiercingWail"],"picked":"Well Laid Plans","floor":48}],"player_experience":2429114,"relics_obtained":[{"floor":8.0,"key":"Happy Flower"},{"floor":9.0,"key":"War Paint"},{"floor":11.0,"key":"Blood Vial"},{"floor":14.0,"key":"Strawberry"},{"floor":24.0,"key":"Oddly Smooth Stone"},{"floor":26.0,"key":"Incense Burner"},{"floor":31,"key":"PreservedInsect"},{"floor":42,"key":"Bag of Preparation"},{"floor":43,"key":"Vajra"},{"floor":45,"key":"Mummified Hand"}],"event_choices":[{"damage_healed":0.0,"max_hp_gain":0.0,"max_hp_loss":0.0,"gold_gain":0.0,"cards_transformed":["Strike_G"],"event_name":"Transmorgrifier","player_choice":"Transformed","floor":3.0,"gold_loss":0.0,"damage_taken":0.0,"cards_obtained":["Dagger Spray"]},{"damage_healed":0.0,"max_hp_gain":0.0,"max_hp_loss":0.0,"gold_gain":0.0,"event_name":"The Mausoleum","player_choice":"Opened","floor":19.0,"gold_loss":0.0,"damage_taken":0.0,"relics_obtained":["Pocketwatch"],"cards_obtained":["Writhe"]},{"damage_healed":0.0,"max_hp_gain":0.0,"max_hp_loss":0.0,"gold_gain":0.0,"cards_transformed":["Strike_G","Strike_G"],"event_name":"Drug Dealer","player_choice":"Became Test Subject","floor":20.0,"gold_loss":0.0,"damage_taken":0.0,"cards_obtained":["Malaise","A Thousand Cuts"]},{"damage_healed":0.0,"max_hp_gain":0.0,"max_hp_loss":0.0,"gold_gain":0.0,"event_name":"Vampires","player_choice":"Ignored","floor":22.0,"gold_loss":0.0,"damage_taken":0.0},{"cards_removed":["Well Laid Plans"],"damage_healed":0,"gold_gain":0,"player_choice":"Removed Power","damage_taken":0,"max_hp_gain":0,"max_hp_loss":0,"event_name":"Falling","floor":38,"gold_loss":0},{"cards_removed":["Defend_G"],"damage_healed":0,"gold_gain":0,"player_choice":"Purged","damage_taken":0,"max_hp_gain":0,"max_hp_loss":0,"event_name":"Purifier","floor":46,"gold_loss":0}],"is_beta":false,"boss_relics":[{"not_picked":["Ring of the Serpent","Eternal Feather"],"picked":"Fusion Hammer"},{"not_picked":["Empty Cage","Busted Crown"],"picked":"Cursed Key"}],"items_purged_floors":[10,21,27,39],"is_endless":false,"potions_floor_spawned":[1,6,12,18,31,33,35,37,47,48],"ascension_level":20}