{"gold_per_floor":[111,34,34,209,225,225,239,263,263,263,284,299,329,343,343,474,474,489,489,489,489,489,489,506,524,524,367,367,377,377,396,396,499,529,541,541,261,277,291,291,304,304,377,406,418,429,449,449],"floor_reached":48,"playtime":2183,"items_purged":["Doubt","Strike_G"],"score":604,"play_id":"277810af-03a1-4a2a-899a-eb2727ef539f","local_time":"20180719224753","is_ascension_mode":true,"campfire_choices":[{"floor":6,"key":"REST"},{"data":"Noxious Fumes","floor":10,"key":"SMITH"},{"data":"Burst","floor":15,"key":"SMITH"},{"data":"Deadly Poison","floor":23,"key":"SMITH"},{"data":"Catalyst","floor":28,"key":"SMITH"},{"floor":32,"key":"REST"},{"floor":40,"key":"REST"},{"floor":42,"key":"REST"}],"neow_cost":"FIFTY_PERCENT_DAMAGE","seed_source_timestamp":52372715859845,"circlet_count":0,"master_deck":["Defend_G","Defend_G","Defend_G","Defend_G","Defend_G","Strike_G+1","Strike_G","Strike_G+1","Strike_G+1","Survivor","Neutralize","Corpse Explosion+1","Deadly Poison+1","Noxious Fumes+1","Injury","Well Laid Plans","Setup","Burst+1","Adrenaline","Dodge and Roll","Catalyst+1","Noxious Fumes","Acrobatics+1","Bullet Time","Deadly Poison","Madness","Madness","PiercingWail","Dodge and Roll+1","Deadly Poison+1","Acrobatics+1","Catalyst+1","Blur+1"],"relics":["Ring of the Serpent","Bloody Idol","Whetstone","NlothsMask","Mercury Hourglass","Tiny House","Orichalcum","Matryoshka","Question Card"],"potions_floor_usage":[12,24,25,25,31,33,39,44,46,48,48],"damage_taken":[{"damage":8,"enemies":"Small Slimes","floor":1,"turns":5},{"damage":5,"enemies":"Jaw Worm","floor":5,"turns":5},{"damage":0,"enemies":"Cultist","floor":7,"turns":4},{"damage":0,"enemies":"3 Louse","floor":8,"turns":4},{"damage":1,"enemies":"Large Slime","floor":11,"turns":6},{"damage":13,"enemies":"Exordium Wildlife","floor":12,"turns":4},{"damage":0,"enemies":"3 Louse","floor":14,"turns":2},{"damage":26,"enemies":"Hexaghost","floor":16,"turns":10},{"damage":9,"enemies":"3 Byrds","floor":18,"turns":4},{"damage":0,"enemies":"Chosen","floor":24,"turns":5},{"damage":13,"enemies":"Snake Plant","floor":25,"turns":4},{"damage":7,"enemies":"3 Cultists","floor":29,"turns":3},{"damage":10,"enemies":"Centurion and Healer","floor":31,"turns":4},{"damage":44,"enemies":"Collector","floor":33,"turns":7},{"damage":20,"enemies":"3 Shapes","floor":35,"turns":4},{"damage":12,"enemies":"Orb Walker","floor":38,"turns":4},{"damage":21,"enemies":"Maw","floor":39,"turns":6},{"damage":24,"enemies":"Spire Growth","floor":41,"turns":4},{"damage":39,"enemies":"2 Orb Walkers","floor":44,"turns":4},{"damage":22,"enemies":"Transient","floor":45,"turns":5},{"damage":0,"enemies":"3 Darklings","floor":46,"turns":3},{"damage":11,"enemies":"Spire Growth","floor":47,"turns":5},{"damage":9,"enemies":"Nemesis","floor":48,"turns":1}],"seed_played":"99021144402948083","potions_obtained":[{"floor":5,"key":"GamblersBrew"},{"floor":8,"key":"Dexterity Potion"},{"floor":11,"key":"EntropicBrew"},{"floor":12,"key":"Ancient Potion"},{"floor":24,"key":"Weak Potion"},{"floor":25,"key":"GhostInAJar"},{"floor":33,"key":"EssenceOfSteel"},{"floor":34,"key":"FairyPotion"},{"floor":38,"key":"Block Potion"},{"floor":44,"key":"Strength Potion"},{"floor":45,"key":"GhostInAJar"},{"floor":46,"key":"Poison Potion"}],"is_trial":false,"path_per_floor":["M","$","?","?","M","R","M","M","T","R","M","M","?","M","R","B",null,"M","?","?","?","?","R","M","M","T","$","R","M","T","M","R","B",null,"M","?","$","M","M","R","M","R","T","E","M","M","M"],"character_chosen":"THE_SILENT","items_purchased":["Noxious Fumes","Noxious Fumes","Orichalcum","PiercingWail"],"campfire_rested":4,"item_purchase_floors":[2,27,37,37],"current_hp_per_floor":[27,27,27,27,22,43,43,43,43,43,42,29,29,29,29,3,53,44,44,44,44,44,44,49,41,41,41,41,39,39,34,55,16,63,48,39,39,32,16,38,19,41,46,12,7,12,6,0],"gold":449,"neow_bonus":"THREE_RARE_CARDS","is_prod":false,"is_daily":false,"chose_seed":false,"campfire_upgraded":4,"win_rate":0,"timestamp":1532033273,"path_taken":["M","$","?","?","M","R","M","M","T","R","M","?","?","M","R","BOSS","M","?","?","?","?","R","M","M","T","$","R","M","?","M","R","BOSS","M","?","$","?","M","R","M","R","T","E","M","M","M","E"],"build_version":"2018-07-12","purchased_purges":2,"victory":false,"max_hp_per_floor":[70,70,70,70,70,70,70,70,70,70,70,70,70,70,70,70,70,70,70,70,70,70,70,70,70,70,70,70,70,70,70,70,70,75,75,75,75,75,75,75,75,75,75,75,75,75,75,75],"card_choices":[{"not_picked":["Die Die Die","Tactician"],"picked":"Corpse Explosion","floor":0},{"not_picked":["Acrobatics","Expertise"],"picked":"Deadly Poison","floor":1},{"not_picked":["Deflect","Choke"],"picked":"Well Laid Plans","floor":5},{"not_picked":["Predator","Quick Slash","Outmaneuver"],"picked":"SKIP","floor":7},{"not_picked":["Outmaneuver","Acrobatics","Quick Slash"],"picked":"SKIP","floor":8},{"not_picked":["Wraith Form v2","Quick Slash"],"picked":"Setup","floor":11},{"not_picked":["Dagger Throw","Acrobatics","Outmaneuver"],"picked":"SKIP","floor":12},{"not_picked":["Dagger Spray","Sucker Punch"],"picked":"Burst","floor":14},{"not_picked":["Night Terror","Die Die Die"],"picked":"Adrenaline","floor":16},{"not_picked":["Riddle With Holes","Outmaneuver"],"picked":"Dodge and Roll","floor":18},{"not_picked":["Expertise","Bane"],"picked":"Catalyst","floor":24},{"not_picked":["Underhanded Strike+1","Dodge and Roll","Concentrate"],"picked":"SKIP","floor":25},{"not_picked":["Quick Slash","Dagger Spray","Cloak And Dagger"],"picked":"SKIP","floor":29},{"not_picked":["Underhanded Strike","Infinite Blades+1"],"picked":"Acrobatics+1","floor":31},{"not_picked":["Wraith Form v2","Unload"],"picked":"Bullet Time","floor":33},{"not_picked":["Dagger Throw+1","Dash+1"],"picked":"Deadly Poison","floor":35},{"not_picked":["Bane","Concentrate+1"],"picked":"Dodge and Roll+1","floor":38},{"not_picked":["Acrobatics","Riddle With Holes+1","Blade Dance+1"],"picked":"SKIP","floor":39},{"not_picked":["Phantasmal Killer","Reflex+1","Deflect"],"picked":"SKIP","floor":41},{"not_picked":["Dodge and Roll+1","Reflex+1"],"picked":"Deadly Poison+1","floor":44},{"not_picked":["Dagger Throw+1","Flechettes","Quick Slash"],"picked":"Acrobatics+1","floor":45},{"not_picked":["Skewer","Riddle With Holes+1","Poisoned Stab+1"],"picked":"Catalyst+1","floor":46},{"not_picked":["Doppelganger","Leg Sweep","Slice+1"],"picked":"Blur+1","floor":47}],"player_experience":164706,"relics_obtained":[{"floor":9,"key":"Whetstone"},{"floor":30,"key":"Mercury Hourglass"},{"floor":43,"key":"Matryoshka"},{"floor":44,"key":"Question Card"}],"event_choices":[{"event_name":"Golden Idol","player_choice":"Take Wound","floor":3,"damage_taken":0},{"event_name":"Liars Game","player_choice":"agreed","floor":4,"damage_taken":0},{"event_name":"Dead Adventurer","player_choice":"Searched \u00271\u0027 times","floor":13,"damage_taken":0},{"event_name":"Upgrade Shrine","player_choice":"Upgraded","floor":19,"damage_taken":0},{"event_name":"Forgotten Altar","player_choice":"Gave Idol","floor":20,"damage_taken":0},{"event_name":"FaceTrader","player_choice":"Trade","floor":21,"damage_taken":0},{"event_name":"Ghosts","player_choice":"Ignored","floor":22,"damage_taken":0},{"event_name":"Winding Halls","player_choice":"Embrace Madness","floor":36,"damage_taken":0}],"boss_relics":[{"not_picked":["Orrery","Runic Pyramid"],"picked":"Ring of the Serpent"},{"not_picked":["Pandora\u0027s Box","Runic Dome"],"picked":"Tiny House"}],"items_purged_floors":[27,37],"is_endless":false,"potions_floor_spawned":[5,8,11,12,24,25,33,38,44,45,46],"killed_by":"Nemesis","ascension_level":5}