{"gold_per_floor":[118,137,150,75,93,119,119,82,82,108,8,38,55,80,80,80],"floor_reached":16,"playtime":1874,"items_purged":["Defend_G","Strike_G"],"score":132,"play_id":"e3ffb934-66c1-4bb6-bdbb-665f74a44497","local_time":"20190120153602","is_ascension_mode":true,"campfire_choices":[{"data":"Blade Dance","floor":7,"key":"SMITH"},{"data":"Accuracy","floor":15,"key":"SMITH"}],"neow_cost":"NONE","seed_source_timestamp":13062758199738,"circlet_count":0,"master_deck":["Defend_G","Defend_G","Defend_G","Defend_G","Strike_G","Strike_G","Strike_G","Survivor","Neutralize","Calculated Gamble","Dagger Spray","Prepared","Blade Dance+1","Footwork","Outmaneuver","Accuracy+1","Corpse Explosion","Tactician","Deadly Poison"],"relics":["Ring of the Snake","Matryoshka","Blood Vial","Mummified Hand","The Specimen","Dream Catcher","Odd Mushroom"],"potions_floor_usage":[6,6,16,16],"damage_taken":[{"damage":0,"enemies":"Cultist","floor":1,"turns":5},{"damage":4,"enemies":"2 Louse","floor":2,"turns":2},{"damage":3,"enemies":"Small Slimes","floor":3,"turns":3},{"damage":6,"enemies":"Looter","floor":5,"turns":3},{"damage":15,"enemies":"3 Sentries","floor":6,"turns":10},{"damage":10,"enemies":"Gremlin Nob","floor":10,"turns":4},{"damage":7,"enemies":"3 Sentries","floor":12,"turns":4},{"damage":9,"enemies":"Blue Slaver","floor":13,"turns":4},{"damage":5,"enemies":"The Mushroom Lair","floor":14,"turns":2},{"damage":24,"enemies":"Slime Boss","floor":16,"turns":7}],"seed_played":"-4974318033033168395","potions_obtained":[{"floor":3,"key":"AttackPotion"},{"floor":5,"key":"SkillPotion"},{"floor":6,"key":"Weak Potion"},{"floor":12,"key":"LiquidBronze"}],"is_trial":false,"path_per_floor":["M","M","M","$","M","E","R","$","T","E","$","E","M","?","R","B"],"character_chosen":"THE_SILENT","items_purchased":["Accuracy"],"campfire_rested":0,"item_purchase_floors":[8],"current_hp_per_floor":[70,66,63,63,57,42,42,42,42,34,34,29,22,19,19,0],"gold":80,"neow_bonus":"TRANSFORM_CARD","is_prod":false,"is_daily":false,"chose_seed":false,"campfire_upgraded":2,"win_rate":0,"timestamp":1548005762,"path_taken":["M","M","M","?","M","E","R","$","T","E","$","E","M","?","R","BOSS"],"build_version":"2019-01-17v2","purchased_purges":2,"victory":false,"max_hp_per_floor":[70,70,70,70,70,70,70,70,70,70,70,70,70,70,70,70],"card_choices":[{"not_picked":["Backflip","Crippling Poison"],"picked":"Dagger Spray","floor":1},{"not_picked":["Riddle With Holes","Crippling Poison"],"picked":"Prepared","floor":2},{"not_picked":["Predator","Dagger Spray"],"picked":"Blade Dance","floor":3},{"not_picked":["Dodge and Roll","Cloak And Dagger"],"picked":"Footwork","floor":5},{"not_picked":["Slice","Dagger Spray"],"picked":"Outmaneuver","floor":6},{"not_picked":["Prepared","Venomology"],"picked":"Corpse Explosion","floor":10},{"not_picked":["Poisoned Stab","Dodge and Roll"],"picked":"Tactician","floor":12},{"not_picked":["Tactician","Deflect"],"picked":"Deadly Poison","floor":13}],"player_experience":105727,"relics_obtained":[{"floor":6,"key":"Matryoshka"},{"floor":9,"key":"Blood Vial"},{"floor":9,"key":"Mummified Hand"},{"floor":10,"key":"The Specimen"},{"floor":12,"key":"Dream Catcher"},{"floor":14,"key":"Odd Mushroom"}],"event_choices":[{"damage_healed":0,"gold_gain":0,"player_choice":"Fought Mushrooms","damage_taken":0,"max_hp_gain":0,"max_hp_loss":0,"event_name":"Mushrooms","floor":14,"gold_loss":0}],"is_beta":false,"boss_relics":[],"items_purged_floors":[4,11],"is_endless":false,"potions_floor_spawned":[3,5,6,12],"killed_by":"Slime Boss","ascension_level":2}