{"gold_per_floor":[119,138,149,169,120,149,149,176,176,191,156,114,38,38,38,143,193,212,212,5,24,42,42,53,53,53,66,66,66,66,81,81,178,178,188,188,205,205,205],"floor_reached":39,"playtime":3738,"items_purged":[],"score":494,"play_id":"0390d2ad-8016-4de1-8c35-1b68f587e758","local_time":"20190124204055","is_ascension_mode":true,"campfire_choices":[{"floor":7,"key":"REST"},{"data":"Fission","floor":15,"key":"SMITH"},{"data":"Go for the Eyes","floor":23,"key":"SMITH"},{"data":"Dualcast","floor":25,"key":"SMITH"},{"data":"Conserve Battery","floor":28,"key":"SMITH"},{"floor":32,"key":"REST"}],"neow_cost":"NONE","seed_source_timestamp":3109846171478152,"circlet_count":0,"master_deck":["Strike_B","Defend_B","Defend_B+1","Defend_B","Defend_B","Zap+1","Dualcast+1","Hello World","Static Discharge","Genetic Algorithm","Go for the Eyes+1","Ball Lightning","Fission+1","Creative AI+1","Conserve Battery+1","Gash+1","Go for the Eyes+1","Self Repair+1","Writhe","Redo","Amplify","Loop+1"],"relics":["Cracked Core","Singing Bowl","Vajra","Meat on the Bone","Frozen Egg 2","Tiny House","OrangePellets","The Courier","Pocketwatch","Empty Cage"],"potions_floor_usage":[4,8,10,16,22,22,31,37,39],"damage_taken":[{"damage":2,"enemies":"Jaw Worm","floor":1,"turns":2},{"damage":0,"enemies":"Small Slimes","floor":2,"turns":2},{"damage":1,"enemies":"Cultist","floor":3,"turns":3},{"damage":22,"enemies":"Lots of Slimes","floor":4,"turns":3},{"damage":31,"enemies":"Gremlin Nob","floor":6,"turns":4},{"damage":18,"enemies":"Lagavulin","floor":8,"turns":4},{"damage":16,"enemies":"Exordium Wildlife","floor":10,"turns":3},{"damage":12,"enemies":"Hexaghost","floor":16,"turns":7},{"damage":16,"enemies":"Chosen","floor":18,"turns":4},{"damage":18,"enemies":"3 Byrds","floor":21,"turns":2},{"damage":26,"enemies":"Shelled Parasite and Fungi","floor":22,"turns":6},{"damage":9,"enemies":"Snecko","floor":24,"turns":6},{"damage":25,"enemies":"Centurion and Healer","floor":27,"turns":8},{"damage":29,"enemies":"Shelled Parasite and Fungi","floor":31,"turns":6},{"damage":56,"enemies":"Collector","floor":33,"turns":10},{"damage":1,"enemies":"Orb Walker","floor":35,"turns":4},{"damage":16,"enemies":"3 Shapes","floor":37,"turns":5},{"damage":100,"enemies":"2 Orb Walkers","floor":39,"turns":5}],"seed_played":"6727571406329126388","potions_obtained":[{"floor":1,"key":"LiquidBronze"},{"floor":6,"key":"SteroidPotion"},{"floor":8,"key":"Fire Potion"},{"floor":16,"key":"Swift Potion"},{"floor":17,"key":"Weak Potion"},{"floor":21,"key":"Energy Potion"},{"floor":24,"key":"Explosive Potion"},{"floor":33,"key":"Poison Potion"},{"floor":37,"key":"Block Potion"}],"is_trial":false,"path_per_floor":["M","M","M","M","$","E","R","E","T","M","?","?","$","?","R","B",null,"M","?","$","M","M","R","M","R","T","M","R","?","?","M","R","B",null,"M","?","M","$","?"],"character_chosen":"DEFECT","items_purchased":["Ball Lightning","Regen Potion","OrangePellets"],"campfire_rested":2,"item_purchase_floors":[5,13,20],"current_hp_per_floor":[73,73,72,50,50,21,44,28,28,24,43,43,43,25,25,40,84,68,68,68,50,36,36,51,51,51,50,50,50,50,43,69,35,88,90,90,84,84,0],"gold":205,"neow_bonus":"UPGRADE_CARD","is_prod":false,"is_daily":false,"chose_seed":false,"campfire_upgraded":4,"win_rate":0,"timestamp":1548380455,"path_taken":["M","M","M","M","$","E","R","E","T","M","?","?","?","?","R","BOSS","M","?","$","?","M","R","?","R","T","M","R","?","?","?","R","BOSS","M","?","M","$","?"],"build_version":"2018-12-20","purchased_purges":0,"victory":false,"max_hp_per_floor":[75,75,75,75,75,77,77,79,79,79,79,79,79,79,79,79,84,84,84,84,84,84,84,86,86,86,88,88,88,88,88,88,88,88,90,90,90,90,90],"card_choices":[{"not_picked":["Steam Power","Rebound"],"picked":"Hello World","floor":1},{"not_picked":["Streamline","Turbo"],"picked":"Static Discharge","floor":2},{"not_picked":["Redo","Stack"],"picked":"Genetic Algorithm","floor":3},{"not_picked":["Scrape","Barrage"],"picked":"Go for the Eyes","floor":4},{"not_picked":["Compile Driver","Steam Power","Stack"],"picked":"Singing Bowl","floor":6},{"not_picked":["Heatsinks","Compile Driver","Reprogram"],"picked":"Singing Bowl","floor":8},{"not_picked":["Turbo","Storm"],"picked":"Fission","floor":10},{"not_picked":["Multi-Cast","Buffer+1"],"picked":"Creative AI+1","floor":16},{"not_picked":["Stack","Barrage"],"picked":"Conserve Battery","floor":17},{"not_picked":["Stack+1","Double Energy"],"picked":"Gash+1","floor":18},{"not_picked":["Double Energy+1","Conserve Battery"],"picked":"Go for the Eyes+1","floor":21},{"not_picked":["Meteor Strike","Streamline"],"picked":"Self Repair+1","floor":22},{"not_picked":["Ball Lightning","Barrage","Scrape+1"],"picked":"Singing Bowl","floor":24},{"not_picked":["Compile Driver+1","Leap","Stack"],"picked":"Singing Bowl","floor":27},{"not_picked":["Stack","Streamline"],"picked":"Redo","floor":31},{"not_picked":["Meteor Strike","Thunder Strike"],"picked":"Amplify","floor":33},{"not_picked":["Steam","Streamline","Compile Driver+1"],"picked":"Singing Bowl","floor":35},{"not_picked":["Rebound+1","Go for the Eyes+1"],"picked":"Loop+1","floor":37}],"player_experience":206079,"relics_obtained":[{"floor":6,"key":"Singing Bowl"},{"floor":8,"key":"Vajra"},{"floor":9,"key":"Meat on the Bone"},{"floor":26,"key":"The Courier"}],"event_choices":[{"damage_healed":19,"gold_gain":0,"player_choice":"Healed","damage_taken":0,"max_hp_gain":0,"max_hp_loss":0,"event_name":"The Cleric","floor":11,"gold_loss":35},{"damage_healed":0,"gold_gain":0,"player_choice":"Left Gold","damage_taken":0,"max_hp_gain":0,"max_hp_loss":0,"event_name":"World of Goop","floor":12,"gold_loss":42},{"damage_healed":0,"gold_gain":0,"player_choice":"Success","damage_taken":18,"relics_obtained":["Frozen Egg 2"],"max_hp_gain":0,"max_hp_loss":0,"event_name":"Scrap Ooze","floor":14,"gold_loss":0},{"cards_removed":["Strike_B"],"damage_healed":0,"gold_gain":0,"player_choice":"Card Removal","damage_taken":0,"max_hp_gain":0,"max_hp_loss":0,"event_name":"Wheel of Change","floor":19,"gold_loss":0},{"damage_healed":0,"gold_gain":0,"player_choice":"Opened","damage_taken":0,"relics_obtained":["Pocketwatch"],"max_hp_gain":0,"max_hp_loss":0,"event_name":"The Mausoleum","floor":29,"gold_loss":0,"cards_obtained":["Writhe"]},{"damage_healed":0,"gold_gain":0,"player_choice":"Ignored","damage_taken":0,"max_hp_gain":0,"max_hp_loss":0,"event_name":"Beggar","floor":30,"gold_loss":0},{"damage_healed":0,"gold_gain":0,"player_choice":"Ignored","damage_taken":0,"max_hp_gain":0,"max_hp_loss":0,"event_name":"Tomb of Lord Red Mask","floor":36,"gold_loss":0},{"damage_healed":0,"gold_gain":0,"player_choice":"Fight","damage_taken":0,"max_hp_gain":0,"max_hp_loss":0,"event_name":"Mysterious Sphere","floor":39,"gold_loss":0}],"is_beta":false,"boss_relics":[{"not_picked":["Lizard Tail","Runic Pyramid"],"picked":"Tiny House"},{"not_picked":["Runic Dome","Orrery"],"picked":"Empty Cage"}],"items_purged_floors":[],"is_endless":false,"potions_floor_spawned":[1,6,8,16,21,24,33,37],"killed_by":"2 Orb Walkers","ascension_level":4}