{"gold_per_floor":[119,119,134,151,19,19,19,53,78,78,108,33,33,65,65,65],"floor_reached":16,"playtime":376,"items_purged":["Strike_R"],"score":232,"play_id":"eb7dc943-e986-46fc-bfc0-fd5d6d69fddc","local_time":"25620303013129","is_ascension_mode":true,"campfire_choices":[{"data":"Uppercut","floor":7.0,"key":"SMITH"},{"data":"Immolate","floor":10.0,"key":"SMITH"},{"data":"Reaper","floor":13.0,"key":"SMITH"},{"data":"True Grit","floor":15,"key":"SMITH"}],"neow_cost":"NONE","seed_source_timestamp":51780770560246,"circlet_count":0,"master_deck":["AscendersBane","Strike_R","Strike_R","Strike_R","Strike_R","Defend_R","Defend_R","Defend_R","Defend_R","Bash","True Grit+1","Immolate+1","Headbutt","Uppercut+1","Metallicize","Shrug It Off","Reaper+1","Rage","Sentinel"],"special_seed":0,"relics":["Burning Blood","Bag of Preparation","Art of War","Pear","Orichalcum","Juzu Bracelet","Charon\u0027s Ashes"],"potions_floor_usage":[14],"damage_taken":[{"damage":10.0,"enemies":"Small Slimes","floor":1.0,"turns":3.0},{"damage":1.0,"enemies":"Cultist","floor":3.0,"turns":3.0},{"damage":0.0,"enemies":"Jaw Worm","floor":4.0,"turns":3.0},{"damage":42.0,"enemies":"Gremlin Nob","floor":8.0,"turns":6.0},{"damage":12.0,"enemies":"Lagavulin","floor":11.0,"turns":6.0},{"damage":10,"enemies":"Gremlin Nob","floor":14,"turns":4},{"damage":23,"enemies":"Hexaghost","floor":16,"turns":9}],"seed_played":"-2615409166846892556","potions_obtained":[{"floor":4.0,"key":"SkillPotion"},{"floor":8.0,"key":"Ancient Potion"}],"is_trial":false,"path_per_floor":["M","?","M","M","$","?","R","E","T","R","E","?","R","E","R","B"],"character_chosen":"IRONCLAD","items_purchased":["Shrug It Off"],"campfire_rested":0,"item_purchase_floors":[5],"current_hp_per_floor":[64,64,69,75,75,75,75,49,49,49,43,43,43,39,39,16],"gold":65,"neow_bonus":"RANDOM_COMMON_RELIC","is_prod":false,"is_daily":false,"chose_seed":false,"campfire_upgraded":4,"win_rate":0,"timestamp":1551551489,"path_taken":["M","?","M","?","$","?","R","E","T","R","E","?","R","E","R","BOSS"],"build_version":"2019-01-23","purchased_purges":1,"victory":false,"max_hp_per_floor":[75,75,75,75,75,75,75,85,85,85,85,85,85,85,85,85],"card_choices":[{"not_picked":["Fire Breathing","Feel No Pain"],"picked":"True Grit","floor":1.0},{"not_picked":["Cleave","Iron Wave"],"picked":"Uppercut","floor":3.0},{"not_picked":["Flex","Hemokinesis"],"picked":"Metallicize","floor":4.0},{"not_picked":["Iron Wave","Anger"],"picked":"Reaper","floor":8.0},{"not_picked":["Havoc","Sword Boomerang"],"picked":"Rage","floor":11.0},{"not_picked":["True Grit","Metallicize"],"picked":"Sentinel","floor":14}],"player_experience":284979,"relics_obtained":[{"floor":8.0,"key":"Pear"},{"floor":9.0,"key":"Orichalcum"},{"floor":11.0,"key":"Juzu Bracelet"},{"floor":14,"key":"Charon\u0027s Ashes"}],"event_choices":[{"damage_healed":0.0,"max_hp_gain":0.0,"max_hp_loss":0.0,"gold_gain":0.0,"event_name":"Match and Keep!","player_choice":"2 cards matched","floor":2.0,"gold_loss":0.0,"damage_taken":0.0,"cards_obtained":["Immolate","Headbutt"]},{"damage_healed":0.0,"max_hp_gain":0.0,"max_hp_loss":0.0,"gold_gain":0.0,"event_name":"Big Fish","player_choice":"Box","floor":6.0,"gold_loss":0.0,"damage_taken":0.0,"relics_obtained":["Art of War"],"cards_obtained":["Regret"]},{"cards_removed":["Regret"],"damage_healed":0.0,"max_hp_gain":0.0,"max_hp_loss":0.0,"gold_gain":0.0,"event_name":"The Cleric","player_choice":"Card Removal","floor":12.0,"gold_loss":75.0,"damage_taken":0.0}],"is_beta":false,"boss_relics":[],"items_purged_floors":[5],"is_endless":false,"potions_floor_spawned":[4,8],"killed_by":"Hexaghost","ascension_level":20}