{"gold_per_floor":[15,40,52,70,15,15,48,58,108,108,123,123,123,136,136,207,207,227,7,7,21,21,21,21,21,21,49,49,60,60,7,7,80,80,99,24,0,0,18,18],"floor_reached":40,"playtime":1818,"items_purged":["Strike_R"],"score":823,"play_id":"5e420731-4c24-4673-b890-95d0ab94abcf","local_time":"20190506185631","is_ascension_mode":true,"campfire_choices":[{"data":"True Grit","floor":6.0,"key":"SMITH"},{"floor":10.0,"key":"REST"},{"data":"Reaper","floor":13.0,"key":"SMITH"},{"data":"Carnage","floor":15.0,"key":"SMITH"},{"data":"Bludgeon","floor":23.0,"key":"SMITH"},{"data":"Iron Wave","floor":25.0,"key":"SMITH"},{"floor":30.0,"key":"REST"},{"floor":32.0,"key":"REST"}],"neow_cost":"NO_GOLD","seed_source_timestamp":0,"circlet_count":0,"master_deck":["AscendersBane","Strike_R","Defend_R","Defend_R","Defend_R","Defend_R","Bash","Carnage+1","Cleave","True Grit+1","Reaper+1","Shrug It Off","Flame Barrier+1","Iron Wave+1","Bludgeon+1","Shrug It Off","Heavy Blade","Power Through","Cleave+1","Barricade","Spot Weakness","Entrench"],"special_seed":0,"relics":["Burning Blood","Anchor","Potion Belt","Vajra","Snecko Eye","Sling","Sundial","Mummified Hand","Runic Dome","Red Mask"],"potions_floor_usage":[40,40],"damage_taken":[{"damage":7.0,"enemies":"Cultist","floor":1.0,"turns":4.0},{"damage":0.0,"enemies":"2 Louse","floor":3.0,"turns":2.0},{"damage":0.0,"enemies":"Small Slimes","floor":4.0,"turns":2.0},{"damage":55.0,"enemies":"3 Sentries","floor":7.0,"turns":9.0},{"damage":6.0,"enemies":"Looter","floor":8.0,"turns":3.0},{"damage":18.0,"enemies":"Large Slime","floor":11.0,"turns":5.0},{"damage":7.0,"enemies":"Exordium Thugs","floor":14.0,"turns":4.0},{"damage":57.0,"enemies":"Slime Boss","floor":16.0,"turns":13.0},{"damage":2.0,"enemies":"3 Byrds","floor":18.0,"turns":3.0},{"damage":3.0,"enemies":"Shell Parasite","floor":21.0,"turns":3.0},{"damage":0.0,"enemies":"Gremlin Leader","floor":24.0,"turns":1.0},{"damage":33.0,"enemies":"Book of Stabbing","floor":27.0,"turns":5.0},{"damage":36.0,"enemies":"Snake Plant","floor":29.0,"turns":4.0},{"damage":76.0,"enemies":"Automaton","floor":33.0,"turns":12.0},{"damage":0.0,"enemies":"Orb Walker","floor":35.0,"turns":2.0},{"damage":45.0,"enemies":"3 Darklings","floor":39.0,"turns":5.0},{"damage":61,"enemies":"Giant Head","floor":40,"turns":7}],"seed_played":"-1915608773031961361","potions_obtained":[{"floor":3.0,"key":"FearPotion"},{"floor":7.0,"key":"Ancient Potion"},{"floor":8.0,"key":"Explosive Potion"},{"floor":11.0,"key":"Block Potion"},{"floor":14.0,"key":"SmokeBomb"},{"floor":29.0,"key":"Energy Potion"},{"floor":33.0,"key":"Ancient Potion"},{"floor":38.0,"key":"SteroidPotion"},{"floor":38.0,"key":"Dexterity Potion"}],"is_trial":false,"path_per_floor":["M","T","M","M","$","R","E","M","T","R","M","?","R","M","R","B",null,"M","$","$","M","?","R","E","R","T","E","?","M","R","$","R","B",null,"M","$","?","?","M","E"],"character_chosen":"IRONCLAD","items_purchased":["True Grit","Sling","SteroidPotion"],"campfire_rested":3,"item_purchase_floors":[5,19,31],"current_hp_per_floor":[67,67,73,75,75,75,26,26,26,48,46,46,46,57,57,15,60,73,73,73,75,54,54,60,60,60,41,41,12,36,36,60,10,63,69,69,69,69,41,0],"gold":18,"neow_bonus":"REMOVE_TWO","is_prod":false,"is_daily":false,"chose_seed":false,"campfire_upgraded":5,"win_rate":0,"timestamp":1557158191,"path_taken":["M","?","M","M","$","R","E","M","T","R","M","?","R","M","R","BOSS","M","?","$","M","?","R","E","R","T","E","?","M","R","$","R","BOSS","M","$","?","?","M","E"],"build_version":"2019-01-23","purchased_purges":1,"victory":false,"max_hp_per_floor":[75,75,75,75,75,75,75,75,75,75,75,75,75,75,75,75,75,75,75,75,75,80,80,80,80,80,80,80,80,80,80,80,80,80,80,80,80,80,80,80],"card_choices":[{"not_picked":["Sword Boomerang","Warcry"],"picked":"Carnage","floor":1.0},{"not_picked":["Rampage","Rage"],"picked":"Cleave","floor":3.0},{"not_picked":["Heavy Blade","Havoc","Body Slam"],"picked":"SKIP","floor":4.0},{"not_picked":["Blood for Blood","Seeing Red"],"picked":"Reaper","floor":7.0},{"not_picked":["Warcry","Pommel Strike"],"picked":"Shrug It Off","floor":8.0},{"not_picked":["Clash","Flex"],"picked":"Flame Barrier","floor":11.0},{"not_picked":["Clash","Sentinel"],"picked":"Iron Wave","floor":14.0},{"not_picked":["Dark Embrace","Juggernaut"],"picked":"Bludgeon","floor":16.0},{"not_picked":["True Grit","Armaments","Cleave"],"picked":"SKIP","floor":18.0},{"not_picked":["Combust","Dropkick"],"picked":"Shrug It Off","floor":21.0},{"not_picked":["Body Slam","Second Wind"],"picked":"Heavy Blade","floor":27.0},{"not_picked":["Thunderclap+1","Armaments"],"picked":"Cleave+1","floor":29.0},{"not_picked":["Exhume","Juggernaut"],"picked":"Barricade","floor":33.0},{"not_picked":["Perfected Strike+1","Flex"],"picked":"Spot Weakness","floor":35.0},{"not_picked":["Shockwave","True Grit+1"],"picked":"Entrench","floor":39.0}],"player_experience":379812,"relics_obtained":[{"floor":2.0,"key":"Anchor"},{"floor":7.0,"key":"Potion Belt"},{"floor":9.0,"key":"Vajra"},{"floor":26.0,"key":"Sundial"},{"floor":27.0,"key":"Mummified Hand"}],"event_choices":[{"damage_healed":0.0,"max_hp_gain":0.0,"max_hp_loss":0.0,"gold_gain":0.0,"event_name":"Accursed Blacksmith","player_choice":"Forge","floor":12.0,"gold_loss":0.0,"damage_taken":0.0,"cards_upgraded":["Flame Barrier"]},{"damage_healed":0.0,"max_hp_gain":5.0,"max_hp_loss":0.0,"gold_gain":0.0,"event_name":"Forgotten Altar","player_choice":"Shed Blood","floor":22.0,"gold_loss":0.0,"damage_taken":26.0},{"damage_healed":0.0,"max_hp_gain":0.0,"max_hp_loss":0.0,"gold_gain":0.0,"cards_transformed":["Strike_R"],"event_name":"Transmorgrifier","player_choice":"Transformed","floor":28.0,"gold_loss":0.0,"damage_taken":0.0,"cards_obtained":["Power Through"]},{"damage_healed":0.0,"max_hp_gain":0.0,"max_hp_loss":0.0,"gold_gain":0.0,"event_name":"Tomb of Lord Red Mask","player_choice":"Paid","floor":37.0,"gold_loss":24.0,"damage_taken":0.0,"relics_obtained":["Red Mask"]},{"damage_healed":0.0,"max_hp_gain":0.0,"max_hp_loss":0.0,"gold_gain":0.0,"event_name":"Lab","player_choice":"Got Potions","floor":38.0,"gold_loss":0.0,"damage_taken":0.0}],"is_beta":false,"boss_relics":[{"not_picked":["Ectoplasm","Busted Crown"],"picked":"Snecko Eye"},{"not_picked":["Orrery","Black Star"],"picked":"Runic Dome"}],"items_purged_floors":[36],"is_endless":false,"potions_floor_spawned":[3,7,8,11,14,24,29,33],"killed_by":"Giant Head","ascension_level":19}