{"gold_per_floor":[212,212,223,13,32,61,61,61,85,98,109,109,184,92,92,170,170,188,28,28,53,53,53,81,81,134,134,145,42,53,69,69,141,141,151,151,62,62],"floor_reached":38,"playtime":2400,"items_purged":["Strike_G","Writhe"],"score":702,"play_id":"5eb35ead-7144-477e-aa4a-bdfa38c694f5","local_time":"20190423021148","is_ascension_mode":true,"campfire_choices":[{"floor":7.0,"key":"REST"},{"data":"Leg Sweep","floor":12.0,"key":"SMITH"},{"data":"Footwork","floor":15.0,"key":"SMITH"},{"data":"Caltrops","floor":23.0,"key":"SMITH"},{"data":"Dodge and Roll","floor":25.0,"key":"SMITH"},{"data":"Caltrops","floor":27.0,"key":"SMITH"},{"floor":32.0,"key":"REST"}],"neow_cost":"NONE","seed_source_timestamp":183632347307093,"circlet_count":0,"master_deck":["AscendersBane","Defend_G","Defend_G","Defend_G","Defend_G","Defend_G","Strike_G+1","Strike_G","Survivor","Neutralize","Noxious Fumes","Caltrops+1","Neutralize+1","Caltrops","Well Laid Plans","Die Die Die","Heel Hook","Leg Sweep+1","Footwork+1","PiercingWail","Heel Hook","Malaise","Bane","Caltrops+1","Dodge and Roll+1","Malaise","Deadly Poison+1","Burst"],"special_seed":0,"relics":["Ring of the Snake","Membership Card","Whetstone","Ancient Tea Set","Empty Cage","Regal Pillow","Blood Vial","Happy Flower","Art of War","Tiny Chest","White Beast Statue"],"potions_floor_usage":[],"damage_taken":[{"damage":2.0,"enemies":"Cultist","floor":1.0,"turns":5.0},{"damage":0.0,"enemies":"2 Louse","floor":3.0,"turns":3.0},{"damage":3.0,"enemies":"Small Slimes","floor":5.0,"turns":5.0},{"damage":21.0,"enemies":"Lagavulin","floor":6.0,"turns":8.0},{"damage":3.0,"enemies":"Looter","floor":10.0,"turns":3.0},{"damage":13.0,"enemies":"Exordium Thugs","floor":11.0,"turns":7.0},{"damage":22.0,"enemies":"The Guardian","floor":16.0,"turns":10.0},{"damage":0.0,"enemies":"Shell Parasite","floor":18.0,"turns":9.0},{"damage":10.0,"enemies":"Book of Stabbing","floor":24.0,"turns":6.0},{"damage":0.0,"enemies":"3 Byrds","floor":28.0,"turns":2.0},{"damage":3.0,"enemies":"Snake Plant","floor":30.0,"turns":5.0},{"damage":7.0,"enemies":"Centurion and Healer","floor":31.0,"turns":10.0},{"damage":54.0,"enemies":"Collector","floor":33.0,"turns":13.0},{"damage":16,"enemies":"3 Shapes","floor":35,"turns":7},{"damage":49,"enemies":"3 Darklings","floor":38,"turns":4}],"seed_played":"-4724307338797560524","potions_obtained":[{"floor":1.0,"key":"Strength Potion"},{"floor":3.0,"key":"SkillPotion"},{"floor":8.0,"key":"LiquidBronze"},{"floor":28.0,"key":"Regen Potion"},{"floor":30.0,"key":"Strength Potion"},{"floor":33.0,"key":"Ancient Potion"},{"floor":35,"key":"GamblersBrew"}],"is_trial":false,"path_per_floor":["M","?","M","$","M","E","R","?","T","M","M","R","?","$","R","B",null,"M","$","?","T","?","R","E","R","T","R","M","$","M","M","R","B",null,"M","?","$","M"],"character_chosen":"THE_SILENT","items_purchased":["Membership Card","Footwork","PiercingWail","Heel Hook","Caltrops","Regal Pillow","Fruit Juice","Burst"],"campfire_rested":2,"item_purchase_floors":[4,14,14,14,19,19,29,37],"current_hp_per_floor":[57,57,57,57,54,33,52,52,52,49,36,36,25,25,25,3,50,50,50,50,50,50,50,42,42,42,42,44,49,48,43,71,32,61,47,47,47,0],"gold":62,"neow_bonus":"HUNDRED_GOLD","is_prod":false,"is_daily":false,"chose_seed":false,"campfire_upgraded":5,"win_rate":0,"timestamp":1555978308,"path_taken":["M","?","M","?","M","E","R","?","T","?","M","R","?","$","R","BOSS","M","$","?","?","?","R","E","R","T","R","M","$","M","M","R","BOSS","M","?","$","M"],"build_version":"2019-01-23","purchased_purges":2,"victory":false,"max_hp_per_floor":[66,66,66,66,66,66,66,66,66,66,66,66,66,66,66,66,66,66,66,66,66,66,66,66,66,66,66,66,71,71,71,71,71,71,71,71,71,71],"card_choices":[{"not_picked":["Backstab","Flechettes"],"picked":"Noxious Fumes","floor":1.0},{"not_picked":["Dagger Throw","Bane"],"picked":"Caltrops","floor":3.0},{"not_picked":["Infinite Blades","Cloak And Dagger"],"picked":"Well Laid Plans","floor":5.0},{"not_picked":["Finisher","Reflex"],"picked":"Die Die Die","floor":6.0},{"not_picked":["Flechettes","PiercingWail"],"picked":"Heel Hook","floor":10.0},{"not_picked":["Setup","Prepared"],"picked":"Leg Sweep","floor":11.0},{"not_picked":["Storm of Steel","Wraith Form v2"],"picked":"Malaise","floor":16.0},{"not_picked":["Finisher","Sucker Punch"],"picked":"Bane","floor":18.0},{"not_picked":["Acrobatics","Choke"],"picked":"Dodge and Roll","floor":24.0},{"not_picked":["Underhanded Strike","Poisoned Stab"],"picked":"Calculated Gamble","floor":28.0},{"not_picked":["Quick Slash","Skewer","Slice"],"picked":"SKIP","floor":30.0},{"not_picked":["Flechettes","Blade Dance+1","Setup"],"picked":"SKIP","floor":31.0},{"not_picked":["A Thousand Cuts","Tools of the Trade"],"picked":"Malaise","floor":33.0},{"not_picked":["Dagger Spray","Setup"],"picked":"Deadly Poison+1","floor":35}],"player_experience":720508,"relics_obtained":[{"floor":6.0,"key":"Whetstone"},{"floor":9.0,"key":"Ancient Tea Set"},{"floor":21.0,"key":"Happy Flower"},{"floor":24.0,"key":"Art of War"},{"floor":26.0,"key":"Tiny Chest"}],"event_choices":[{"damage_healed":0.0,"max_hp_gain":0.0,"max_hp_loss":0.0,"gold_gain":0.0,"event_name":"Match and Keep!","player_choice":"2 cards matched","floor":2.0,"gold_loss":0.0,"damage_taken":0.0,"cards_obtained":["Caltrops","Neutralize"]},{"damage_healed":0.0,"max_hp_gain":0.0,"max_hp_loss":0.0,"gold_gain":0.0,"event_name":"Lab","player_choice":"Got Potions","floor":8.0,"gold_loss":0.0,"damage_taken":0.0},{"damage_healed":0.0,"max_hp_gain":0.0,"max_hp_loss":0.0,"gold_gain":75.0,"event_name":"World of Goop","player_choice":"Gather Gold","floor":13.0,"gold_loss":0.0,"damage_taken":11.0},{"damage_healed":0.0,"max_hp_gain":0.0,"max_hp_loss":0.0,"gold_gain":0.0,"event_name":"The Mausoleum","player_choice":"Opened","floor":20.0,"gold_loss":0.0,"damage_taken":0.0,"relics_obtained":["Blood Vial"],"cards_obtained":["Writhe"]},{"damage_healed":0.0,"max_hp_gain":0.0,"max_hp_loss":0.0,"gold_gain":0.0,"event_name":"Vampires","player_choice":"Ignored","floor":22.0,"gold_loss":0.0,"damage_taken":0.0},{"cards_removed":["Calculated Gamble"],"damage_healed":0,"gold_gain":0,"player_choice":"Removed Skill","damage_taken":0,"max_hp_gain":0,"max_hp_loss":0,"event_name":"Falling","floor":36,"gold_loss":0}],"is_beta":false,"boss_relics":[{"not_picked":["Philosopher\u0027s Stone","Runic Pyramid"],"picked":"Empty Cage"},{"not_picked":["Velvet Choker","Pandora\u0027s Box"],"picked":"White Beast Statue"}],"items_purged_floors":[19,29],"is_endless":false,"potions_floor_spawned":[1,3,28,30,33,35],"killed_by":"3 Darklings","ascension_level":16}