{"gold_per_floor":[119,132,148,223,23,54,54,72,97,108,108,108,108,127,127,223,223,240,256,26,46,46,46,81,81,129,146,146],"floor_reached":28,"playtime":1173,"items_purged":["Strike_R"],"score":240,"play_id":"9f06f327-e9a7-4382-822e-8c7ac0e7743b","local_time":"25610715005627","is_ascension_mode":false,"campfire_choices":[{"data":"Spot Weakness","floor":11,"key":"SMITH"},{"data":"Inflame","floor":13,"key":"SMITH"},{"floor":15,"key":"REST"},{"data":"Limit Break","floor":23,"key":"SMITH"},{"floor":25,"key":"REST"}],"neow_cost":"","seed_source_timestamp":52744725006318,"circlet_count":0,"master_deck":["Strike_R","Strike_R","Strike_R+1","Defend_R+1","Defend_R+1","Defend_R","Defend_R","Bash","Inflame+1","Heavy Blade+1","Spot Weakness+1","Headbutt","Feed","Feel No Pain","Iron Wave","Seeing Red","Limit Break+1","Clothesline","Inflame+1","Twin Strike+1","Pommel Strike","Whirlwind"],"relics":["Burning Blood","Bag of Preparation","Oddly Smooth Stone","Happy Flower","Sozu","Pen Nib","Enchiridion","War Paint","Anchor"],"potions_floor_usage":[14,16,16,24],"damage_taken":[{"damage":6,"enemies":"Cultist","floor":1,"turns":3},{"damage":0,"enemies":"Small Slimes","floor":2,"turns":3},{"damage":5,"enemies":"2 Louse","floor":3,"turns":2},{"damage":15,"enemies":"Gremlin Nob","floor":6,"turns":4},{"damage":19,"enemies":"2 Fungi Beasts","floor":8,"turns":3},{"damage":10,"enemies":"Looter","floor":10,"turns":2},{"damage":12,"enemies":"3 Louse","floor":14,"turns":2},{"damage":45,"enemies":"Hexaghost","floor":16,"turns":7},{"damage":10,"enemies":"Chosen","floor":18,"turns":2},{"damage":22,"enemies":"Shell Parasite","floor":19,"turns":5},{"damage":0,"enemies":"Snecko","floor":21,"turns":3},{"damage":29,"enemies":"Slavers","floor":24,"turns":3},{"damage":20,"enemies":"Slaver and Parasite","floor":27,"turns":4},{"damage":63,"enemies":"Gremlin Leader","floor":28,"turns":5}],"seed_played":"8492348804922555226","potions_obtained":[{"floor":8,"key":"BloodPotion"},{"floor":10,"key":"Explosive Potion"},{"floor":14,"key":"PowerPotion"},{"floor":16,"key":"Energy Potion"}],"is_trial":false,"path_per_floor":["M","M","M","?","$","E","?","M","T","M","R","?","R","M","R","B",null,"M","M","$","M","?","R","E","R","T","M"],"character_chosen":"IRONCLAD","items_purchased":["Bag of Preparation","Headbutt","Pen Nib"],"campfire_rested":2,"item_purchase_floors":[5,5,20],"current_hp_per_floor":[80,80,80,69,69,60,44,34,34,30,30,30,30,32,56,17,83,82,66,66,75,59,59,39,66,66,52,0],"gold":146,"neow_bonus":"","is_prod":false,"is_daily":false,"chose_seed":false,"campfire_upgraded":3,"win_rate":0.0,"timestamp":1531590987,"path_taken":["M","M","M","?","$","E","?","M","T","M","R","?","R","M","R","BOSS","M","M","$","M","?","R","E","R","T","?","E"],"build_version":"2018-07-12","purchased_purges":1,"victory":false,"max_hp_per_floor":[80,80,80,80,80,80,80,83,83,83,83,83,83,83,83,83,83,86,86,86,89,89,89,92,92,92,92,92],"card_choices":[{"not_picked":["Pommel Strike","Clash"],"picked":"Inflame","floor":1},{"not_picked":["Clash","Iron Wave"],"picked":"Heavy Blade","floor":2},{"not_picked":["Thunderclap","Perfected Strike"],"picked":"Spot Weakness","floor":3},{"not_picked":["Battle Trance","Twin Strike"],"picked":"Feed","floor":6},{"not_picked":["Headbutt","Burning Pact"],"picked":"Feel No Pain","floor":8},{"not_picked":["Warcry","Perfected Strike"],"picked":"Iron Wave","floor":10},{"not_picked":["Battle Trance","Dropkick"],"picked":"Seeing Red","floor":14},{"not_picked":["Reaper","Brutality"],"picked":"Limit Break","floor":16},{"not_picked":["Clash","Flame Barrier"],"picked":"Clothesline","floor":18},{"not_picked":["Corruption","Fire Breathing"],"picked":"Inflame+1","floor":19},{"not_picked":["Perfected Strike","Headbutt"],"picked":"Twin Strike+1","floor":21},{"not_picked":["Seeing Red","Body Slam+1"],"picked":"Pommel Strike","floor":24},{"not_picked":["Perfected Strike","Headbutt"],"picked":"Whirlwind","floor":27}],"player_experience":9088,"relics_obtained":[{"floor":6,"key":"Oddly Smooth Stone"},{"floor":9,"key":"Happy Flower"},{"floor":22,"key":"Enchiridion"},{"floor":24,"key":"War Paint"},{"floor":26,"key":"Anchor"}],"event_choices":[{"event_name":"World of Goop","player_choice":"Gather Gold","floor":4,"damage_taken":0},{"event_name":"Shining Light","player_choice":"Entered Light","floor":7,"damage_taken":0},{"event_name":"Living Wall","player_choice":"Forget","floor":12,"damage_taken":0},{"event_name":"Cursed Tome","player_choice":"Obtained Book","floor":22,"damage_taken":0}],"boss_relics":[{"not_picked":["Snecko Eye","White Beast Statue"],"picked":"Sozu"}],"items_purged_floors":[20],"is_endless":false,"potions_floor_spawned":[8,10,14,16,19,24],"killed_by":"Gremlin Leader","ascension_level":0}