{"gold_per_floor":[114,114,125,125,145,145,175,185,261,436,436,30,66,104,104,220,220,254,277,246,246,276,276,276,287,287,327,327,357,413,426,426,426],"floor_reached":33,"playtime":4590,"items_purged":["Doubt"],"score":271,"play_id":"114bcf00-94e2-46a2-9df7-949d7a125c5a","local_time":"20190101185450","is_ascension_mode":false,"campfire_choices":[{"data":"Pommel Strike","floor":6,"key":"SMITH"},{"data":"Bash","floor":11,"key":"SMITH"},{"data":"Dark Embrace","floor":15,"key":"SMITH"},{"floor":23,"key":"REST"},{"floor":28,"key":"REST"},{"floor":32,"key":"REST"}],"neow_cost":"NONE","seed_source_timestamp":2173463846498,"circlet_count":0,"master_deck":["Strike_R","Strike_R","Strike_R","Defend_R+1","Defend_R","Defend_R+1","Bash+1","Pommel Strike+1","Shrug It Off","Cleave","Clothesline","Battle Trance","Sword Boomerang","HandOfGreed","Pommel Strike","Dark Embrace+1","Impervious","Brutality+1","Battle Trance+1","Dual Wield+1","Body Slam","Anger+1","Sword Boomerang","Twin Strike+1","Armaments","Berserk","True Grit","Headbutt+1"],"relics":["Burning Blood","Potion Belt","Calipers","Strawberry","Self Forming Clay","Ancient Tea Set","Astrolabe","Centennial Puzzle","Bottled Tornado","Blood Vial"],"potions_floor_usage":[7,13,16,16,20,29,33],"damage_taken":[{"damage":0,"enemies":"2 Louse","floor":1,"turns":3},{"damage":2,"enemies":"Small Slimes","floor":3,"turns":4},{"damage":0,"enemies":"Cultist","floor":5,"turns":3},{"damage":34,"enemies":"3 Sentries","floor":7,"turns":10},{"damage":0,"enemies":"Looter","floor":8,"turns":3},{"damage":0,"enemies":"Gremlin Gang","floor":13,"turns":4},{"damage":0,"enemies":"Red Slaver","floor":14,"turns":3},{"damage":40,"enemies":"The Guardian","floor":16,"turns":15},{"damage":27,"enemies":"Spheric Guardian","floor":18,"turns":9},{"damage":13,"enemies":"2 Thieves","floor":20,"turns":5},{"damage":24,"enemies":"Snake Plant","floor":22,"turns":4},{"damage":14,"enemies":"Snecko","floor":25,"turns":4},{"damage":21,"enemies":"Chosen and Byrds","floor":27,"turns":7},{"damage":39,"enemies":"Book of Stabbing","floor":29,"turns":6},{"damage":11,"enemies":"Cultist and Chosen","floor":30,"turns":7},{"damage":9,"enemies":"Snake Plant","floor":31,"turns":5},{"damage":86,"enemies":"Champ","floor":33,"turns":9}],"seed_played":"6244905453171898720","potions_obtained":[{"floor":3,"key":"Swift Potion"},{"floor":5,"key":"EssenceOfSteel"},{"floor":7,"key":"Weak Potion"},{"floor":8,"key":"Fire Potion"},{"floor":13,"key":"AttackPotion"},{"floor":18,"key":"Ancient Potion"},{"floor":27,"key":"BloodPotion"},{"floor":30,"key":"SteroidPotion"},{"floor":31,"key":"Swift Potion"}],"is_trial":false,"path_per_floor":["M","?","M","?","M","R","E","M","T","?","R","$","M","M","R","B",null,"M","T","M","?","M","R","?","M","T","M","R","E","M","M","R","B"],"character_chosen":"IRONCLAD","items_purchased":["Sword Boomerang","HandOfGreed","Ancient Tea Set"],"campfire_rested":3,"item_purchase_floors":[12,12,12],"current_hp_per_floor":[80,77,80,64,70,70,49,55,55,55,55,55,61,67,67,33,87,66,66,59,51,33,59,59,51,51,36,62,37,34,33,59,0],"gold":426,"neow_bonus":"RANDOM_COMMON_RELIC","is_prod":false,"is_daily":false,"chose_seed":false,"campfire_upgraded":3,"win_rate":0.0,"timestamp":1546376090,"path_taken":["M","?","M","?","M","R","E","M","T","?","R","?","M","M","R","BOSS","M","?","M","?","?","R","?","M","T","?","R","E","M","M","R","BOSS"],"build_version":"2018-12-20","purchased_purges":1,"victory":false,"max_hp_per_floor":[80,80,80,80,80,80,87,87,87,87,87,87,87,87,87,87,87,87,87,87,87,87,87,87,87,87,87,87,87,87,87,87,87],"card_choices":[{"not_picked":["Cleave","Dual Wield"],"picked":"Pommel Strike","floor":1},{"not_picked":["Burning Pact","Whirlwind"],"picked":"Shrug It Off","floor":3},{"not_picked":["Twin Strike","Anger"],"picked":"Cleave","floor":5},{"not_picked":["Clash","Iron Wave"],"picked":"Clothesline","floor":7},{"not_picked":["Shrug It Off","Entrench"],"picked":"Battle Trance","floor":8},{"not_picked":["Seeing Red","Pummel"],"picked":"Pommel Strike","floor":13},{"not_picked":["Cleave","Flame Barrier"],"picked":"Dark Embrace","floor":14},{"not_picked":["Limit Break","Offering"],"picked":"Impervious","floor":16},{"not_picked":["Iron Wave","Power Through"],"picked":"Body Slam","floor":18},{"not_picked":["Blood for Blood","Dropkick+1"],"picked":"Anger+1","floor":20},{"not_picked":["Dark Embrace","Armaments"],"picked":"Sword Boomerang","floor":22},{"not_picked":["Cleave","Pommel Strike"],"picked":"Twin Strike+1","floor":25},{"not_picked":["Whirlwind","Cleave"],"picked":"Armaments","floor":27},{"not_picked":["Iron Wave","Twin Strike"],"picked":"Berserk","floor":29},{"not_picked":["Feel No Pain+1","Twin Strike"],"picked":"True Grit","floor":30},{"not_picked":["Heavy Blade","Dropkick+1"],"picked":"Headbutt+1","floor":31}],"player_experience":28956,"relics_obtained":[{"floor":7,"key":"Strawberry"},{"floor":9,"key":"Self Forming Clay"},{"floor":19,"key":"Centennial Puzzle"},{"floor":26,"key":"Bottled Tornado"},{"floor":29,"key":"Blood Vial"}],"event_choices":[{"damage_healed":0,"gold_gain":0,"player_choice":"Success","damage_taken":3,"relics_obtained":["Calipers"],"max_hp_gain":0,"max_hp_loss":0,"event_name":"Scrap Ooze","floor":2,"gold_loss":0},{"damage_healed":0,"gold_gain":0,"player_choice":"Entered Light","damage_taken":16,"max_hp_gain":0,"max_hp_loss":0,"event_name":"Shining Light","floor":4,"gold_loss":0,"cards_upgraded":["Defend_R","Defend_R"]},{"damage_healed":0,"gold_gain":175,"player_choice":"AGREE","damage_taken":0,"max_hp_gain":0,"max_hp_loss":0,"event_name":"Liars Game","floor":10,"gold_loss":0,"cards_obtained":["Doubt"]},{"damage_healed":0,"gold_gain":0,"player_choice":"Damaged","damage_taken":8,"max_hp_gain":0,"max_hp_loss":0,"event_name":"Wheel of Change","floor":21,"gold_loss":0},{"damage_healed":0,"gold_gain":0,"player_choice":"Ignored","damage_taken":0,"max_hp_gain":0,"max_hp_loss":0,"event_name":"NoteForYourself","floor":24,"gold_loss":0}],"is_beta":false,"boss_relics":[{"not_picked":["Black Star","Snecko Eye"],"picked":"Astrolabe"}],"items_purged_floors":[12],"is_endless":false,"potions_floor_spawned":[3,5,7,8,13,18,27,30,31],"killed_by":"Champ","ascension_level":0}