{"gold_per_floor":[117,129,148,298,31,31,41,41,94,94,127,139,166,181,181,256,256,274,324,335,346,250,250,2,30,84,100,100,116,134,134,134,213,263,273,5,5,5,23,23,35,49,100,0,0,15,33,64,64,64],"floor_reached":51,"playtime":2300,"items_purged":["Doubt"],"score":1344,"play_id":"9ddabc29-e28b-427a-9ac2-43cf359188c9","local_time":"20181017154907","is_ascension_mode":true,"campfire_choices":[{"data":"Zap","floor":6.0,"key":"SMITH"},{"floor":10.0,"key":"REST"},{"data":"Hologram","floor":15.0,"key":"SMITH"},{"data":"Fission","floor":23.0,"key":"SMITH"},{"floor":28,"key":"REST"},{"floor":32,"key":"REST"},{"data":"Stack","floor":40,"key":"SMITH"},{"data":"Go for the Eyes","floor":45,"key":"SMITH"},{"data":"Hologram","floor":49,"key":"SMITH"}],"neow_cost":"PERCENT_DAMAGE","seed_source_timestamp":22997175444248,"circlet_count":0,"master_deck":["Strike_B","Strike_B+1","Defend_B","Defend_B","Defend_B","Zap+1","Dualcast","AscendersBane","All For One","Streamline+1","Cold Snap+1","Hologram+1","Seek","Gash","Genetic Algorithm","Self Repair","Fission+1","Redo+1","Scrape+1","Chaos+1","Beam Cell","FTL+1","Gash","FTL+1","Beam Cell","Go for the Eyes+1","Chill","Glacier","Coolheaded","Hologram+1","Stack+1","Echo Form","Steam","Go for the Eyes+1","Panache","Coolheaded+1","Gash+1","Hologram+1","Conserve Battery+1","FTL+1"],"special_seed":0,"relics":["Cracked Core","Orichalcum","Smiling Mask","Pen Nib","Lantern","Astrolabe","Vajra","Thread and Needle","Dream Catcher","MutagenicStrength","Tiny House","TheAbacus","PreservedInsect","Red Mask","Whetstone"],"potions_floor_usage":[25,33,41,50,50],"damage_taken":[{"damage":0.0,"enemies":"Small Slimes","floor":1.0,"turns":2.0},{"damage":3.0,"enemies":"2 Louse","floor":2.0,"turns":2.0},{"damage":0.0,"enemies":"Jaw Worm","floor":3.0,"turns":4.0},{"damage":8.0,"enemies":"Exordium Thugs","floor":7.0,"turns":4.0},{"damage":4.0,"enemies":"3 Sentries","floor":11.0,"turns":6.0},{"damage":3.0,"enemies":"3 Louse","floor":12.0,"turns":4.0},{"damage":6.0,"enemies":"Gremlin Nob","floor":13.0,"turns":3.0},{"damage":3.0,"enemies":"Looter","floor":14.0,"turns":2.0},{"damage":5.0,"enemies":"Hexaghost","floor":16.0,"turns":7.0},{"damage":37.0,"enemies":"2 Thieves","floor":18.0,"turns":4.0},{"damage":7.0,"enemies":"Chosen","floor":20.0,"turns":4.0},{"damage":9.0,"enemies":"Centurion and Healer","floor":21.0,"turns":5.0},{"damage":16,"enemies":"Gremlin Leader","floor":25,"turns":5},{"damage":0,"enemies":"3 Cultists","floor":27,"turns":3},{"damage":4,"enemies":"Shelled Parasite and Fungi","floor":29,"turns":5},{"damage":0,"enemies":"Chosen and Byrds","floor":30,"turns":5},{"damage":37,"enemies":"Collector","floor":33,"turns":8},{"damage":0,"enemies":"3 Shapes","floor":35,"turns":5},{"damage":3,"enemies":"3 Darklings","floor":39,"turns":3},{"damage":20,"enemies":"Maw","floor":41,"turns":6},{"damage":0,"enemies":"Transient","floor":42,"turns":5},{"damage":8,"enemies":"Reptomancer","floor":46,"turns":4},{"damage":0,"enemies":"Maw","floor":47,"turns":5},{"damage":0,"enemies":"Nemesis","floor":48,"turns":3},{"damage":67,"enemies":"Awakened One","floor":50,"turns":12}],"seed_played":"-8260510465053836929","potions_obtained":[{"floor":7.0,"key":"PowerPotion"},{"floor":13.0,"key":"PowerPotion"},{"floor":14.0,"key":"EssenceOfSteel"},{"floor":20.0,"key":"Weak Potion"},{"floor":27,"key":"FearPotion"},{"floor":29,"key":"Fire Potion"},{"floor":33,"key":"LiquidBronze"},{"floor":41,"key":"FearPotion"},{"floor":42,"key":"Regen Potion"},{"floor":47,"key":"SkillPotion"}],"is_trial":false,"path_per_floor":["M","M","M","?","$","R","M","?","T","R","E","M","E","M","R","B",null,"M","?","M","M","$","R","$","E","T","M","R","M","M","?","R","B",null,"M","$","?","$","M","R","M","M","T","?","R","M","M","E","R","B"],"character_chosen":"DEFECT","items_purchased":["Orichalcum","SkillPotion","FTL","Beam Cell","Go for the Eyes","Vajra","Chill","Go for the Eyes","TheAbacus","Swift Potion"],"campfire_rested":3,"item_purchase_floors":[5,5,22,22,24,24,24,36,36,36],"current_hp_per_floor":[46,43,43,43,43,43,35,14,14,35,31,28,22,19,19,21,59,22,22,22,20,20,20,20,11,11,11,32,28,28,28,49,19,63,70,70,70,70,67,67,54,61,61,61,61,60,67,67,67,22],"gold":64,"neow_bonus":"THREE_RARE_CARDS","is_prod":false,"is_daily":false,"chose_seed":false,"campfire_upgraded":6,"win_rate":0,"timestamp":1539816547,"path_taken":["M","M","M","?","$","R","M","?","T","R","E","M","E","M","R","BOSS","M","?","M","M","$","R","$","E","T","M","R","M","?","?","R","BOSS","M","$","?","?","M","R","M","M","T","?","R","M","M","E","R","BOSS"],"build_version":"2018-10-11","purchased_purges":1,"victory":true,"max_hp_per_floor":[71,71,71,71,71,71,71,71,71,71,71,71,71,71,71,71,71,71,71,71,71,71,71,71,71,71,71,71,71,71,71,71,71,76,76,76,76,76,76,76,76,76,76,76,76,76,76,76,76,76],"card_choices":[{"not_picked":["Rainbow","Machine Learning"],"picked":"All For One","floor":0.0},{"not_picked":["Redo","Barrage"],"picked":"Streamline","floor":1.0},{"not_picked":["Stack","Barrage"],"picked":"Cold Snap","floor":2.0},{"not_picked":["Turbo","Steam Power","Rebound"],"picked":"SKIP","floor":3.0},{"not_picked":["Barrage","Redo"],"picked":"Hologram","floor":7.0},{"not_picked":["Melter","Sweeping Beam"],"picked":"Seek","floor":11.0},{"not_picked":["Stack","Steam Power"],"picked":"Gash","floor":12.0},{"not_picked":["Streamline","Reinforced Body"],"picked":"Genetic Algorithm","floor":13.0},{"not_picked":["Melter","Loop"],"picked":"Self Repair","floor":14.0},{"not_picked":["Seek","Amplify"],"picked":"Fission","floor":16.0},{"not_picked":["Reinforced Body","Redo+1"],"picked":"Beam Cell","floor":18.0},{"not_picked":["Beam Cell","Undo"],"picked":"FTL+1","floor":20.0},{"not_picked":["Turbo","Ball Lightning"],"picked":"Gash","floor":21.0},{"not_picked":["Core Surge","Aggregate"],"picked":"Glacier","floor":25},{"not_picked":["Rip and Tear","Barrage+1","Cold Snap"],"picked":"SKIP","floor":27},{"not_picked":["Rip and Tear","Cold Snap"],"picked":"Coolheaded","floor":28},{"not_picked":["Beam Cell","Double Energy"],"picked":"Hologram+1","floor":29},{"not_picked":["Darkness","Stack","Glacier"],"picked":"SKIP","floor":30},{"not_picked":["Darkness","Glacier"],"picked":"Stack","floor":30},{"not_picked":["Biased Cognition","Amplify"],"picked":"Echo Form","floor":33},{"not_picked":["Compile Driver","Coolheaded"],"picked":"Steam","floor":35},{"not_picked":["Dramatic Entrance","Panacea"],"picked":"Panache","floor":37},{"not_picked":["Sweeping Beam","Darkness+1"],"picked":"Coolheaded+1","floor":39},{"not_picked":["Beam Cell","Cold Snap","Thunder Strike"],"picked":"SKIP","floor":41},{"not_picked":["Coolheaded","Steam"],"picked":"Gash+1","floor":42},{"not_picked":["Cold Snap","Self Repair"],"picked":"Hologram","floor":46},{"not_picked":["Steam","White Noise"],"picked":"Conserve Battery+1","floor":47},{"not_picked":["Consume","Compile Driver"],"picked":"FTL+1","floor":48}],"player_experience":1378977,"relics_obtained":[{"floor":9.0,"key":"Smiling Mask"},{"floor":11.0,"key":"Pen Nib"},{"floor":13.0,"key":"Lantern"},{"floor":25,"key":"Thread and Needle"},{"floor":26,"key":"Dream Catcher"},{"floor":43,"key":"PreservedInsect"},{"floor":48,"key":"Whetstone"}],"event_choices":[{"event_name":"Liars Game","player_choice":"agreed","floor":4.0,"damage_taken":0.0},{"event_name":"Shining Light","player_choice":"Entered Light","floor":8.0,"damage_taken":0.0},{"event_name":"Nest","player_choice":"Stole From Cult","floor":19.0,"damage_taken":0.0},{"event_name":"Drug Dealer","player_choice":"Inject Mutagens","floor":31,"damage_taken":0},{"event_name":"SensoryStone","player_choice":"Memory 1","floor":37,"damage_taken":0},{"event_name":"Tomb of Lord Red Mask","player_choice":"Paid","floor":44,"damage_taken":0}],"is_beta":false,"boss_relics":[{"not_picked":["Calling Bell","Sozu"],"picked":"Astrolabe"},{"not_picked":["White Beast Statue","Empty Cage"],"picked":"Tiny House"}],"items_purged_floors":[5],"is_endless":false,"potions_floor_spawned":[7,13,14,20,27,29,33,41,42,47],"ascension_level":15}