{"gold_per_floor":[113,113,188,8,8,35,35,54,54,82,95,123,138,150,150,228,228,228,228,153,153,153,153,153,153,153,153,153,153,153,68,68,68,68,68,48,48,48,9,9],"floor_reached":40,"playtime":1989,"items_purged":[],"score":749,"play_id":"a8f60848-a87d-41d8-8ecc-a5a9d52bbe38","local_time":"20181211121205","is_ascension_mode":true,"campfire_choices":[{"data":"Noxious Fumes","floor":7,"key":"SMITH"},{"floor":15,"key":"REST"},{"data":"A Thousand Cuts","floor":23,"key":"SMITH"},{"floor":25,"key":"REST"},{"floor":29,"key":"REST"},{"floor":32,"key":"REST"}],"neow_cost":"TEN_PERCENT_HP_LOSS","seed_source_timestamp":12815360860005,"circlet_count":0,"master_deck":["AscendersBane","Defend_G+1","Defend_G","Defend_G+1","Defend_G","Defend_G","Strike_G","Strike_G","Survivor","Neutralize","Glass Knife","Predator","Well Laid Plans","Noxious Fumes+1","Calculated Gamble","After Image","Catalyst","Cloak And Dagger","A Thousand Cuts+1","Dodge and Roll","Dodge and Roll","Quick Slash+1","Bullet Time","Bullet Time+1","Flechettes+1","Acrobatics+1","Backflip","PiercingWail","Noxious Fumes","Backflip+1","Catalyst","Noxious Fumes"],"special_seed":0,"relics":["Ring of the Snake","Ninja Scroll","War Paint","Question Card","Sundial","Bag of Preparation","Vajra","Ectoplasm","Regal Pillow","Prayer Wheel","Juzu Bracelet","Astrolabe"],"potions_floor_usage":[6,10,12,12,13,22,33,33,36,38],"damage_taken":[{"damage":0.0,"enemies":"2 Louse","floor":1.0,"turns":3.0},{"damage":8,"enemies":"3 Sentries","floor":6,"turns":7},{"damage":0,"enemies":"Small Slimes","floor":8,"turns":3},{"damage":20,"enemies":"Lagavulin","floor":10,"turns":9},{"damage":0,"enemies":"Cultist","floor":11,"turns":2},{"damage":7,"enemies":"Gremlin Nob","floor":12,"turns":4},{"damage":1,"enemies":"Blue Slaver","floor":13,"turns":4},{"damage":9,"enemies":"Red Slaver","floor":14,"turns":2},{"damage":7,"enemies":"Hexaghost","floor":16,"turns":10},{"damage":4,"enemies":"Chosen","floor":18,"turns":5},{"damage":12,"enemies":"2 Thieves","floor":20,"turns":4},{"damage":3,"enemies":"Chosen and Byrds","floor":21,"turns":7},{"damage":0,"enemies":"Cultist and Chosen","floor":22,"turns":8},{"damage":20,"enemies":"Gremlin Leader","floor":24,"turns":6},{"damage":25,"enemies":"Snake Plant","floor":27,"turns":5},{"damage":2,"enemies":"Shelled Parasite and Fungi","floor":28,"turns":6},{"damage":25,"enemies":"Automaton","floor":33,"turns":10},{"damage":21,"enemies":"Orb Walker","floor":35,"turns":4},{"damage":4,"enemies":"3 Shapes","floor":37,"turns":4},{"damage":18,"enemies":"Maw","floor":38,"turns":8},{"damage":33,"enemies":"Nemesis","floor":40,"turns":5}],"seed_played":"-6671650960289984260","potions_obtained":[{"floor":5.0,"key":"PowerPotion"},{"floor":5.0,"key":"SkillPotion"},{"floor":10,"key":"Poison Potion"},{"floor":11,"key":"SkillPotion"},{"floor":13,"key":"Fruit Juice"},{"floor":20,"key":"SpeedPotion"},{"floor":21,"key":"Explosive Potion"},{"floor":22,"key":"Ancient Potion"},{"floor":33,"key":"Block Potion"},{"floor":35,"key":"Poison Potion"},{"floor":36,"key":"Fruit Juice"}],"is_trial":false,"path_per_floor":["M","?","?","$","?","E","R","M","T","E","M","E","M","M","R","B",null,"M","?","M","M","M","R","E","R","T","M","M","R","?","?","R","B",null,"M","?","M","M","$","E"],"character_chosen":"THE_SILENT","items_purchased":["War Paint","Well Laid Plans","Noxious Fumes"],"campfire_rested":4,"item_purchase_floors":[4,4,39],"current_hp_per_floor":[59,54,43,43,43,35,35,35,35,15,15,8,12,3,22,15,53,49,43,31,28,28,28,8,42,42,17,15,49,31,31,67,42,63,42,47,43,25,25,0],"gold":9,"neow_bonus":"THREE_RARE_CARDS","is_prod":false,"is_daily":false,"chose_seed":false,"campfire_upgraded":2,"win_rate":0,"timestamp":1544559125,"path_taken":["M","?","?","$","?","E","R","M","T","E","?","E","M","M","R","BOSS","M","?","M","?","M","R","E","R","T","M","M","R","?","?","R","BOSS","M","?","M","M","?","E"],"build_version":"2018-12-06","purchased_purges":0,"victory":false,"max_hp_per_floor":[60,60,60,60,60,60,60,60,60,60,60,60,65,65,65,65,65,65,65,65,65,65,65,65,65,65,65,65,65,70,70,70,70,70,70,75,75,75,75,75],"card_choices":[{"not_picked":["Adrenaline","Storm of Steel"],"picked":"Glass Knife","floor":0.0},{"not_picked":["PiercingWail","Bane"],"picked":"Predator","floor":1.0},{"not_picked":["Dagger Spray","Malaise"],"picked":"Noxious Fumes","floor":6},{"not_picked":["Dagger Throw","Sucker Punch","Flying Knee"],"picked":"Calculated Gamble","floor":8},{"not_picked":["Blade Dance","Choke","Noxious Fumes"],"picked":"After Image","floor":10},{"not_picked":["Deflect","Distraction","Skewer","Slice"],"picked":"SKIP","floor":11},{"not_picked":["Acrobatics","Backflip","Deadly Poison"],"picked":"Catalyst","floor":12},{"not_picked":["Quick Slash","Underhanded Strike","Deflect"],"picked":"Cloak And Dagger","floor":13},{"not_picked":["Endless Agony","Blade Dance","Doppelganger","Backflip"],"picked":"SKIP","floor":14},{"not_picked":["Corpse Explosion","Adrenaline","Doppelganger"],"picked":"A Thousand Cuts","floor":16},{"not_picked":["Poisoned Stab","Terror","Quick Slash"],"picked":"Dodge and Roll","floor":18},{"not_picked":["Calculated Gamble","Bane+1","Prepared","Deadly Poison"],"picked":"SKIP","floor":20},{"not_picked":["Blade Dance","Sucker Punch","After Image","Concentrate"],"picked":"SKIP","floor":21},{"not_picked":["Flechettes","Riddle With Holes","Deadly Poison","Dash"],"picked":"SKIP","floor":22},{"not_picked":["Acrobatics","Sucker Punch","Riddle With Holes+1"],"picked":"Dodge and Roll","floor":24},{"not_picked":["Slice","Sucker Punch","Dagger Throw","Underhanded Strike"],"picked":"SKIP","floor":27},{"not_picked":["Prepared","Well Laid Plans","Eviscerate","Deadly Poison"],"picked":"SKIP","floor":27},{"not_picked":["Calculated Gamble","Choke","Well Laid Plans"],"picked":"Quick Slash+1","floor":28},{"not_picked":["Riddle With Holes","Eviscerate","Concentrate","Underhanded Strike+1"],"picked":"SKIP","floor":28},{"not_picked":["Tools of the Trade","Night Terror","Glass Knife"],"picked":"Bullet Time","floor":33},{"not_picked":["Quick Slash+1","Finisher","Dagger Throw"],"picked":"Backflip","floor":35},{"not_picked":["Flying Knee+1","Prepared","Dagger Spray","Bane+1"],"picked":"SKIP","floor":35},{"not_picked":["Sucker Punch+1","Calculated Gamble","Riddle With Holes"],"picked":"PiercingWail","floor":37},{"not_picked":["Leg Sweep+1","Backflip","Dagger Spray"],"picked":"Noxious Fumes","floor":37},{"not_picked":["Blade Dance+1","Backstab+1","Unload"],"picked":"Backflip+1","floor":38},{"not_picked":["Terror","Blade Dance","Heel Hook+1"],"picked":"Catalyst","floor":38}],"player_experience":1775556,"relics_obtained":[{"floor":6,"key":"Question Card"},{"floor":9,"key":"Sundial"},{"floor":10,"key":"Bag of Preparation"},{"floor":12,"key":"Vajra"},{"floor":24,"key":"Regal Pillow"},{"floor":26,"key":"Prayer Wheel"}],"event_choices":[{"damage_healed":0.0,"max_hp_gain":0.0,"max_hp_loss":0.0,"gold_gain":0.0,"event_name":"Scrap Ooze","player_choice":"Success","floor":2.0,"gold_loss":0.0,"damage_taken":5.0,"relics_obtained":["Ninja Scroll"]},{"damage_healed":0.0,"max_hp_gain":0.0,"max_hp_loss":0.0,"gold_gain":75.0,"event_name":"World of Goop","player_choice":"Gather Gold","floor":3.0,"gold_loss":0.0,"damage_taken":11.0},{"damage_healed":0.0,"max_hp_gain":0.0,"max_hp_loss":0.0,"gold_gain":0.0,"event_name":"Lab","player_choice":"Got Potions","floor":5.0,"gold_loss":0.0,"damage_taken":0.0},{"damage_healed":0,"gold_gain":0,"player_choice":"","damage_taken":6,"max_hp_gain":0,"max_hp_loss":0,"event_name":"Knowing Skull","floor":19,"potions_obtained":[],"gold_loss":0,"cards_obtained":[]},{"damage_healed":0,"gold_gain":0,"player_choice":"Shed Blood","damage_taken":23,"max_hp_gain":5,"max_hp_loss":0,"event_name":"Forgotten Altar","floor":30,"gold_loss":0},{"damage_healed":0,"gold_gain":0,"player_choice":"Obtained Relic","damage_taken":0,"relics_obtained":["Juzu Bracelet"],"max_hp_gain":0,"max_hp_loss":0,"event_name":"Addict","floor":31,"gold_loss":85},{"damage_healed":0,"gold_gain":0,"player_choice":"Bought 1 Potion","damage_taken":0,"max_hp_gain":0,"max_hp_loss":0,"event_name":"The Woman in Blue","floor":36,"gold_loss":0}],"is_beta":false,"boss_relics":[{"not_picked":["Tiny House","Coffee Dripper"],"picked":"Ectoplasm"},{"not_picked":["White Beast Statue","Sozu"],"picked":"Astrolabe"}],"items_purged_floors":[],"is_endless":false,"potions_floor_spawned":[10,11,13,20,21,22,33,35],"killed_by":"Nemesis","ascension_level":15}