{"gold_per_floor":[20,38,53,53,68,68,100,116,116,116,116,145,145,2,2,74,74,88,13,13,13,13,47,47,63,63,63,33,65,65,81,81,155,155,167,167,167,19,39,72,72,72,72,88,117,128,162,176,176,176],"floor_reached":51,"playtime":2196,"items_purged":["Strike_R"],"score":1373,"play_id":"4e678fce-ce06-4f88-b240-bd50293f3840","local_time":"20181215141218","is_ascension_mode":true,"campfire_choices":[{"data":"Bash","floor":6.0,"key":"SMITH"},{"data":"Demon Form","floor":10.0,"key":"SMITH"},{"data":"Havoc","floor":13.0,"key":"SMITH"},{"data":"Whirlwind","floor":15.0,"key":"SMITH"},{"data":"True Grit","floor":24.0,"key":"SMITH"},{"floor":32.0,"key":"REST"},{"floor":41.0,"key":"REST"},{"floor":49,"key":"REST"}],"neow_cost":"NO_GOLD","seed_source_timestamp":22404306077981,"circlet_count":0,"master_deck":["AscendersBane","Strike_R","Strike_R","Defend_R","Defend_R","Defend_R","Defend_R","Bash+1","Demon Form+1","Disarm","Iron Wave","Combust","Whirlwind+1","Heavy Blade+1","Havoc+1","Limit Break","Impervious","True Grit+1","Corruption+1","True Grit+1","Fiend Fire","Armaments+1","Pommel Strike+1","Demon Form","True Grit+1","Dual Wield+1","Limit Break+1","Battle Trance+1","Demon Form","Body Slam+1","Clothesline","Power Through+1","Sentinel+1","Shrug It Off+1"],"special_seed":0,"relics":["Burning Blood","Prayer Wheel","Lantern","Juzu Bracelet","Whetstone","Velvet Choker","Paper Frog","Toxic Egg 2","MutagenicStrength","Bottled Flame","Snecko Eye","Orichalcum","Nunchaku","Singing Bowl","Gambling Chip"],"potions_floor_usage":[45,46,47],"damage_taken":[{"damage":6.0,"enemies":"Cultist","floor":1.0,"turns":4.0},{"damage":11.0,"enemies":"Jaw Worm","floor":2.0,"turns":5.0},{"damage":2.0,"enemies":"2 Louse","floor":3.0,"turns":4.0},{"damage":20.0,"enemies":"Lots of Slimes","floor":5.0,"turns":7.0},{"damage":15.0,"enemies":"Gremlin Nob","floor":7.0,"turns":4.0},{"damage":0.0,"enemies":"Large Slime","floor":8.0,"turns":5.0},{"damage":20.0,"enemies":"Lagavulin","floor":12.0,"turns":7.0},{"damage":26.0,"enemies":"Slime Boss","floor":16.0,"turns":7.0},{"damage":21.0,"enemies":"Shell Parasite","floor":18.0,"turns":3.0},{"damage":19.0,"enemies":"Gremlin Leader","floor":23.0,"turns":6.0},{"damage":8.0,"enemies":"2 Thieves","floor":25.0,"turns":5.0},{"damage":24.0,"enemies":"Book of Stabbing","floor":29.0,"turns":6.0},{"damage":20.0,"enemies":"Snake Plant","floor":31.0,"turns":4.0},{"damage":14.0,"enemies":"Collector","floor":33.0,"turns":7.0},{"damage":6.0,"enemies":"3 Shapes","floor":35.0,"turns":5.0},{"damage":4.0,"enemies":"3 Darklings","floor":39.0,"turns":5.0},{"damage":33.0,"enemies":"Nemesis","floor":40.0,"turns":5.0},{"damage":6.0,"enemies":"Sphere and 2 Shapes","floor":44.0,"turns":7.0},{"damage":21,"enemies":"Reptomancer","floor":45,"turns":6},{"damage":1,"enemies":"Transient","floor":46,"turns":5},{"damage":30,"enemies":"Nemesis","floor":47,"turns":5},{"damage":18,"enemies":"Maw","floor":48,"turns":5},{"damage":44,"enemies":"Awakened One","floor":50,"turns":7}],"seed_played":"-6691401856007192774","potions_obtained":[{"floor":1.0,"key":"Strength Potion"},{"floor":5.0,"key":"Strength Potion"},{"floor":16.0,"key":"FairyPotion"},{"floor":18.0,"key":"EssenceOfSteel"},{"floor":28.0,"key":"GamblersBrew"},{"floor":28.0,"key":"Regen Potion"},{"floor":33.0,"key":"Poison Potion"},{"floor":45,"key":"Block Potion"},{"floor":46,"key":"SteroidPotion"}],"is_trial":false,"path_per_floor":["M","M","M","?","M","R","E","M","T","R","?","E","R","$","R","B",null,"M","$","?","$","?","E","R","M","T","?","?","E","?","M","R","B",null,"M","?","?","$","M","E","R","?","T","M","E","M","E","M","R","B",null],"character_chosen":"IRONCLAD","items_purchased":["Whetstone","Battle Trance+1","Regen Potion"],"campfire_rested":3,"item_purchase_floors":[14,38,38],"current_hp_per_floor":[68,63,67,67,53,53,44,50,50,50,75,61,61,61,61,41,67,52,52,52,52,67,54,54,52,52,52,52,49,49,35,57,49,69,69,69,69,69,71,44,66,66,66,66,53,74,50,40,64,26],"gold":176,"neow_bonus":"THREE_RARE_CARDS","is_prod":false,"is_daily":false,"chose_seed":false,"campfire_upgraded":5,"win_rate":0,"timestamp":1544911938,"path_taken":["M","?","M","?","M","R","E","M","T","R","?","E","R","$","R","BOSS","M","?","?","$","?","E","R","M","T","?","?","E","?","M","R","BOSS","M","?","?","$","M","E","R","?","T","M","E","M","E","M","R","BOSS"],"build_version":"2018-12-13","purchased_purges":1,"victory":true,"max_hp_per_floor":[75,75,75,75,75,75,75,75,75,75,75,75,75,75,75,75,75,75,75,75,75,75,75,75,75,75,75,75,75,75,75,75,75,75,75,75,75,75,75,75,75,75,75,75,77,79,79,81,81,81],"card_choices":[{"not_picked":["Brutality","Barricade"],"picked":"Demon Form","floor":0.0},{"not_picked":["Warcry","Heavy Blade"],"picked":"Disarm","floor":1.0},{"not_picked":["Perfected Strike","Clash","Warcry"],"picked":"SKIP","floor":2.0},{"not_picked":["Sword Boomerang","Wild Strike"],"picked":"Iron Wave","floor":3.0},{"not_picked":["Flex","Blood for Blood"],"picked":"Combust","floor":5.0},{"not_picked":["Berserk","Havoc"],"picked":"Whirlwind","floor":7.0},{"not_picked":["Infernal Blade","Inflame"],"picked":"Heavy Blade","floor":8.0},{"not_picked":["Flex","Uppercut"],"picked":"Havoc","floor":8.0},{"not_picked":["Clothesline","Havoc"],"picked":"Limit Break","floor":12.0},{"not_picked":["Exhume","Berserk"],"picked":"Impervious","floor":16.0},{"not_picked":["Rupture","Anger"],"picked":"True Grit","floor":18.0},{"not_picked":["Whirlwind","Heavy Blade","Twin Strike"],"picked":"SKIP","floor":18.0},{"not_picked":["Fire Breathing","Brutality"],"picked":"Corruption+1","floor":23.0},{"not_picked":["Berserk","Second Wind"],"picked":"True Grit+1","floor":25.0},{"not_picked":["True Grit","Warcry","Anger"],"picked":"SKIP","floor":25.0},{"not_picked":["Cleave","Reckless Charge","Rampage"],"picked":"SKIP","floor":29.0},{"not_picked":["Cleave","Clash"],"picked":"Armaments+1","floor":31.0},{"not_picked":["Thunderclap","Infernal Blade+1"],"picked":"Pommel Strike+1","floor":31.0},{"not_picked":["Barricade","Brutality"],"picked":"Demon Form","floor":33.0},{"not_picked":["Wild Strike","Metallicize"],"picked":"True Grit+1","floor":35.0},{"not_picked":["Havoc+1","Twin Strike+1"],"picked":"Dual Wield+1","floor":35.0},{"not_picked":["Burning Pact+1","True Grit+1"],"picked":"Demon Form","floor":39.0},{"not_picked":["Pummel","Twin Strike+1"],"picked":"Body Slam+1","floor":39.0},{"not_picked":["Heavy Blade","Perfected Strike"],"picked":"Clothesline","floor":40.0},{"not_picked":["Clothesline","Corruption","Pommel Strike+1"],"picked":"SKIP","floor":44.0},{"not_picked":["Dual Wield+1","Twin Strike","Flex+1"],"picked":"SKIP","floor":44.0},{"not_picked":["Heavy Blade","Rupture","Metallicize"],"picked":"Singing Bowl","floor":45},{"not_picked":["Juggernaut","Clothesline","Dropkick"],"picked":"Singing Bowl","floor":46},{"not_picked":["Fire Breathing","Perfected Strike"],"picked":"Power Through+1","floor":46},{"not_picked":["Body Slam+1","Blood for Blood+1"],"picked":"Sentinel+1","floor":47},{"not_picked":["Evolve+1","Iron Wave","Dark Embrace"],"picked":"Singing Bowl","floor":48},{"not_picked":["Iron Wave","Clothesline"],"picked":"Shrug It Off+1","floor":48}],"player_experience":1813713,"relics_obtained":[{"floor":7.0,"key":"Prayer Wheel"},{"floor":9.0,"key":"Lantern"},{"floor":12.0,"key":"Juzu Bracelet"},{"floor":23.0,"key":"Paper Frog"},{"floor":26.0,"key":"Toxic Egg 2"},{"floor":29.0,"key":"Bottled Flame"},{"floor":40.0,"key":"Orichalcum"},{"floor":43.0,"key":"Nunchaku"},{"floor":45,"key":"Singing Bowl"},{"floor":47,"key":"Gambling Chip"}],"event_choices":[{"damage_healed":0.0,"max_hp_gain":0.0,"max_hp_loss":0.0,"gold_gain":0.0,"event_name":"Liars Game","player_choice":"Ignored","floor":4.0,"gold_loss":0.0,"damage_taken":0.0},{"damage_healed":25.0,"max_hp_gain":0.0,"max_hp_loss":0.0,"gold_gain":0.0,"event_name":"Wheel of Change","player_choice":"Full Heal","floor":11.0,"gold_loss":0.0,"damage_taken":0.0},{"damage_healed":15.0,"max_hp_gain":0.0,"max_hp_loss":0.0,"gold_gain":0.0,"event_name":"The Library","player_choice":"Heal","floor":22.0,"gold_loss":0.0,"damage_taken":0.0},{"damage_healed":0.0,"max_hp_gain":0.0,"max_hp_loss":0.0,"gold_gain":0.0,"event_name":"Drug Dealer","player_choice":"Inject Mutagens","floor":27.0,"gold_loss":0.0,"damage_taken":0.0,"relics_obtained":["MutagenicStrength"]},{"damage_healed":0.0,"max_hp_gain":0.0,"max_hp_loss":0.0,"gold_gain":0.0,"event_name":"The Woman in Blue","player_choice":"Bought 2 Potions","floor":28.0,"gold_loss":0.0,"damage_taken":0.0},{"damage_healed":0.0,"max_hp_gain":0.0,"max_hp_loss":0.0,"gold_gain":0.0,"cards_transformed":["Strike_R"],"event_name":"Transmorgrifier","player_choice":"Transformed","floor":30.0,"gold_loss":0.0,"damage_taken":0.0,"cards_obtained":["Fiend Fire"]},{"damage_healed":0.0,"max_hp_gain":0.0,"max_hp_loss":0.0,"gold_gain":0.0,"event_name":"Duplicator","player_choice":"Copied","floor":36.0,"gold_loss":0.0,"damage_taken":0.0,"cards_obtained":["Limit Break"]},{"cards_removed":["Strike_R"],"damage_healed":0.0,"max_hp_gain":0.0,"max_hp_loss":0.0,"gold_gain":0.0,"event_name":"Falling","player_choice":"Removed Attack","floor":37.0,"gold_loss":0.0,"damage_taken":0.0},{"damage_healed":0.0,"max_hp_gain":0.0,"max_hp_loss":0.0,"gold_gain":0.0,"event_name":"Match and Keep!","player_choice":"0 cards matched","floor":42.0,"gold_loss":0.0,"damage_taken":0.0,"cards_obtained":[]}],"is_beta":false,"boss_relics":[{"not_picked":["Runic Cube","Philosopher\u0027s Stone"],"picked":"Velvet Choker"},{"not_picked":["Fusion Hammer","Empty Cage"],"picked":"Snecko Eye"}],"items_purged_floors":[19],"is_endless":false,"potions_floor_spawned":[1,5,16,18,33,39,45,46],"ascension_level":15}