{"gold_per_floor":[113,131,148,3,78,105,105,105,105,118,118,147,147,147,147,251,251,271,271,271,271,223,223,223,252,252,252,278,297,297,307,307,408,458,474,474,484,484,3,29,29,49,49,62,89,89,89,107,107,107],"floor_reached":51,"playtime":2569,"items_purged":[],"score":1219,"play_id":"104b17dd-8273-41ed-a5f6-6cf9ade518b9","local_time":"20190113063650","is_ascension_mode":true,"campfire_choices":[{"data":"Whirlwind","floor":8.0,"key":"SMITH"},{"data":"Armaments","floor":11.0,"key":"SMITH"},{"data":"Heavy Blade","floor":13.0,"key":"SMITH"},{"data":"Power Through","floor":15.0,"key":"SMITH"},{"data":"Limit Break","floor":23.0,"key":"SMITH"},{"data":"Ghostly Armor","floor":27.0,"key":"SMITH"},{"data":"Sword Boomerang","floor":30.0,"key":"SMITH"},{"data":"Feel No Pain","floor":32.0,"key":"SMITH"},{"data":"Demon Form","floor":41.0,"key":"SMITH"},{"floor":47.0,"key":"REST"},{"floor":49.0,"key":"REST"}],"neow_cost":"NONE","seed_source_timestamp":106114935979046,"circlet_count":0,"master_deck":["Strike_R+1","Strike_R+1","Strike_R+1","Strike_R+1","Defend_R+1","Defend_R+1","Defend_R+1","Bash","Armaments+1","Power Through+1","Pommel Strike+1","Spot Weakness","Whirlwind+1","Heavy Blade+1","Ghostly Armor+1","Feel No Pain+1","Limit Break+1","Warcry+1","Evolve","Sword Boomerang","Shrug It Off","Sword Boomerang+1","Burning Pact+1","Demon Form+1","Headbutt","Limit Break+1","Seeing Red","Iron Wave"],"special_seed":0,"relics":["Burning Blood","PreservedInsect","Prayer Wheel","FossilizedHelix","Magic Flower","Busted Crown","MutagenicStrength","Smiling Mask","Blue Candle","Bottled Flame","Tiny House","DollysMirror","Mango","Vajra","Oddly Smooth Stone","Happy Flower"],"potions_floor_usage":[50,50],"damage_taken":[{"damage":13.0,"enemies":"Jaw Worm","floor":1.0,"turns":4.0},{"damage":2.0,"enemies":"2 Louse","floor":2.0,"turns":3.0},{"damage":3.0,"enemies":"Small Slimes","floor":3.0,"turns":4.0},{"damage":15.0,"enemies":"3 Sentries","floor":6.0,"turns":10.0},{"damage":0.0,"enemies":"2 Fungi Beasts","floor":10.0,"turns":3.0},{"damage":0.0,"enemies":"Gremlin Nob","floor":12.0,"turns":3.0},{"damage":60.0,"enemies":"Hexaghost","floor":16.0,"turns":14.0},{"damage":0.0,"enemies":"Spheric Guardian","floor":18.0,"turns":5.0},{"damage":0.0,"enemies":"Slavers","floor":25.0,"turns":3.0},{"damage":15.0,"enemies":"Book of Stabbing","floor":28.0,"turns":6.0},{"damage":0.0,"enemies":"3 Byrds","floor":29.0,"turns":2.0},{"damage":12.0,"enemies":"Centurion and Healer","floor":31.0,"turns":5.0},{"damage":63.0,"enemies":"Champ","floor":33.0,"turns":12.0},{"damage":9.0,"enemies":"3 Darklings","floor":35.0,"turns":3.0},{"damage":0.0,"enemies":"3 Shapes","floor":37.0,"turns":1.0},{"damage":32.0,"enemies":"Giant Head","floor":40.0,"turns":7.0},{"damage":52.0,"enemies":"Transient","floor":42.0,"turns":5.0},{"damage":12.0,"enemies":"Writhing Mass","floor":44.0,"turns":5.0},{"damage":0.0,"enemies":"Reptomancer","floor":45.0,"turns":4.0},{"damage":39.0,"enemies":"Spire Growth","floor":48.0,"turns":5.0},{"damage":104,"enemies":"Awakened One","floor":50,"turns":11}],"seed_played":"-8971438819050805721","potions_obtained":[{"floor":3.0,"key":"Regen Potion"},{"floor":6.0,"key":"Dexterity Potion"},{"floor":12.0,"key":"Explosive Potion"},{"floor":16.0,"key":"BloodPotion"},{"floor":25.0,"key":"PowerPotion"},{"floor":28.0,"key":"Energy Potion"},{"floor":33.0,"key":"Regen Potion"},{"floor":48.0,"key":"LiquidBronze"}],"is_trial":false,"path_per_floor":["M","M","M","$","?","E","?","R","T","M","R","E","R","?","R","B",null,"M","?","?","?","$","R","?","E","T","R","E","M","R","M","R","B",null,"M","$","M","?","$","E","R","M","T","M","E","?","R","M","R","B",null],"character_chosen":"IRONCLAD","items_purchased":["PreservedInsect","Sword Boomerang","DollysMirror","Mango"],"campfire_rested":2,"item_purchase_floors":[4,22,39,39],"current_hp_per_floor":[73,77,80,80,69,60,60,60,60,66,66,72,72,77,77,26,76,85,85,85,85,85,85,85,93,93,93,87,93,93,90,90,36,84,84,84,93,93,107,84,84,41,41,57,66,66,99,69,102,31],"gold":107,"neow_bonus":"TEN_PERCENT_HP_BONUS","is_prod":false,"is_daily":false,"chose_seed":false,"campfire_upgraded":9,"win_rate":0,"timestamp":1547357810,"path_taken":["M","M","M","$","?","E","?","R","T","M","R","E","R","?","R","BOSS","M","?","?","?","$","R","?","E","T","R","E","M","R","M","R","BOSS","M","$","M","?","$","E","R","M","T","M","E","?","R","M","R","BOSS"],"build_version":"2019-01-10","purchased_purges":0,"victory":true,"max_hp_per_floor":[88,88,88,88,88,88,88,88,88,88,88,88,88,93,93,93,93,93,93,93,93,93,93,93,93,93,93,93,93,93,93,93,93,98,98,98,98,98,112,112,112,112,112,112,112,112,112,112,112,112],"card_choices":[{"not_picked":["Infernal Blade","Clothesline"],"picked":"Armaments","floor":1.0},{"not_picked":["Second Wind","Warcry"],"picked":"Power Through","floor":2.0},{"not_picked":["Clothesline","Anger"],"picked":"Pommel Strike","floor":3.0},{"not_picked":["Thunderclap","Sever Soul"],"picked":"Spot Weakness","floor":6.0},{"not_picked":["Corruption","Armaments"],"picked":"Heavy Blade","floor":10.0},{"not_picked":["Flex","Thunderclap"],"picked":"Ghostly Armor","floor":10.0},{"not_picked":["Armaments","Wild Strike"],"picked":"Feel No Pain","floor":12.0},{"not_picked":["Brutality","Berserk"],"picked":"Limit Break","floor":16.0},{"not_picked":[],"picked":"Warcry+1","floor":18.0},{"not_picked":["Pommel Strike"],"picked":"SKIP","floor":18.0},{"not_picked":[],"picked":"Shrug It Off","floor":25.0},{"not_picked":[],"picked":"Sword Boomerang","floor":28.0},{"not_picked":["Brutality"],"picked":"SKIP","floor":29.0},{"not_picked":["Sword Boomerang+1"],"picked":"SKIP","floor":29.0},{"not_picked":[],"picked":"Burning Pact+1","floor":31.0},{"not_picked":["Cleave+1"],"picked":"SKIP","floor":31.0},{"not_picked":[],"picked":"Demon Form","floor":33.0},{"not_picked":[],"picked":"Headbutt","floor":34.0},{"not_picked":["Armaments+1"],"picked":"SKIP","floor":35.0},{"not_picked":["Evolve"],"picked":"SKIP","floor":35.0},{"not_picked":["Pommel Strike"],"picked":"SKIP","floor":37.0},{"not_picked":["Clothesline"],"picked":"SKIP","floor":37.0},{"not_picked":["Body Slam"],"picked":"SKIP","floor":40.0},{"not_picked":["Sever Soul"],"picked":"SKIP","floor":42.0},{"not_picked":["Flex"],"picked":"SKIP","floor":42.0},{"not_picked":[],"picked":"Seeing Red","floor":44.0},{"not_picked":["Sword Boomerang"],"picked":"SKIP","floor":44.0},{"not_picked":["Armaments+1"],"picked":"SKIP","floor":45.0},{"not_picked":[],"picked":"Iron Wave","floor":48.0},{"not_picked":["Flex+1"],"picked":"SKIP","floor":48.0}],"player_experience":458654,"relics_obtained":[{"floor":6.0,"key":"Prayer Wheel"},{"floor":9.0,"key":"FossilizedHelix"},{"floor":12.0,"key":"Magic Flower"},{"floor":25.0,"key":"Smiling Mask"},{"floor":26.0,"key":"Blue Candle"},{"floor":28.0,"key":"Bottled Flame"},{"floor":40.0,"key":"Vajra"},{"floor":43.0,"key":"Oddly Smooth Stone"},{"floor":45.0,"key":"Happy Flower"}],"event_choices":[{"damage_healed":0.0,"max_hp_gain":0.0,"max_hp_loss":0.0,"gold_gain":75.0,"event_name":"World of Goop","player_choice":"Gather Gold","floor":5.0,"gold_loss":0.0,"damage_taken":11.0},{"damage_healed":0.0,"max_hp_gain":0.0,"max_hp_loss":0.0,"gold_gain":0.0,"cards_transformed":["Defend_R"],"event_name":"Living Wall","player_choice":"Change","floor":7.0,"gold_loss":0.0,"damage_taken":0.0,"cards_obtained":["Whirlwind"]},{"damage_healed":0.0,"max_hp_gain":5.0,"max_hp_loss":0.0,"gold_gain":0.0,"event_name":"Big Fish","player_choice":"Donut","floor":14.0,"gold_loss":0.0,"damage_taken":0.0},{"damage_healed":0.0,"max_hp_gain":0.0,"max_hp_loss":0.0,"gold_gain":0.0,"event_name":"The Library","player_choice":"Read","floor":19.0,"gold_loss":0.0,"damage_taken":0.0,"cards_obtained":["Evolve"]},{"damage_healed":0.0,"max_hp_gain":0.0,"max_hp_loss":0.0,"gold_gain":0.0,"event_name":"Back to Basics","player_choice":"Simplicity","floor":20.0,"gold_loss":0.0,"damage_taken":0.0,"cards_upgraded":["Strike_R","Strike_R","Strike_R","Strike_R","Strike_R","Defend_R","Defend_R","Defend_R"]},{"damage_healed":0.0,"max_hp_gain":0.0,"max_hp_loss":0.0,"gold_gain":0.0,"event_name":"Drug Dealer","player_choice":"Inject Mutagens","floor":21.0,"gold_loss":0.0,"damage_taken":0.0,"relics_obtained":["MutagenicStrength"]},{"damage_healed":0.0,"max_hp_gain":0.0,"max_hp_loss":0.0,"gold_gain":0.0,"event_name":"SensoryStone","player_choice":"Memory 1","floor":38.0,"gold_loss":0.0,"damage_taken":0.0},{"cards_removed":["Strike_R"],"damage_healed":0.0,"max_hp_gain":0.0,"max_hp_loss":0.0,"gold_gain":0.0,"event_name":"Bonfire Elementals","player_choice":"Offered Basic","floor":46.0,"gold_loss":0.0,"damage_taken":0.0}],"is_beta":false,"boss_relics":[{"not_picked":["Fusion Hammer","Runic Pyramid"],"picked":"Busted Crown"},{"not_picked":["Lizard Tail","Mark of Pain"],"picked":"Tiny House"}],"items_purged_floors":[],"is_endless":false,"potions_floor_spawned":[3,6,12,16,25,28,33,35,42,48],"ascension_level":8}