{"gold_per_floor":[109,121,121,121,134,134,161,161,161,220,239,239,254,283,283,359,359,371,421,434,709,727,727],"floor_reached":23,"playtime":801,"items_purged":[],"score":439,"play_id":"e1f408ec-1352-4541-a2df-f377281b93fe","local_time":"20190215162609","is_ascension_mode":true,"campfire_choices":[{"data":"Defragment","floor":6.0,"key":"SMITH"},{"data":"Dualcast","floor":8.0,"key":"SMITH"},{"floor":12.0,"key":"REST"},{"data":"Loop","floor":15,"key":"SMITH"}],"neow_cost":"NONE","seed_source_timestamp":30760533948651,"circlet_count":0,"master_deck":["AscendersBane","Strike_B+1","Strike_B","Strike_B","Strike_B","Defend_B","Defend_B","Defend_B","Defend_B","Zap+1","Dualcast+1","Ball Lightning+1","Undo","Defragment+1","Storm","White Noise","Coolheaded","Capacitor","Loop+1","Electrodynamics","Ball Lightning","Regret"],"special_seed":0,"relics":["Cracked Core","Blue Candle","Darkstone Periapt","DataDisk","Whetstone","Snecko Eye"],"potions_floor_usage":[16,20,23,23],"damage_taken":[{"damage":3.0,"enemies":"2 Louse","floor":1.0,"turns":4.0},{"damage":7.0,"enemies":"Jaw Worm","floor":2.0,"turns":2.0},{"damage":0.0,"enemies":"Cultist","floor":5.0,"turns":4.0},{"damage":10.0,"enemies":"Gremlin Nob","floor":7.0,"turns":4.0},{"damage":24.0,"enemies":"Lagavulin Event","floor":10.0,"turns":4.0},{"damage":0.0,"enemies":"Looter","floor":11.0,"turns":2.0},{"damage":24.0,"enemies":"3 Louse","floor":13.0,"turns":3.0},{"damage":9.0,"enemies":"3 Sentries","floor":14.0,"turns":5.0},{"damage":0,"enemies":"Slime Boss","floor":16,"turns":5},{"damage":30,"enemies":"Shell Parasite","floor":18,"turns":7},{"damage":6,"enemies":"Spheric Guardian","floor":20,"turns":3},{"damage":25,"enemies":"Shelled Parasite and Fungi","floor":22,"turns":6},{"damage":18,"enemies":"Gremlin Leader","floor":23,"turns":1}],"seed_played":"-5234852860888332448","potions_obtained":[{"floor":11.0,"key":"Fire Potion"},{"floor":13.0,"key":"AttackPotion"},{"floor":14,"key":"Dexterity Potion"},{"floor":16,"key":"Regen Potion"},{"floor":20,"key":"Explosive Potion"}],"is_trial":false,"path_per_floor":["M","M","?","?","M","R","E","R","T","?","M","R","M","E","R","B",null,"M","?","M","?","M","E"],"character_chosen":"DEFECT","items_purchased":[],"campfire_rested":1,"item_purchase_floors":[],"current_hp_per_floor":[68,61,61,61,61,61,51,51,51,27,27,50,26,17,17,17,63,33,33,36,42,17,0],"gold":727,"neow_bonus":"TEN_PERCENT_HP_BONUS","is_prod":false,"is_daily":false,"chose_seed":false,"campfire_upgraded":3,"win_rate":0,"timestamp":1550276769,"path_taken":["M","M","?","?","M","R","E","R","T","?","M","R","M","E","R","BOSS","M","?","M","?","M","E"],"build_version":"2019-01-23","purchased_purges":0,"victory":false,"max_hp_per_floor":[78,78,78,78,78,78,78,78,78,78,78,78,78,78,78,78,78,78,78,78,84,84,84],"card_choices":[{"not_picked":["Stack","Steam"],"picked":"Ball Lightning","floor":1.0},{"not_picked":["Static Discharge","Aggregate"],"picked":"Undo","floor":2.0},{"not_picked":["Genetic Algorithm","Sunder"],"picked":"Defragment","floor":5.0},{"not_picked":["Streamline","Stack"],"picked":"Storm","floor":7.0},{"not_picked":["Storm","Streamline"],"picked":"White Noise","floor":10.0},{"not_picked":["Sweeping Beam","Hologram"],"picked":"Coolheaded","floor":11.0},{"not_picked":["Go for the Eyes","Hologram"],"picked":"Capacitor","floor":13.0},{"not_picked":["Blizzard","Chaos"],"picked":"Loop","floor":14},{"not_picked":["Rainbow","Fission"],"picked":"Electrodynamics","floor":16},{"not_picked":["Barrage+1","Streamline"],"picked":"Ball Lightning","floor":18},{"not_picked":["Beam Cell","Chaos","Go for the Eyes"],"picked":"SKIP","floor":20},{"not_picked":["Sweeping Beam","Barrage","Redo"],"picked":"SKIP","floor":22}],"player_experience":2215657,"relics_obtained":[{"floor":7.0,"key":"Blue Candle"},{"floor":9.0,"key":"Darkstone Periapt"},{"floor":10.0,"key":"DataDisk"},{"floor":14,"key":"Whetstone"}],"event_choices":[{"damage_healed":0.0,"max_hp_gain":0.0,"max_hp_loss":0.0,"gold_gain":0.0,"event_name":"Living Wall","player_choice":"Grow","floor":3.0,"gold_loss":0.0,"damage_taken":0.0,"cards_upgraded":["Zap"]},{"damage_healed":0.0,"max_hp_gain":0.0,"max_hp_loss":0.0,"gold_gain":0.0,"event_name":"Liars Game","player_choice":"Ignored","floor":4.0,"gold_loss":0.0,"damage_taken":0.0},{"damage_healed":0.0,"max_hp_gain":0.0,"max_hp_loss":0.0,"gold_gain":0.0,"event_name":"Dead Adventurer","player_choice":"Searched \u00271\u0027 times","floor":10.0,"gold_loss":0.0,"damage_taken":0.0},{"damage_healed":0,"gold_gain":50,"player_choice":"Stole From Cult","damage_taken":0,"max_hp_gain":0,"max_hp_loss":0,"event_name":"Nest","floor":19,"gold_loss":0},{"damage_healed":0,"gold_gain":275,"player_choice":"Desecrate","damage_taken":0,"max_hp_gain":0,"max_hp_loss":0,"event_name":"Golden Shrine","floor":21,"gold_loss":0,"cards_obtained":["Regret"]}],"is_beta":false,"boss_relics":[{"not_picked":["Tiny House","Inserter"],"picked":"Snecko Eye"}],"items_purged_floors":[],"is_endless":false,"potions_floor_spawned":[11,13,14,16,20,22],"killed_by":"Gremlin Leader","ascension_level":15}