{"gold_per_floor":[111,121,121,121,0,0,32,32,89,106,138,155,180,200,200,275,275,200,200,200,200],"floor_reached":21,"playtime":702,"items_purged":[],"score":345,"play_id":"8502e80b-fbb6-4de7-9813-29d8c1a75c2e","local_time":"20181101113144","is_ascension_mode":true,"campfire_choices":[{"data":"Zap","floor":6.0,"key":"SMITH"},{"data":"Streamline","floor":8.0,"key":"SMITH"},{"data":"Go for the Eyes","floor":15.0,"key":"SMITH"}],"neow_cost":"NONE","seed_source_timestamp":1370422359841,"circlet_count":0,"master_deck":["Strike_B","Strike_B","Strike_B","Defend_B","Defend_B","Defend_B","Defend_B","Zap+1","Dualcast","AscendersBane","Streamline+1","Go for the Eyes+1","Chill","Leap","Conserve Battery","Cold Snap","Sweeping Beam","Capacitor","Fission","Defragment","Ghostly","Ghostly","Ghostly"],"special_seed":0,"relics":["Cracked Core","DataDisk","Regal Pillow","Tiny Chest","Ancient Tea Set","Darkstone Periapt","Ectoplasm"],"potions_floor_usage":[],"damage_taken":[{"damage":5.0,"enemies":"Small Slimes","floor":1.0,"turns":4.0},{"damage":6.0,"enemies":"Cultist","floor":2.0,"turns":3.0},{"damage":15.0,"enemies":"3 Sentries","floor":7.0,"turns":13.0},{"damage":0.0,"enemies":"Jaw Worm","floor":10.0,"turns":2.0},{"damage":6.0,"enemies":"Lagavulin","floor":11.0,"turns":6.0},{"damage":0.0,"enemies":"Looter","floor":12.0,"turns":3.0},{"damage":5.0,"enemies":"Gremlin Nob","floor":13.0,"turns":3.0},{"damage":0.0,"enemies":"Exordium Wildlife","floor":14.0,"turns":3.0},{"damage":24.0,"enemies":"Hexaghost","floor":16.0,"turns":10.0},{"damage":31,"enemies":"2 Thieves","floor":18,"turns":5},{"damage":17,"enemies":"Colosseum Slavers","floor":19,"turns":5},{"damage":9,"enemies":"Spheric Guardian","floor":21,"turns":3}],"seed_played":"948022465040601955","potions_obtained":[{"floor":1.0,"key":"Weak Potion"},{"floor":11.0,"key":"Fire Potion"},{"floor":14.0,"key":"FearPotion"},{"floor":16.0,"key":"Dexterity Potion"}],"is_trial":false,"path_per_floor":["M","M","?","?","$","R","E","R","T","M","E","M","E","M","R","B",null,"M","?","?"],"character_chosen":"DEFECT","items_purchased":["Chill","Leap"],"campfire_rested":0,"item_purchase_floors":[5,5],"current_hp_per_floor":[59,53,53,53,53,53,38,38,38,38,32,32,27,27,27,3,54,23,6,6,0],"gold":200,"neow_bonus":"RANDOM_COMMON_RELIC","is_prod":false,"is_daily":false,"chose_seed":false,"campfire_upgraded":3,"win_rate":0,"timestamp":1541097104,"path_taken":["M","M","?","?","$","R","E","R","T","M","E","M","E","?","R","BOSS","M","?","?","M"],"build_version":"2018-10-25v2","purchased_purges":0,"victory":false,"max_hp_per_floor":[71,71,71,71,71,71,71,71,71,71,71,71,71,71,71,71,71,71,71,35,35],"card_choices":[{"not_picked":["Gash","Sweeping Beam"],"picked":"Streamline","floor":1.0},{"not_picked":["Capacitor","Gash"],"picked":"Go for the Eyes","floor":2.0},{"not_picked":["Steam","Gash"],"picked":"Conserve Battery","floor":7.0},{"not_picked":["Fusion","Beam Cell","Conserve Battery"],"picked":"SKIP","floor":10.0},{"not_picked":["Genetic Algorithm","Sunder"],"picked":"Cold Snap","floor":11.0},{"not_picked":["Chaos","Redo"],"picked":"Sweeping Beam","floor":12.0},{"not_picked":["Loop","White Noise"],"picked":"Capacitor","floor":13.0},{"not_picked":["Turbo","Streamline","Stack"],"picked":"SKIP","floor":14.0},{"not_picked":["Hyperbeam","Amplify"],"picked":"Fission","floor":16.0},{"not_picked":["Scrape","Streamline"],"picked":"Defragment","floor":18}],"player_experience":1537530,"relics_obtained":[{"floor":7.0,"key":"Regal Pillow"},{"floor":9.0,"key":"Tiny Chest"},{"floor":11.0,"key":"Ancient Tea Set"},{"floor":13.0,"key":"Darkstone Periapt"}],"event_choices":[{"cards_removed":["Strike_B"],"damage_healed":0.0,"max_hp_gain":0.0,"max_hp_loss":0.0,"gold_gain":0.0,"event_name":"Bonfire Elementals","player_choice":"Offered Basic","floor":3.0,"gold_loss":0.0,"damage_taken":0.0},{"damage_healed":0.0,"max_hp_gain":0.0,"max_hp_loss":0.0,"gold_gain":0.0,"event_name":"Golden Idol","player_choice":"Ignored","floor":4.0,"gold_loss":0.0,"damage_taken":0.0},{"damage_healed":0,"gold_gain":0,"player_choice":"Fight","damage_taken":0,"max_hp_gain":0,"max_hp_loss":0,"event_name":"Colosseum","floor":19,"gold_loss":0},{"damage_healed":0,"gold_gain":0,"player_choice":"Fled From Nobs","damage_taken":0,"max_hp_gain":0,"max_hp_loss":0,"event_name":"Colosseum","floor":19,"gold_loss":0},{"damage_healed":0,"gold_gain":0,"player_choice":"Became a Ghost","damage_taken":0,"max_hp_gain":0,"max_hp_loss":36,"event_name":"Ghosts","floor":20,"gold_loss":0,"cards_obtained":["Ghostly","Ghostly","Ghostly"]}],"is_beta":false,"boss_relics":[{"not_picked":["Calling Bell","FrozenCore"],"picked":"Ectoplasm"}],"items_purged_floors":[],"is_endless":false,"potions_floor_spawned":[1,11,14,16],"killed_by":"Spheric Guardian","ascension_level":15}