{"gold_per_floor":[212,227,247,261,261,261,295,313,392,111,444,444,494,524,524,597,597,616,616,153,171,185,185,213,213,213,242,255,59,84,107,107,178,178,192,192,42,42,55,55,85,96,96,127,127,139,40,40,40,40],"floor_reached":51,"playtime":2095,"items_purged":["Strike_B","Strike_B","Defend_B"],"score":1451,"play_id":"7bd0e412-2dbe-49e6-b569-e7611d31b28c","local_time":"20181105110025","is_ascension_mode":true,"campfire_choices":[{"data":"Zap","floor":6.0,"key":"SMITH"},{"floor":12.0,"key":"REST"},{"data":"Streamline","floor":15.0,"key":"SMITH"},{"data":"Go for the Eyes","floor":23.0,"key":"SMITH"},{"data":"Defragment","floor":25.0,"key":"SMITH"},{"floor":32.0,"key":"REST"},{"floor":40.0,"key":"REST"},{"data":"Capacitor","floor":45.0,"key":"SMITH"},{"floor":49.0,"key":"REST"}],"neow_cost":"NONE","seed_source_timestamp":147428618026126,"circlet_count":0,"master_deck":["AscendersBane","Strike_B","Strike_B","Defend_B","Defend_B+1","Defend_B","Zap+1","Dualcast","Gash","Coolheaded+1","Glacier+1","Barrage+1","Streamline+1","Cold Snap","Compile Driver","Biased Cognition","Compile Driver","Go for the Eyes+1","Glacier","Defragment+1","Core Surge","Cold Snap+1","Capacitor+1","Ball Lightning","Capacitor"],"special_seed":0,"relics":["Cracked Core","Darkstone Periapt","Shuriken","PreservedInsect","Old Coin","Juzu Bracelet","Velvet Choker","War Paint","Blood Vial","Ancient Tea Set","Regal Pillow","Red Mask","OrangePellets","Potion Belt","Art of War","Black Star","Anchor","Orichalcum","Smiling Mask","Cables","Meat on the Bone"],"potions_floor_usage":[50,50,50],"damage_taken":[{"damage":1.0,"enemies":"Cultist","floor":1.0,"turns":3.0},{"damage":2.0,"enemies":"Jaw Worm","floor":2.0,"turns":3.0},{"damage":1.0,"enemies":"2 Louse","floor":3.0,"turns":2.0},{"damage":3.0,"enemies":"Lots of Slimes","floor":4.0,"turns":4.0},{"damage":21.0,"enemies":"Gremlin Nob","floor":7.0,"turns":4.0},{"damage":0.0,"enemies":"2 Fungi Beasts","floor":8.0,"turns":3.0},{"damage":1.0,"enemies":"Lagavulin","floor":11.0,"turns":5.0},{"damage":4.0,"enemies":"3 Sentries","floor":14.0,"turns":5.0},{"damage":25.0,"enemies":"Slime Boss","floor":16.0,"turns":12.0},{"damage":2.0,"enemies":"Spheric Guardian","floor":18.0,"turns":3.0},{"damage":0.0,"enemies":"3 Byrds","floor":21.0,"turns":4.0},{"damage":0.0,"enemies":"Snake Plant","floor":22.0,"turns":4.0},{"damage":5.0,"enemies":"Gremlin Leader","floor":24.0,"turns":6.0},{"damage":0.0,"enemies":"Masked Bandits","floor":27.0,"turns":5.0},{"damage":0.0,"enemies":"3 Cultists","floor":28.0,"turns":5.0},{"damage":10.0,"enemies":"Slavers","floor":30.0,"turns":7.0},{"damage":0.0,"enemies":"Champ","floor":33.0,"turns":12.0},{"damage":6.0,"enemies":"3 Shapes","floor":35.0,"turns":7.0},{"damage":20.0,"enemies":"3 Darklings","floor":39.0,"turns":6.0},{"damage":0.0,"enemies":"Reptomancer","floor":41.0,"turns":9.0},{"damage":4.0,"enemies":"Transient","floor":42.0,"turns":5.0},{"damage":3.0,"enemies":"Giant Head","floor":44.0,"turns":9.0},{"damage":24.0,"enemies":"Jaw Worm Horde","floor":46.0,"turns":5.0},{"damage":7,"enemies":"Time Eater","floor":50,"turns":14}],"seed_played":"3472152653825237731","potions_obtained":[{"floor":1.0,"key":"AttackPotion"},{"floor":3.0,"key":"GamblersBrew"},{"floor":4.0,"key":"SpeedPotion"},{"floor":22.0,"key":"GamblersBrew"},{"floor":27.0,"key":"SneckoOil"},{"floor":30.0,"key":"LiquidBronze"},{"floor":33.0,"key":"Poison Potion"},{"floor":42.0,"key":"SpeedPotion"}],"is_trial":false,"path_per_floor":["M","M","M","M","?","R","E","M","T","$","E","R","?","E","R","B",null,"M","?","$","M","M","R","E","R","T","?","M","$","E","T","R","B",null,"M","?","$","?","M","R","E","M","T","E","R","M","$","?","R","B",null],"character_chosen":"DEFECT","items_purchased":["Compile Driver","PreservedInsect","War Paint","Compile Driver","Blood Vial","OrangePellets","Capacitor","FocusPotion","SpeedPotion"],"campfire_rested":4,"item_purchase_floors":[10,10,20,20,20,29,37,37,47],"current_hp_per_floor":[63,61,60,57,36,36,15,15,15,15,14,35,35,31,31,6,55,53,53,53,55,57,57,54,54,54,56,58,58,50,50,71,71,71,65,65,65,65,47,67,67,63,63,62,62,40,40,40,67,60],"gold":40,"neow_bonus":"HUNDRED_GOLD","is_prod":false,"is_daily":false,"chose_seed":false,"campfire_upgraded":5,"win_rate":0,"timestamp":1541444425,"path_taken":["M","M","?","M","?","R","E","M","T","$","E","R","?","E","R","BOSS","M","?","$","M","M","R","E","R","T","?","M","$","E","?","R","BOSS","M","?","$","?","M","R","E","M","T","E","R","M","$","?","R","BOSS"],"build_version":"2018-11-01","purchased_purges":3,"victory":true,"max_hp_per_floor":[71,71,71,71,71,71,71,71,71,71,71,71,71,71,71,71,71,71,71,71,71,71,71,71,71,71,71,71,71,71,71,71,71,71,71,67,67,67,67,67,67,67,67,67,67,67,67,67,67,67],"card_choices":[{"not_picked":["Reinforced Body","Force Field"],"picked":"Gash","floor":1.0},{"not_picked":["Reinforced Body","Beam Cell"],"picked":"Coolheaded","floor":2.0},{"not_picked":["Redo","Double Energy"],"picked":"Glacier","floor":3.0},{"not_picked":["Rebound","Storm"],"picked":"Barrage","floor":4.0},{"not_picked":["Stack","Fusion"],"picked":"Streamline","floor":7.0},{"not_picked":["Reinforced Body","Streamline"],"picked":"Cold Snap","floor":8.0},{"not_picked":["Sunder","Heatsinks","Beam Cell"],"picked":"SKIP","floor":11.0},{"not_picked":["Aggregate","Cold Snap","Streamline"],"picked":"SKIP","floor":14.0},{"not_picked":["Thunder Strike","Meteor Strike"],"picked":"Biased Cognition","floor":16.0},{"not_picked":["Aggregate","Chaos+1","Leap"],"picked":"SKIP","floor":18.0},{"not_picked":["Turbo","Recycle"],"picked":"Go for the Eyes","floor":21.0},{"not_picked":["Streamline","BootSequence"],"picked":"Glacier","floor":22.0},{"not_picked":["Fusion","Sweeping Beam"],"picked":"Defragment","floor":24.0},{"not_picked":["Steam Power","Redo","FTL"],"picked":"SKIP","floor":28.0},{"not_picked":["Beam Cell","Creative AI","Redo"],"picked":"SKIP","floor":30.0},{"not_picked":["Buffer","Thunder Strike"],"picked":"Core Surge","floor":33.0},{"not_picked":["Gash","Genetic Algorithm"],"picked":"Cold Snap+1","floor":35.0},{"not_picked":["Go for the Eyes+1","Coolheaded","Turbo+1"],"picked":"SKIP","floor":39.0},{"not_picked":["Beam Cell","Conserve Battery"],"picked":"Ball Lightning","floor":41.0},{"not_picked":["Beam Cell","Compile Driver"],"picked":"Capacitor","floor":42.0},{"not_picked":["Self Repair+1","Recycle+1","Rebound"],"picked":"SKIP","floor":44.0},{"not_picked":["Beam Cell","Heatsinks","Sweeping Beam"],"picked":"SKIP","floor":46.0}],"player_experience":1590975,"relics_obtained":[{"floor":7.0,"key":"Darkstone Periapt"},{"floor":9.0,"key":"Shuriken"},{"floor":11.0,"key":"Old Coin"},{"floor":14.0,"key":"Juzu Bracelet"},{"floor":24.0,"key":"Ancient Tea Set"},{"floor":26.0,"key":"Regal Pillow"},{"floor":27.0,"key":"Red Mask"},{"floor":30.0,"key":"Potion Belt"},{"floor":31.0,"key":"Art of War"},{"floor":41.0,"key":"Anchor"},{"floor":41.0,"key":"Orichalcum"},{"floor":43.0,"key":"Smiling Mask"},{"floor":44.0,"key":"Cables"},{"floor":44.0,"key":"Meat on the Bone"}],"event_choices":[{"damage_healed":0.0,"max_hp_gain":0.0,"max_hp_loss":0.0,"gold_gain":0.0,"event_name":"Shining Light","player_choice":"Entered Light","floor":5.0,"gold_loss":0.0,"damage_taken":21.0,"cards_upgraded":["Barrage","Coolheaded"]},{"damage_healed":0.0,"max_hp_gain":0.0,"max_hp_loss":0.0,"gold_gain":50.0,"event_name":"Golden Shrine","player_choice":"Pray","floor":13.0,"gold_loss":0.0,"damage_taken":0.0},{"damage_healed":0.0,"max_hp_gain":0.0,"max_hp_loss":0.0,"gold_gain":0.0,"event_name":"Ghosts","player_choice":"Ignored","floor":19.0,"gold_loss":0.0,"damage_taken":0.0},{"damage_healed":0.0,"max_hp_gain":0.0,"max_hp_loss":0.0,"gold_gain":0.0,"event_name":"Masked Bandits","player_choice":"Fought Bandits","floor":27.0,"gold_loss":0.0,"damage_taken":0.0},{"damage_healed":0.0,"max_hp_gain":0.0,"max_hp_loss":4.0,"gold_gain":0.0,"event_name":"Winding Halls","player_choice":"Max HP","floor":36.0,"gold_loss":0.0,"damage_taken":0.0},{"damage_healed":0.0,"max_hp_gain":0.0,"max_hp_loss":0.0,"gold_gain":0.0,"event_name":"SensoryStone","player_choice":"Memory 1","floor":38.0,"gold_loss":0.0,"damage_taken":0.0},{"damage_healed":0.0,"max_hp_gain":0.0,"max_hp_loss":0.0,"gold_gain":0.0,"event_name":"WeMeetAgain","player_choice":"Ignored","floor":48.0,"gold_loss":0.0,"damage_taken":0.0}],"is_beta":false,"boss_relics":[{"not_picked":["Lizard Tail","Runic Dome"],"picked":"Velvet Choker"},{"not_picked":["Astrolabe","Sozu"],"picked":"Black Star"}],"items_purged_floors":[10,20,47],"is_endless":false,"potions_floor_spawned":[1,3,4,7,22,27,30,33,42],"ascension_level":15}