{"gold_per_floor":[115,115,115,131,149,149,149,166,166,177,204,204,230,54,54,157,157,174,192,192,207,207,242,255,255,255,104,104,124,124,143,143,244,244,262,262,0,14,25,25,41,41,87,102,132,232,31,31,31,31],"floor_reached":51,"playtime":1539,"items_purged":["Defend_R","Strike_R"],"score":1124,"play_id":"c5f5d97d-81bb-41a3-9a8e-4cdc36392679","local_time":"25611111172458","is_ascension_mode":true,"campfire_choices":[{"data":"Thunderclap","floor":6.0,"key":"SMITH"},{"data":"Pommel Strike","floor":12.0,"key":"SMITH"},{"floor":15.0,"key":"REST"},{"floor":25.0,"key":"REST"},{"data":"Demon Form","floor":30.0,"key":"SMITH"},{"floor":32.0,"key":"REST"},{"data":"Immolate","floor":40,"key":"SMITH"},{"floor":42,"key":"REST"},{"floor":49,"key":"DIG"}],"neow_cost":"NONE","seed_source_timestamp":23756231044916,"circlet_count":0,"master_deck":["Strike_R","Strike_R+1","Strike_R+1","Defend_R","Defend_R","Defend_R","Bash+1","Thunderclap+1","Pommel Strike+1","Clash","Intimidate","Demon Form+1","Immolate+1","Heavy Blade+1","Fire Breathing+1","RitualDagger","True Grit+1","Reaper","Spot Weakness+1","Power Through+1","Parasite","Shrug It Off+1","Seeing Red+1"],"special_seed":0,"relics":["Burning Blood","Ice Cream","Meat on the Bone","Odd Mushroom","Pen Nib","Eternal Feather","Nilry\u0027s Codex","PreservedInsect","Bag of Preparation","Cursed Key","Red Mask","Blood Vial","Oddly Smooth Stone","Shovel","Ancient Tea Set","SsserpentHead","The Courier"],"potions_floor_usage":[41,45,46,50],"damage_taken":[{"damage":2.0,"enemies":"Jaw Worm","floor":1.0,"turns":6.0},{"damage":1.0,"enemies":"Small Slimes","floor":4.0,"turns":6.0},{"damage":9.0,"enemies":"2 Louse","floor":5.0,"turns":3.0},{"damage":8.0,"enemies":"Large Slime","floor":8.0,"turns":4.0},{"damage":11.0,"enemies":"Looter","floor":10.0,"turns":2.0},{"damage":1.0,"enemies":"The Mushroom Lair","floor":11.0,"turns":3.0},{"damage":13.0,"enemies":"Lagavulin","floor":13.0,"turns":4.0},{"damage":38.0,"enemies":"The Guardian","floor":16.0,"turns":7.0},{"damage":4.0,"enemies":"3 Byrds","floor":18.0,"turns":4.0},{"damage":22.0,"enemies":"Spheric Guardian","floor":19.0,"turns":4.0},{"damage":6.0,"enemies":"Centurion and Healer","floor":21.0,"turns":5.0},{"damage":10.0,"enemies":"Book of Stabbing","floor":23.0,"turns":2.0},{"damage":35.0,"enemies":"Sentry and Sphere","floor":24.0,"turns":4.0},{"damage":17.0,"enemies":"Snake Plant","floor":29.0,"turns":4.0},{"damage":13.0,"enemies":"Snecko","floor":31.0,"turns":4.0},{"damage":57.0,"enemies":"Collector","floor":33.0,"turns":7.0},{"damage":22.0,"enemies":"3 Shapes","floor":35.0,"turns":3.0},{"damage":19.0,"enemies":"3 Darklings","floor":38.0,"turns":4.0},{"damage":19.0,"enemies":"Jaw Worm Horde","floor":39.0,"turns":2.0},{"damage":40,"enemies":"Writhing Mass","floor":41,"turns":4},{"damage":54,"enemies":"Sphere and 2 Shapes","floor":44,"turns":4},{"damage":15,"enemies":"Reptomancer","floor":45,"turns":4},{"damage":38,"enemies":"Mind Bloom Boss Battle","floor":46,"turns":6},{"damage":82,"enemies":"Awakened One","floor":50,"turns":9}],"seed_played":"-7442625994333330079","potions_obtained":[{"floor":8.0,"key":"Block Potion"},{"floor":10.0,"key":"Dexterity Potion"},{"floor":13.0,"key":"LiquidBronze"},{"floor":19.0,"key":"PowerPotion"},{"floor":21.0,"key":"Strength Potion"},{"floor":24.0,"key":"SteroidPotion"},{"floor":31.0,"key":"LiquidBronze"},{"floor":35.0,"key":"Swift Potion"},{"floor":38.0,"key":"LiquidBronze"},{"floor":39,"key":"Fire Potion"},{"floor":41,"key":"Strength Potion"}],"is_trial":false,"path_per_floor":["M","?","?","M","M","R","?","M","T","M","?","R","E","$","R","B",null,"M","M","?","M","?","E","M","R","T","$","?","M","R","M","R","B",null,"M","?","?","M","M","M","R","M","R","T","M","E","?","$","?","R","B",null],"character_chosen":"IRONCLAD","items_purchased":["Shrug It Off","Strength Potion","Block Potion","Ancient Tea Set","Block Potion"],"campfire_rested":4,"item_purchase_floors":[14,14,27,47,47],"current_hp_per_floor":[76,69,62,67,64,64,48,46,46,53,58,58,51,51,75,55,74,76,60,60,60,44,52,35,68,68,68,62,51,60,53,80,41,70,54,54,54,60,47,56,34,70,70,44,62,58,58,58,70,29],"gold":31,"neow_bonus":"UPGRADE_CARD","is_prod":false,"is_daily":false,"chose_seed":false,"campfire_upgraded":4,"win_rate":0,"timestamp":1541931898,"path_taken":["M","?","?","M","M","R","?","M","T","M","?","R","E","$","R","BOSS","M","M","?","M","?","E","M","R","T","$","?","M","R","M","R","BOSS","M","?","?","M","M","R","M","R","T","M","E","?","$","?","R","BOSS"],"build_version":"2018-11-08","purchased_purges":2,"victory":true,"max_hp_per_floor":[80,80,80,80,80,80,80,80,80,80,80,80,80,80,80,80,80,80,80,80,80,80,80,80,80,80,80,80,80,80,80,80,80,80,80,80,80,80,80,80,80,80,80,80,80,80,80,80,80,80],"card_choices":[{"not_picked":["Perfected Strike","Flex","Sever Soul"],"picked":"SKIP","floor":1.0},{"not_picked":["Perfected Strike","Power Through"],"picked":"Thunderclap","floor":4.0},{"not_picked":["Perfected Strike","Sentinel"],"picked":"Pommel Strike","floor":5.0},{"not_picked":["Sever Soul","True Grit"],"picked":"Clash","floor":8.0},{"not_picked":["Fire Breathing","Twin Strike"],"picked":"Intimidate","floor":10.0},{"not_picked":["Pommel Strike","Sentinel"],"picked":"Demon Form","floor":13.0},{"not_picked":["Demon Form","Juggernaut"],"picked":"Immolate","floor":16.0},{"not_picked":["Rupture","Combust"],"picked":"Heavy Blade+1","floor":18.0},{"not_picked":["Flex","Cleave+1"],"picked":"Fire Breathing+1","floor":19.0},{"not_picked":["Clash","Disarm","Wild Strike"],"picked":"SKIP","floor":21.0},{"not_picked":["Armaments","True Grit","Cleave+1"],"picked":"SKIP","floor":23.0},{"not_picked":["Second Wind","Headbutt","Warcry"],"picked":"SKIP","floor":24.0},{"not_picked":["Metallicize+1","Perfected Strike"],"picked":"True Grit+1","floor":29.0},{"not_picked":["Clash","Body Slam","Iron Wave"],"picked":"SKIP","floor":31.0},{"not_picked":["Barricade","Dark Embrace"],"picked":"Reaper","floor":33.0},{"not_picked":["Flex+1","Spot Weakness","Carnage+1"],"picked":"SKIP","floor":35.0},{"not_picked":["Flex","Havoc"],"picked":"Spot Weakness+1","floor":38.0},{"not_picked":["Sword Boomerang","Headbutt","Entrench+1"],"picked":"SKIP","floor":39},{"not_picked":["Wild Strike+1","Rampage+1"],"picked":"Power Through+1","floor":41},{"not_picked":["Perfected Strike","Hemokinesis+1"],"picked":"Shrug It Off+1","floor":44},{"not_picked":["Juggernaut","Entrench+1"],"picked":"Seeing Red+1","floor":45}],"player_experience":107526,"relics_obtained":[{"floor":9.0,"key":"Meat on the Bone"},{"floor":11.0,"key":"Odd Mushroom"},{"floor":13.0,"key":"Pen Nib"},{"floor":22.0,"key":"Nilry\u0027s Codex"},{"floor":23.0,"key":"PreservedInsect"},{"floor":26.0,"key":"Bag of Preparation"},{"floor":43,"key":"Blood Vial"},{"floor":45,"key":"Oddly Smooth Stone"},{"floor":46,"key":"Shovel"},{"floor":49,"key":"The Courier"}],"event_choices":[{"damage_healed":0.0,"max_hp_gain":0.0,"max_hp_loss":0.0,"gold_gain":0.0,"event_name":"Scrap Ooze","player_choice":"Success","floor":2.0,"gold_loss":0.0,"damage_taken":7.0,"relics_obtained":["Ice Cream"]},{"cards_removed":["Strike_R"],"damage_healed":0.0,"max_hp_gain":0.0,"max_hp_loss":0.0,"gold_gain":0.0,"event_name":"Golden Wing","player_choice":"Card Removal","floor":3.0,"gold_loss":0.0,"damage_taken":7.0},{"damage_healed":0.0,"max_hp_gain":0.0,"max_hp_loss":0.0,"gold_gain":0.0,"event_name":"Shining Light","player_choice":"Entered Light","floor":7.0,"gold_loss":0.0,"damage_taken":16.0,"cards_upgraded":["Strike_R","Strike_R"]},{"damage_healed":0.0,"max_hp_gain":0.0,"max_hp_loss":0.0,"gold_gain":0.0,"event_name":"Mushrooms","player_choice":"Fought Mushrooms","floor":11.0,"gold_loss":0.0,"damage_taken":0.0},{"damage_healed":0.0,"max_hp_gain":0.0,"max_hp_loss":0.0,"gold_gain":0.0,"event_name":"Ghosts","player_choice":"Ignored","floor":20.0,"gold_loss":0.0,"damage_taken":0.0},{"damage_healed":0.0,"max_hp_gain":0.0,"max_hp_loss":0.0,"gold_gain":0.0,"event_name":"Cursed Tome","player_choice":"Obtained Book","floor":22.0,"gold_loss":0.0,"damage_taken":16.0},{"damage_healed":0.0,"max_hp_gain":0.0,"max_hp_loss":0.0,"gold_gain":0.0,"event_name":"Nest","player_choice":"Joined the Cult","floor":28.0,"gold_loss":0.0,"damage_taken":6.0,"cards_obtained":["RitualDagger"]},{"cards_removed":["Shrug It Off"],"damage_healed":0.0,"max_hp_gain":0.0,"max_hp_loss":0.0,"gold_gain":0.0,"event_name":"Falling","player_choice":"Removed Skill","floor":36.0,"gold_loss":0.0,"damage_taken":0.0},{"damage_healed":0.0,"max_hp_gain":0.0,"max_hp_loss":0.0,"gold_gain":0.0,"event_name":"Tomb of Lord Red Mask","player_choice":"Paid","floor":37.0,"gold_loss":262.0,"damage_taken":0.0,"relics_obtained":["Red Mask"]},{"damage_healed":0,"gold_gain":0,"player_choice":"Fight","damage_taken":0,"max_hp_gain":0,"max_hp_loss":0,"event_name":"MindBloom","floor":46,"gold_loss":0},{"damage_healed":0,"gold_gain":0,"player_choice":"Trade","damage_taken":0,"relics_obtained":["SsserpentHead"],"max_hp_gain":0,"max_hp_loss":0,"event_name":"FaceTrader","floor":48,"gold_loss":0}],"is_beta":false,"boss_relics":[{"not_picked":["Calling Bell","Snecko Eye"],"picked":"Eternal Feather"},{"not_picked":["Coffee Dripper","Runic Pyramid"],"picked":"Cursed Key"}],"items_purged_floors":[14,27],"is_endless":false,"potions_floor_spawned":[8,10,13,19,21,24,31,35,38,39,41],"ascension_level":9}