{"gold_per_floor":[214,225,236,40,40,68,88,99,99,99,112,126,138,149,149,248,248,262,274,292,292,66,94,94,119,119,119,133,133,144,169,169,266,266,277,84,101,121,21,21,31,41,41,41,54,54,68,87,87,87],"floor_reached":51,"playtime":3461,"items_purged":["Strike_R","Strike_R"],"score":744,"play_id":"819bd44e-6fc0-4215-8c95-f3e34e6a0da9","local_time":"20190322172617","is_ascension_mode":false,"campfire_choices":[{"data":"Limit Break","floor":10,"key":"SMITH"},{"data":"Flex","floor":15,"key":"SMITH"},{"data":"Limit Break","floor":24,"key":"SMITH"},{"floor":27,"key":"REST"},{"floor":29,"key":"REST"},{"floor":32,"key":"REST"},{"data":"Spot Weakness","floor":40,"key":"SMITH"},{"floor":44,"key":"REST"},{"floor":49,"key":"REST"}],"neow_cost":"NONE","seed_source_timestamp":634205455335800,"circlet_count":0,"master_deck":["Defend_R","Defend_R","Defend_R","Bash","Limit Break+1","Headbutt","Cleave","Carnage","Pummel","Flex+1","Warcry","Demon Form","Limit Break+1","Seeing Red","Spot Weakness+1","Whirlwind","Impervious","Twin Strike","Parasite","Battle Trance"],"relics":["Burning Blood","Sundial","Gremlin Horn","Runic Pyramid","MutagenicStrength","Bottled Lightning","Darkstone Periapt","Question Card","Oddly Smooth Stone","Empty Cage","Brimstone","Molten Egg 2"],"potions_floor_usage":[6,8,16,16,16,31,33,38,41,41],"damage_taken":[{"damage":4,"enemies":"Jaw Worm","floor":1,"turns":5},{"damage":9,"enemies":"Small Slimes","floor":2,"turns":4},{"damage":1,"enemies":"Cultist","floor":3,"turns":4},{"damage":25,"enemies":"Gremlin Nob","floor":6,"turns":4},{"damage":5,"enemies":"Looter","floor":7,"turns":4},{"damage":0,"enemies":"2 Fungi Beasts","floor":8,"turns":2},{"damage":13,"enemies":"Exordium Thugs","floor":11,"turns":5},{"damage":2,"enemies":"Exordium Wildlife","floor":12,"turns":2},{"damage":14,"enemies":"Blue Slaver","floor":13,"turns":3},{"damage":6,"enemies":"Red Slaver","floor":14,"turns":3},{"damage":30,"enemies":"The Guardian","floor":16,"turns":9},{"damage":0,"enemies":"Spheric Guardian","floor":18,"turns":2},{"damage":10,"enemies":"Chosen","floor":19,"turns":4},{"damage":42,"enemies":"Shelled Parasite and Fungi","floor":20,"turns":6},{"damage":0,"enemies":"Gremlin Leader","floor":23,"turns":4},{"damage":31,"enemies":"Book of Stabbing","floor":25,"turns":5},{"damage":21,"enemies":"Snake Plant","floor":28,"turns":3},{"damage":0,"enemies":"3 Cultists","floor":30,"turns":2},{"damage":20,"enemies":"Slavers","floor":31,"turns":3},{"damage":47,"enemies":"Collector","floor":33,"turns":6},{"damage":22,"enemies":"3 Darklings","floor":35,"turns":4},{"damage":15,"enemies":"3 Shapes","floor":37,"turns":1},{"damage":0,"enemies":"3 Darklings","floor":38,"turns":1},{"damage":25,"enemies":"Writhing Mass","floor":41,"turns":3},{"damage":5,"enemies":"Transient","floor":42,"turns":5},{"damage":21,"enemies":"Sphere and 2 Shapes","floor":45,"turns":2},{"damage":9,"enemies":"Maw","floor":47,"turns":5},{"damage":28,"enemies":"Writhing Mass","floor":48,"turns":4},{"damage":48,"enemies":"Awakened One","floor":50,"turns":5}],"seed_played":"-607368812576874242","potions_obtained":[{"floor":3,"key":"SteroidPotion"},{"floor":6,"key":"SteroidPotion"},{"floor":8,"key":"EssenceOfSteel"},{"floor":12,"key":"SteroidPotion"},{"floor":14,"key":"Swift Potion"},{"floor":25,"key":"AttackPotion"},{"floor":28,"key":"Block Potion"},{"floor":30,"key":"Dexterity Potion"},{"floor":31,"key":"Weak Potion"},{"floor":35,"key":"SteroidPotion"},{"floor":37,"key":"Swift Potion"}],"is_trial":false,"path_per_floor":["M","M","M","$","?","E","M","M","T","R","M","M","M","M","R","B",null,"M","M","M","?","$","E","R","E","T","R","M","R","M","E","R","B",null,"M","$","M","M","$","R","M","M","T","R","M","?","M","M","R","B",null],"character_chosen":"IRONCLAD","items_purchased":["Limit Break","Headbutt","Spot Weakness","Whirlwind","Impervious","Brimstone"],"campfire_rested":5,"item_purchase_floors":[4,4,22,22,22,36],"current_hp_per_floor":[80,77,80,80,80,61,62,68,68,68,61,65,57,57,57,33,80,80,76,40,40,40,46,46,21,21,45,30,54,60,46,70,29,80,64,64,55,61,61,61,42,43,43,67,52,52,49,33,58,16],"gold":87,"neow_bonus":"HUNDRED_GOLD","is_prod":false,"is_daily":false,"chose_seed":false,"campfire_upgraded":4,"win_rate":0.0,"timestamp":1553268377,"path_taken":["M","M","M","$","?","E","M","M","T","R","M","M","M","M","R","BOSS","M","M","M","?","$","E","R","E","T","R","M","R","M","E","R","BOSS","M","$","M","M","$","R","M","M","T","R","M","?","M","M","R","BOSS"],"build_version":"2019-01-23","purchased_purges":2,"victory":true,"max_hp_per_floor":[80,80,80,80,80,80,80,80,80,80,80,80,80,80,80,80,80,80,80,80,80,80,80,80,80,80,80,80,80,80,80,80,80,80,80,80,80,80,80,80,80,80,80,80,80,80,80,86,86,86],"card_choices":[{"not_picked":["Havoc","Disarm","True Grit"],"picked":"SKIP","floor":1},{"not_picked":["Flame Barrier","Disarm","Thunderclap"],"picked":"SKIP","floor":2},{"not_picked":["True Grit","Clash","Body Slam"],"picked":"SKIP","floor":3},{"not_picked":["Sever Soul","Shrug It Off"],"picked":"Cleave","floor":6},{"not_picked":["Rupture","Entrench"],"picked":"Carnage","floor":7},{"not_picked":["Clothesline","Thunderclap"],"picked":"Pummel","floor":8},{"not_picked":["Whirlwind","Sentinel"],"picked":"Flex","floor":11},{"not_picked":["Carnage","Havoc","Flex"],"picked":"SKIP","floor":12},{"not_picked":["Hemokinesis","Combust"],"picked":"Warcry","floor":13},{"not_picked":["Sword Boomerang","Pommel Strike"],"picked":"Demon Form","floor":14},{"not_picked":["Brutality","Offering"],"picked":"Limit Break","floor":16},{"not_picked":["Corruption+1","Shrug It Off+1","Rage+1"],"picked":"SKIP","floor":18},{"not_picked":["Shockwave","Dropkick"],"picked":"Seeing Red","floor":19},{"not_picked":["Wild Strike+1","Intimidate","Pommel Strike"],"picked":"SKIP","floor":20},{"not_picked":["Second Wind","Shrug It Off","Carnage+1"],"picked":"SKIP","floor":23},{"not_picked":["Warcry","Bloodletting"],"picked":"Twin Strike","floor":25},{"not_picked":["Feed","Pummel","True Grit","Shrug It Off"],"picked":"SKIP","floor":28},{"not_picked":["Anger","Flex","Perfected Strike","Shockwave+1"],"picked":"SKIP","floor":30},{"not_picked":["Clothesline","Sentinel+1","Uppercut+1","Fire Breathing+1"],"picked":"SKIP","floor":31},{"not_picked":["Rupture","Burning Pact+1","Sentinel","Armaments"],"picked":"SKIP","floor":35},{"not_picked":["Cleave+1","Searing Blow+1","Reckless Charge+1","Sever Soul"],"picked":"SKIP","floor":37},{"not_picked":["Iron Wave+1","Sentinel+1","Armaments","Entrench+1"],"picked":"SKIP","floor":38},{"not_picked":["Searing Blow","Twin Strike+1","Clothesline","Reckless Charge"],"picked":"SKIP","floor":41},{"not_picked":["Perfected Strike","Twin Strike+1","Exhume","Iron Wave+1"],"picked":"SKIP","floor":42},{"not_picked":["Feel No Pain","Iron Wave+1","Inflame+1","Sword Boomerang+1"],"picked":"SKIP","floor":45},{"not_picked":["Twin Strike+1","Sword Boomerang+1","Seeing Red+1","Perfected Strike+1"],"picked":"SKIP","floor":47},{"not_picked":["Whirlwind+1","Thunderclap+1","Hemokinesis+1"],"picked":"Battle Trance","floor":48}],"player_experience":44626,"relics_obtained":[{"floor":6,"key":"Sundial"},{"floor":9,"key":"Gremlin Horn"},{"floor":23,"key":"Bottled Lightning"},{"floor":25,"key":"Darkstone Periapt"},{"floor":26,"key":"Question Card"},{"floor":31,"key":"Oddly Smooth Stone"},{"floor":43,"key":"Molten Egg 2"}],"event_choices":[{"cards_removed":["Strike_R"],"damage_healed":0,"gold_gain":0,"player_choice":"Forget","damage_taken":0,"max_hp_gain":0,"max_hp_loss":0,"event_name":"Living Wall","floor":5,"gold_loss":0},{"damage_healed":0,"gold_gain":0,"player_choice":"Inject Mutagens","damage_taken":0,"relics_obtained":["MutagenicStrength"],"max_hp_gain":0,"max_hp_loss":0,"event_name":"Drug Dealer","floor":21,"gold_loss":0},{"cards_removed":["Defend_R"],"damage_healed":0,"gold_gain":0,"player_choice":"Removed Skill","damage_taken":0,"max_hp_gain":0,"max_hp_loss":0,"event_name":"Falling","floor":46,"gold_loss":0}],"is_beta":false,"boss_relics":[{"not_picked":["Eternal Feather","Calling Bell"],"picked":"Runic Pyramid"},{"not_picked":["Runic Cube","Coffee Dripper"],"picked":"Empty Cage"}],"items_purged_floors":[4,39],"is_endless":false,"potions_floor_spawned":[3,6,8,12,14,25,28,30,31,35,37],"ascension_level":0}