{"gold_per_floor":[117,131,146,157,175,175,145,36,113,113,126,26,45,64,64,64],"floor_reached":16,"playtime":2722,"items_purged":["Strike_G","Strike_G"],"score":96,"play_id":"a1172f45-2ac5-47d2-8237-ab6da1c9d50c","local_time":"20190322200017","is_ascension_mode":false,"campfire_choices":[{"data":"Footwork","floor":6,"key":"SMITH"},{"data":"Footwork","floor":10,"key":"SMITH"},{"data":"Tactician","floor":15,"key":"SMITH"}],"neow_cost":"NONE","seed_source_timestamp":644222581555800,"circlet_count":0,"master_deck":["Defend_G","Defend_G","Defend_G","Defend_G","Defend_G","Strike_G","Strike_G","Strike_G","Survivor","Neutralize","Acrobatics","Tactician+1","Backflip","Escape Plan","Footwork+1","Footwork+1","Acrobatics","Backflip"],"relics":["Ring of the Snake","Paper Crane"],"potions_floor_usage":[5,16,16,16],"damage_taken":[{"damage":0,"enemies":"2 Louse","floor":1,"turns":4},{"damage":0,"enemies":"Small Slimes","floor":2,"turns":5},{"damage":0,"enemies":"Jaw Worm","floor":3,"turns":3},{"damage":6,"enemies":"Gremlin Gang","floor":4,"turns":8},{"damage":15,"enemies":"Exordium Thugs","floor":5,"turns":10},{"damage":0,"enemies":"Red Slaver","floor":11,"turns":5},{"damage":2,"enemies":"Large Slime","floor":13,"turns":15},{"damage":0,"enemies":"2 Fungi Beasts","floor":14,"turns":6},{"damage":54,"enemies":"Slime Boss","floor":16,"turns":21}],"seed_played":"5693322831989345354","potions_obtained":[{"floor":1,"key":"Dexterity Potion"},{"floor":5,"key":"Fire Potion"},{"floor":11,"key":"SneckoOil"},{"floor":14,"key":"Fire Potion"}],"is_trial":false,"path_per_floor":["M","M","M","M","M","R","?","$","T","R","M","$","M","M","R","B"],"character_chosen":"THE_SILENT","items_purchased":["Footwork"],"campfire_rested":0,"item_purchase_floors":[8],"current_hp_per_floor":[77,77,77,71,56,56,56,56,56,56,56,56,54,54,54,0],"gold":64,"neow_bonus":"TEN_PERCENT_HP_BONUS","is_prod":false,"is_daily":false,"chose_seed":false,"campfire_upgraded":3,"win_rate":0.0,"timestamp":1553277617,"path_taken":["M","M","M","M","M","R","?","$","T","R","M","$","M","M","R","BOSS"],"build_version":"2019-01-23","purchased_purges":2,"victory":false,"max_hp_per_floor":[77,77,77,77,77,77,77,77,77,77,77,77,77,77,77,77],"card_choices":[{"not_picked":["Calculated Gamble","Dagger Throw"],"picked":"Acrobatics","floor":1},{"not_picked":["Blade Dance","Sucker Punch"],"picked":"Tactician","floor":2},{"not_picked":["Outmaneuver","Slice"],"picked":"Backflip","floor":3},{"not_picked":["Deflect","Choke"],"picked":"Escape Plan","floor":4},{"not_picked":["Bouncing Flask","Doppelganger"],"picked":"Footwork","floor":5},{"not_picked":["Deadly Poison","Prepared"],"picked":"Acrobatics","floor":11},{"not_picked":["Well Laid Plans","Poisoned Stab"],"picked":"Backflip","floor":13},{"not_picked":["Skewer","Bouncing Flask","Outmaneuver"],"picked":"SKIP","floor":14}],"player_experience":50217,"relics_obtained":[{"floor":9,"key":"Paper Crane"}],"event_choices":[{"damage_healed":0,"gold_gain":0,"player_choice":"Left Gold","damage_taken":0,"max_hp_gain":0,"max_hp_loss":0,"event_name":"World of Goop","floor":7,"gold_loss":30}],"is_beta":false,"boss_relics":[],"items_purged_floors":[8,12],"is_endless":false,"potions_floor_spawned":[1,5,11,14],"killed_by":"Slime Boss","ascension_level":0}