{"gold_per_floor":[365,365,365,9,28,62,73,103,127,127,158,158,179,204,204,294,294,314,314,335,250,9,43,43,0,0,23,46,46,85,108,108,206,206,231,231,256,40,40,71,71,71,71,71,109,123,138,172,172,172,172,172,172,4,42,42],"floor_reached":57,"playtime":4103,"items_purged":["Strike_B"],"score":3521,"play_id":"484329bc-eebd-47aa-aec8-0f43307c910a","local_time":"20190405154736","is_ascension_mode":true,"campfire_choices":[{"data":"The Bomb","floor":12.0,"key":"SMITH"},{"data":"Hologram","floor":15.0,"key":"SMITH"},{"data":"Recycle","floor":24.0,"key":"SMITH"},{"floor":32.0,"key":"REST"},{"data":"Seek","floor":42.0,"key":"SMITH"},{"data":"Turbo","floor":44,"key":"SMITH"},{"floor":49,"key":"RECALL"},{"data":"Heatsinks","floor":53,"key":"SMITH"}],"neow_cost":"TEN_PERCENT_HP_LOSS","seed_source_timestamp":1310981782500,"circlet_count":0,"master_deck":["AscendersBane","Zap","Dualcast","Cold Snap","Glacier","The Bomb+1","Chill","Capacitor","Hologram+1","Heatsinks+1","Coolheaded","Biased Cognition","Turbo+1","Coolheaded","Recycle+1","Electrodynamics","Recycle","Hologram","Glacier+1","Seek+1","Self Repair","Skim","White Noise","Lockon","Seek+1","Rip and Tear","Chill","Tempest+1","Pain","Steam Power+1","Recycle+1","Master of Strategy","Defragment","Creative AI","Loop"],"special_seed":0,"relics":["Cracked Core","Orichalcum","Gambling Chip","Potion Belt","Whetstone","Golden Idol","Lantern","Cursed Key","Bag of Marbles","Dead Branch","Regal Pillow","Pandora\u0027s Box","WarpedTongs","PrismaticShard","Bronze Scales","Bag of Preparation","Ornamental Fan","Letter Opener"],"potions_floor_usage":[45,56,56,56,56,56,56,56],"damage_taken":[{"damage":1.0,"enemies":"Cultist","floor":1.0,"turns":3.0},{"damage":4.0,"enemies":"Jaw Worm","floor":5.0,"turns":3.0},{"damage":0.0,"enemies":"Lagavulin","floor":6.0,"turns":7.0},{"damage":0.0,"enemies":"Small Slimes","floor":7.0,"turns":4.0},{"damage":8.0,"enemies":"3 Sentries","floor":8.0,"turns":5.0},{"damage":4.0,"enemies":"Lagavulin","floor":11.0,"turns":7.0},{"damage":3.0,"enemies":"Exordium Wildlife","floor":13.0,"turns":8.0},{"damage":4.0,"enemies":"Red Slaver","floor":14.0,"turns":2.0},{"damage":4.0,"enemies":"Hexaghost","floor":16.0,"turns":9.0},{"damage":0.0,"enemies":"Chosen","floor":18.0,"turns":3.0},{"damage":0.0,"enemies":"3 Byrds","floor":20.0,"turns":5.0},{"damage":0.0,"enemies":"Gremlin Leader","floor":23.0,"turns":5.0},{"damage":8.0,"enemies":"Snecko","floor":27.0,"turns":3.0},{"damage":10.0,"enemies":"Cultist and Chosen","floor":28.0,"turns":4.0},{"damage":15.0,"enemies":"Slavers","floor":30.0,"turns":3.0},{"damage":0.0,"enemies":"Sentry and Sphere","floor":31.0,"turns":3.0},{"damage":0.0,"enemies":"Automaton","floor":33.0,"turns":11.0},{"damage":13.0,"enemies":"3 Shapes","floor":35.0,"turns":3.0},{"damage":0.0,"enemies":"3 Darklings","floor":37.0,"turns":2.0},{"damage":2.0,"enemies":"Nemesis","floor":40.0,"turns":7.0},{"damage":1,"enemies":"Reptomancer","floor":45,"turns":5},{"damage":0,"enemies":"4 Shapes","floor":46,"turns":2},{"damage":1,"enemies":"Maw","floor":47,"turns":4},{"damage":1,"enemies":"Giant Head","floor":48,"turns":4},{"damage":2,"enemies":"Donu and Deca","floor":50,"turns":7},{"damage":3,"enemies":"Time Eater","floor":51,"turns":7},{"damage":0,"enemies":"Shield and Spear","floor":55,"turns":3},{"damage":12,"enemies":"The Heart","floor":56,"turns":9}],"seed_played":"-2876178400998314574","potions_obtained":[{"floor":5.0,"key":"FearPotion"},{"floor":7.0,"key":"Weak Potion"},{"floor":11.0,"key":"FearPotion"},{"floor":14.0,"key":"Explosive Potion"},{"floor":20.0,"key":"Swift Potion"},{"floor":27.0,"key":"SteroidPotion"},{"floor":30.0,"key":"EntropicBrew"},{"floor":35.0,"key":"AttackPotion"},{"floor":40.0,"key":"Regen Potion"},{"floor":46,"key":"Block Potion"},{"floor":47,"key":"FocusPotion"},{"floor":55,"key":"Dexterity Potion"}],"is_trial":false,"path_per_floor":["M","T","?","$","M","E","M","E","T","?","E","R","M","M","R","B",null,"M","?","M","?","$","E","R","$","T","M","M","?","E","M","R","B",null,"M","?","M","$","$","E","?","R","T","R","E","M","M","E","R","B","B",null,"R","$","E","B",null],"character_chosen":"DEFECT","items_purchased":["Glacier","The Bomb","Fire Potion","Recycle","Ancient Potion","Recycle","PrismaticShard","Creative AI"],"campfire_rested":1,"item_purchase_floors":[4,4,4,22,22,25,38,54],"current_hp_per_floor":[63,63,28,28,24,24,24,16,16,16,12,12,9,5,5,1,44,44,44,44,44,44,44,44,44,44,36,26,26,11,11,43,43,54,48,48,55,55,55,58,58,58,58,58,58,58,58,58,58,58,58,58,58,58,58,53],"gold":42,"neow_bonus":"TWO_FIFTY_GOLD","is_prod":false,"is_daily":false,"chose_seed":false,"campfire_upgraded":6,"win_rate":0,"timestamp":1554450456,"path_taken":["M","?","?","$","M","E","M","E","T","?","E","R","?","M","R","BOSS","M","?","?","?","$","E","R","?","T","?","M","?","E","M","R","BOSS","M","?","?","?","$","E","?","R","T","R","E","?","M","E","R","BOSS","BOSS","R","$","E","BOSS"],"build_version":"2019-01-23","purchased_purges":1,"victory":true,"max_hp_per_floor":[64,64,64,64,64,64,64,64,64,58,58,58,58,58,58,58,58,58,58,58,58,58,58,58,58,58,58,58,58,58,58,58,58,58,58,58,58,58,58,58,58,58,58,58,58,58,58,58,58,58,58,58,58,58,58,58],"card_choices":[{"not_picked":["Turbo","Chaos"],"picked":"Cold Snap","floor":1.0},{"not_picked":["Rebound","Conserve Battery"],"picked":"Chill","floor":5.0},{"not_picked":["Go for the Eyes","Sweeping Beam"],"picked":"Capacitor","floor":6.0},{"not_picked":["Sweeping Beam","Tempest"],"picked":"Hologram","floor":7.0},{"not_picked":["Chill","Rebound","Fusion"],"picked":"SKIP","floor":8.0},{"not_picked":["Rip and Tear","Static Discharge","Gash"],"picked":"SKIP","floor":11.0},{"not_picked":["Glacier","Coolheaded"],"picked":"Heatsinks","floor":13.0},{"not_picked":["Stack","Double Energy"],"picked":"Coolheaded","floor":14.0},{"not_picked":["Reboot","Rainbow"],"picked":"Biased Cognition","floor":16.0},{"not_picked":["Ball Lightning","Conserve Battery"],"picked":"Turbo","floor":18.0},{"not_picked":["Hologram","Sweeping Beam"],"picked":"Coolheaded","floor":20.0},{"not_picked":["Go for the Eyes","Gash"],"picked":"Electrodynamics","floor":23.0},{"not_picked":["Chaos","Recycle","Sweeping Beam"],"picked":"SKIP","floor":27.0},{"not_picked":["Aggregate","Reprogram","Streamline"],"picked":"SKIP","floor":28.0},{"not_picked":["Compile Driver","Go for the Eyes"],"picked":"Hologram","floor":30.0},{"not_picked":["Stack","Cold Snap"],"picked":"Glacier+1","floor":31.0},{"not_picked":["Echo Form","Thunder Strike"],"picked":"Seek","floor":33.0},{"not_picked":["Coolheaded","Stack"],"picked":"Tempest+1","floor":35.0},{"not_picked":["Beam Cell","Go for the Eyes"],"picked":"Steam Power+1","floor":37.0},{"not_picked":["Cold Snap","Swift Strike","Turbo"],"picked":"SKIP","floor":40.0},{"not_picked":["Cold Snap","Swift Strike","Turbo"],"picked":"SKIP","floor":40.0},{"not_picked":["Blood for Blood","Intimidate"],"picked":"Recycle+1","floor":45},{"not_picked":["Redo","Dramatic Entrance"],"picked":"Master of Strategy","floor":46},{"not_picked":["Wild Strike","Sword Boomerang"],"picked":"Defragment","floor":47},{"not_picked":["Reflex","Headbutt","Conserve Battery"],"picked":"SKIP","floor":48},{"not_picked":["Bane","Streamline"],"picked":"Loop","floor":55}],"player_experience":2931660,"relics_obtained":[{"floor":2.0,"key":"Orichalcum"},{"floor":6.0,"key":"Potion Belt"},{"floor":8.0,"key":"Whetstone"},{"floor":11.0,"key":"Lantern"},{"floor":23.0,"key":"Dead Branch"},{"floor":30.0,"key":"Regal Pillow"},{"floor":40.0,"key":"Bronze Scales"},{"floor":45,"key":"Bag of Preparation"},{"floor":48,"key":"Ornamental Fan"},{"floor":55,"key":"Letter Opener"}],"event_choices":[{"damage_healed":0.0,"max_hp_gain":0.0,"max_hp_loss":0.0,"gold_gain":0.0,"event_name":"Scrap Ooze","player_choice":"Success","floor":3.0,"gold_loss":0.0,"damage_taken":35.0,"relics_obtained":["Gambling Chip"]},{"damage_healed":0.0,"max_hp_gain":0.0,"max_hp_loss":6.0,"gold_gain":0.0,"event_name":"Golden Idol","player_choice":"Lose Max HP","floor":10.0,"gold_loss":0.0,"damage_taken":0.0,"relics_obtained":["Golden Idol"]},{"damage_healed":0.0,"max_hp_gain":0.0,"max_hp_loss":0.0,"gold_gain":0.0,"event_name":"N\u0027loth","player_choice":"Ignored","floor":19.0,"gold_loss":0.0,"damage_taken":0.0},{"damage_healed":0.0,"max_hp_gain":0.0,"max_hp_loss":0.0,"gold_gain":0.0,"event_name":"Addict","player_choice":"Obtained Relic","floor":21.0,"gold_loss":85.0,"damage_taken":0.0,"relics_obtained":["Bag of Marbles"]},{"damage_healed":0.0,"max_hp_gain":0.0,"max_hp_loss":0.0,"gold_gain":0.0,"event_name":"Cursed Tome","player_choice":"Ignored","floor":29.0,"gold_loss":0.0,"damage_taken":0.0},{"damage_healed":0.0,"max_hp_gain":0.0,"max_hp_loss":0.0,"gold_gain":0.0,"event_name":"Accursed Blacksmith","player_choice":"Rummage","floor":36.0,"gold_loss":0.0,"damage_taken":0.0,"relics_obtained":["WarpedTongs"],"cards_obtained":["Pain"]},{"damage_healed":0.0,"max_hp_gain":0.0,"max_hp_loss":0.0,"gold_gain":0.0,"event_name":"Upgrade Shrine","player_choice":"Upgraded","floor":41.0,"gold_loss":0.0,"damage_taken":0.0,"cards_upgraded":["Seek"]}],"is_beta":false,"boss_relics":[{"not_picked":["Lizard Tail","Busted Crown"],"picked":"Cursed Key"},{"not_picked":["Fusion Hammer","Coffee Dripper"],"picked":"Pandora\u0027s Box"}],"items_purged_floors":[22],"is_endless":false,"potions_floor_spawned":[5,7,11,14,20,27,30,35,40,46,47,55],"ascension_level":20}