{"gold_per_floor":[114,124,124,36,48,79,79,79,127,139,139,168,195,239,251,335,347,371,383,414,31,55,55,88,88],"floor_reached":25,"playtime":1138,"items_purged":["Strike_B"],"score":582,"play_id":"9c421789-6c4d-465e-9977-b9fadf5eebed","local_time":"20181209202818","is_ascension_mode":true,"campfire_choices":[{"data":"Doom and Gloom","floor":8.0,"key":"SMITH"},{"data":"Defragment","floor":11.0,"key":"SMITH"},{"data":"Chaos","floor":15.0,"key":"SMITH"},{"data":"Coolheaded","floor":23.0,"key":"SMITH"}],"neow_cost":"NONE","seed_source_timestamp":2560273506666,"circlet_count":0,"master_deck":["AscendersBane","Strike_B","Strike_B","Strike_B","Defend_B","Defend_B","Defend_B","Zap","Dualcast","Conserve Battery","Auto Shields","Defragment+1","Chill","Echo Form","Seek","Doom and Gloom+1","Chaos+1","Compile Driver","Core Surge","Coolheaded+1"],"special_seed":0,"relics":["Cracked Core","NeowsBlessing","Centennial Puzzle","Art of War","MawBank","Ornamental Fan","Busted Crown","Mummified Hand","Orichalcum","Thread and Needle"],"potions_floor_usage":[25],"damage_taken":[{"damage":0.0,"enemies":"Jaw Worm","floor":1.0,"turns":1.0},{"damage":0.0,"enemies":"Cultist","floor":2.0,"turns":1.0},{"damage":0.0,"enemies":"Small Slimes","floor":5.0,"turns":1.0},{"damage":23.0,"enemies":"3 Sentries","floor":6.0,"turns":13.0},{"damage":6.0,"enemies":"Looter","floor":10.0,"turns":3.0},{"damage":3.0,"enemies":"Lagavulin","floor":12.0,"turns":5.0},{"damage":5.0,"enemies":"Exordium Wildlife","floor":13.0,"turns":3.0},{"damage":10.0,"enemies":"3 Sentries","floor":14.0,"turns":4.0},{"damage":0.0,"enemies":"Hexaghost","floor":16.0,"turns":8.0},{"damage":5.0,"enemies":"3 Byrds","floor":18.0,"turns":3.0},{"damage":0.0,"enemies":"Shell Parasite","floor":19.0,"turns":1.0},{"damage":11.0,"enemies":"Centurion and Healer","floor":20.0,"turns":7.0},{"damage":33.0,"enemies":"Book of Stabbing","floor":24.0,"turns":5.0},{"damage":3,"enemies":"Colosseum Slavers","floor":25,"turns":4},{"damage":12,"enemies":"Colosseum Nobs","floor":25,"turns":2}],"seed_played":"-501883472720924428","potions_obtained":[{"floor":2.0,"key":"SmokeBomb"},{"floor":6.0,"key":"Swift Potion"},{"floor":16.0,"key":"AttackPotion"}],"is_trial":false,"path_per_floor":["M","M","?","$","M","E","?","R","T","M","R","E","M","E","R","B",null,"M","M","M","$","T","R","E","?"],"character_chosen":"DEFECT","items_purchased":["Defragment","Mummified Hand","Fire Potion"],"campfire_rested":0,"item_purchase_floors":[4,21,21],"current_hp_per_floor":[64,64,64,64,64,41,41,41,41,35,35,32,27,17,17,17,58,53,53,42,42,42,42,9,0],"gold":88,"neow_bonus":"THREE_ENEMY_KILL","is_prod":false,"is_daily":false,"chose_seed":false,"campfire_upgraded":4,"win_rate":0,"timestamp":1544358498,"path_taken":["M","M","?","$","?","E","?","R","T","M","R","E","M","E","R","BOSS","M","M","M","$","?","R","E","?"],"build_version":"2018-12-06","purchased_purges":1,"victory":false,"max_hp_per_floor":[71,71,71,71,71,71,71,71,71,71,71,71,71,71,71,71,71,71,71,71,71,71,71,71,71],"card_choices":[{"not_picked":["Sweeping Beam","Turbo"],"picked":"Conserve Battery","floor":1.0},{"not_picked":["Gash","Tempest","Auto Shields"],"picked":"SKIP","floor":2.0},{"not_picked":["Gash","Tempest"],"picked":"Auto Shields","floor":2.0},{"not_picked":["Coolheaded","Go for the Eyes"],"picked":"Chill","floor":5.0},{"not_picked":["Go for the Eyes","Leap"],"picked":"Echo Form","floor":6.0},{"not_picked":["Barrage","Sweeping Beam","Leap"],"picked":"SKIP","floor":10.0},{"not_picked":["Gash","Loop"],"picked":"Chaos","floor":12.0},{"not_picked":["Coolheaded","Hello World"],"picked":"Compile Driver","floor":13.0},{"not_picked":["Heatsinks","Seek","Coolheaded"],"picked":"SKIP","floor":14.0},{"not_picked":["Meteor Strike","Buffer"],"picked":"Core Surge","floor":16.0},{"not_picked":[],"picked":"Coolheaded","floor":18.0},{"not_picked":["Ball Lightning"],"picked":"SKIP","floor":20.0},{"not_picked":["Sweeping Beam"],"picked":"SKIP","floor":24.0}],"player_experience":2336819,"relics_obtained":[{"floor":6.0,"key":"Centennial Puzzle"},{"floor":9.0,"key":"Art of War"},{"floor":12.0,"key":"MawBank"},{"floor":14.0,"key":"Ornamental Fan"},{"floor":22.0,"key":"Orichalcum"},{"floor":24.0,"key":"Thread and Needle"}],"event_choices":[{"cards_removed":["Defend_B"],"damage_healed":0.0,"max_hp_gain":0.0,"max_hp_loss":0.0,"gold_gain":0.0,"event_name":"Bonfire Elementals","player_choice":"Offered Basic","floor":3.0,"gold_loss":0.0,"damage_taken":0.0},{"damage_healed":0.0,"max_hp_gain":0.0,"max_hp_loss":0.0,"gold_gain":0.0,"event_name":"Match and Keep!","player_choice":"2 cards matched","floor":7.0,"gold_loss":0.0,"damage_taken":0.0,"cards_obtained":["Seek","Doom and Gloom"]},{"damage_healed":0,"gold_gain":0,"player_choice":"Fight","damage_taken":0,"max_hp_gain":0,"max_hp_loss":0,"event_name":"Colosseum","floor":25,"gold_loss":0},{"damage_healed":0,"gold_gain":0,"player_choice":"Fought Nobs","damage_taken":0,"max_hp_gain":0,"max_hp_loss":0,"event_name":"Colosseum","floor":25,"gold_loss":0}],"is_beta":false,"boss_relics":[{"not_picked":["Eternal Feather","Black Star"],"picked":"Busted Crown"}],"items_purged_floors":[21],"is_endless":false,"potions_floor_spawned":[2,6,13,14,16,18],"killed_by":"Colosseum Nobs","ascension_level":20}