{"gold_per_floor":[50,50,76,106,132,132,9,9,37,66,93,93,56,56,87,120,145,176],"floor_reached":19,"playtime":851,"items_purged":["Chen:Strike"],"score":395,"play_id":"4ad2ae96-fbd6-4ba7-8919-6baaccdd1c06","local_time":"25620420192943","daily_mods":["CTS - Gold Difficulty","CTS - Elite Rush","Uncertain Future"],"is_ascension_mode":false,"campfire_choices":[{"data":"Chen:Possession","floor":2,"key":"SMITH"},{"floor":8,"key":"REST"},{"data":"Chen:PhoenixWings","floor":14,"key":"SMITH"}],"neow_cost":"","seed_source_timestamp":0,"circlet_count":0,"master_deck":["AscendersBane","Chen:Strike","Chen:Strike","Chen:Strike+1","Chen:Strike","Chen:Defend+1","Chen:Defend","Chen:Defend+1","Chen:Defend","Chen:PounceTurnTail","Chen:GlitterPoke","Chen:SurpriseAttack","Panache","Chen:Possession+1","Chen:DazzleFlash","Chen:Sidestep","Chen:Salvo","Chen:CatPunch","Chen:Assault","Chen:Scratch","Chen:PhoenixWings+1","Chen:Spray+1","Chen:DazzleFlash","Chen:Honk","Chen:Shapeshift"],"relics":["Chen:Catnip","Black Star","Sling","PreservedInsect","infinitespire:Satchel","aspiration:Nostalgia","Cross Pendant","aspiration:AnachronicSnailShell","conspire:Flyswatter","aspiration:FrozenJewel","strawberrySpire:DirtyLipstick","Gremlin Food","jedi:leadlinedbottle","ReplayTheSpireMod:DimensionalGlitch","Bronze Scales","aspiration:HangmansNoose","Snack Pack","Onion Ring","Iron Hammer","ReplayTheSpireMod:Bottled Steam","Runic Dome","infinitespire:PuzzleCube","jedi:cryingmask","Huge Egg","hubris:OldNail","Torii","Meat on the Bone","infinitespire:CheckeredPen","Simple Rune"],"potions_floor_usage":[18,18],"damage_taken":[{"damage":17,"enemies":"Gremlin Nob","floor":3,"turns":4},{"damage":14,"enemies":"Lagavulin","floor":4,"turns":5},{"damage":0,"enemies":"3 Sentries","floor":5,"turns":5},{"damage":0,"enemies":"Gremlin Leader","floor":9,"turns":3},{"damage":3,"enemies":"Slavers","floor":10,"turns":3},{"damage":2,"enemies":"Book of Stabbing","floor":11,"turns":3},{"damage":28,"enemies":"Giant Head","floor":15,"turns":7},{"damage":0,"enemies":"Nemesis","floor":16,"turns":3},{"damage":0,"enemies":"Reptomancer","floor":17,"turns":3},{"damage":27,"enemies":"Shield and Spear","floor":18,"turns":4}],"seed_played":"582108990916354878","potions_obtained":[{"floor":5,"key":"LiquidBronze"},{"floor":11,"key":"Strength Potion"},{"floor":18,"key":"Energy Potion"}],"is_trial":true,"path_per_floor":["$","R","E","E","E","T","$","R","E","E","E","T","$","R","E","E","E","E",null],"character_chosen":"CHEN","items_purchased":["Chen:SurpriseAttack","Panache","Chen:Possession","infinitespire:Satchel","aspiration:Nostalgia","Chen:CatPunch","Chen:Spray+1"],"campfire_rested":1,"item_purchase_floors":[1,1,1,1,1,7,13],"current_hp_per_floor":[59,59,42,28,28,28,28,47,47,44,44,44,44,44,23,25,28,9],"gold":176,"neow_bonus":"","is_prod":false,"is_daily":false,"chose_seed":false,"campfire_upgraded":2,"win_rate":1,"timestamp":1555763383,"path_taken":["$","R","E","E","E","T","$","R","E","E","E","T","$","R","E","E","E","E"],"build_version":"2019-01-23","purchased_purges":1,"victory":true,"max_hp_per_floor":[65,65,65,65,65,65,65,65,65,65,65,65,65,65,65,65,65,65],"card_choices":[{"not_picked":["Chen:Panic","Chen:PentagramFlight"],"picked":"Chen:DazzleFlash","floor":3},{"not_picked":["Chen:PentagramFlight","Chen:Instinct"],"picked":"Chen:Sidestep","floor":4},{"not_picked":["Chen:FollowUp","Chen:Sneak"],"picked":"Chen:Salvo","floor":5},{"not_picked":["Chen:TauntHiss","Chen:Deceitful"],"picked":"Chen:Assault","floor":9},{"not_picked":["Chen:MisdirectSwipe","Chen:Panic"],"picked":"Chen:Scratch","floor":10},{"not_picked":["Chen:UpperHand","Chen:Honk"],"picked":"Chen:PhoenixWings","floor":11},{"not_picked":["Chen:RecklessLeap","Chen:CatPunch","Chen:EmergencyEscape"],"picked":"SKIP","floor":15},{"not_picked":["Chen:EvasiveFireShift","Chen:Panic"],"picked":"Chen:DazzleFlash","floor":16},{"not_picked":["Chen:Salvo","Chen:Tear"],"picked":"Chen:Honk","floor":17},{"not_picked":["Chen:PentagramFlight","Chen:Instinct"],"picked":"Chen:Shapeshift","floor":18}],"player_experience":522251,"relics_obtained":[{"floor":3,"key":"aspiration:AnachronicSnailShell"},{"floor":3,"key":"conspire:Flyswatter"},{"floor":4,"key":"aspiration:FrozenJewel"},{"floor":4,"key":"strawberrySpire:DirtyLipstick"},{"floor":5,"key":"Gremlin Food"},{"floor":5,"key":"jedi:leadlinedbottle"},{"floor":9,"key":"Bronze Scales"},{"floor":9,"key":"aspiration:HangmansNoose"},{"floor":10,"key":"Snack Pack"},{"floor":10,"key":"Onion Ring"},{"floor":11,"key":"Iron Hammer"},{"floor":11,"key":"ReplayTheSpireMod:Bottled Steam"},{"floor":15,"key":"infinitespire:PuzzleCube"},{"floor":15,"key":"jedi:cryingmask"},{"floor":16,"key":"Huge Egg"},{"floor":16,"key":"hubris:OldNail"},{"floor":17,"key":"Torii"},{"floor":17,"key":"Meat on the Bone"},{"floor":18,"key":"infinitespire:CheckeredPen"},{"floor":18,"key":"Simple Rune"}],"event_choices":[],"is_beta":false,"boss_relics":[{"not_picked":["halation:Prosthetics","Orrery"],"picked":"ReplayTheSpireMod:DimensionalGlitch"},{"not_picked":["aspiration:TrainingWeights","hubris:Stopwatch"],"picked":"Runic Dome"}],"items_purged_floors":[7],"is_endless":false,"potions_floor_spawned":[5,11,15,18],"ascension_level":14}