{"gold_per_floor":[109,127,127,140,140,140,140,140,140,153,168,243,258,258,258,330,330,350,400,116,0,13,13],"floor_reached":23,"playtime":1452,"items_purged":[],"score":317,"play_id":"2be79ccb-82ec-4b81-b17d-c6771d6f3796","local_time":"20190305020346","is_ascension_mode":true,"campfire_choices":[{"data":"Neutralize","floor":6.0,"key":"SMITH"},{"floor":8.0,"key":"REST"},{"floor":15.0,"key":"REST"}],"neow_cost":"TEN_PERCENT_HP_LOSS","seed_source_timestamp":102816316551529,"circlet_count":0,"master_deck":["AscendersBane","Survivor","Neutralize+1","Poisoned Stab","Blur","Corpse Explosion","Cloak And Dagger","Backstab","Dodge and Roll","Venomology","Blur","Caltrops","Prepared","Tactician","Caltrops","After Image","Footwork","Bouncing Flask","Dark Shackles","Bouncing Flask"],"special_seed":0,"relics":["Ring of the Snake","Matryoshka","Boot","Pandora\u0027s Box","Oddly Smooth Stone"],"potions_floor_usage":[],"damage_taken":[{"damage":0.0,"enemies":"Jaw Worm","floor":1.0,"turns":5.0},{"damage":0.0,"enemies":"Cultist","floor":2.0,"turns":4.0},{"damage":8.0,"enemies":"Small Slimes","floor":4.0,"turns":5.0},{"damage":0.0,"enemies":"3 Louse","floor":10.0,"turns":2.0},{"damage":0.0,"enemies":"2 Fungi Beasts","floor":11.0,"turns":1.0},{"damage":0.0,"enemies":"Large Slime","floor":13.0,"turns":5.0},{"damage":6.0,"enemies":"Hexaghost","floor":16.0,"turns":13.0},{"damage":14.0,"enemies":"Chosen","floor":18.0,"turns":7.0},{"damage":1.0,"enemies":"Shell Parasite","floor":22.0,"turns":6.0},{"damage":47,"enemies":"Slavers","floor":23,"turns":2}],"seed_played":"-8329207710222984432","potions_obtained":[{"floor":2.0,"key":"Regen Potion"},{"floor":10.0,"key":"Fire Potion"},{"floor":11.0,"key":"Weak Potion"}],"is_trial":false,"path_per_floor":["M","M","?","M","?","R","?","R","T","M","M","?","M","?","R","B",null,"M","?","$","?","M","E"],"character_chosen":"THE_SILENT","items_purchased":["Dark Shackles","Bouncing Flask","Oddly Smooth Stone"],"campfire_rested":2,"item_purchase_floors":[20,20,20],"current_hp_per_floor":[59,59,59,60,53,53,35,53,53,53,53,42,42,16,34,28,52,38,38,38,38,46,0],"gold":13,"neow_bonus":"REMOVE_TWO","is_prod":false,"is_daily":false,"chose_seed":false,"campfire_upgraded":1,"win_rate":0,"timestamp":1551747826,"path_taken":["M","M","?","?","?","R","?","R","T","M","M","?","M","?","R","BOSS","M","?","$","?","M","E"],"build_version":"2019-01-23","purchased_purges":0,"victory":false,"max_hp_per_floor":[60,60,60,60,60,60,60,60,60,60,60,60,60,60,60,60,60,60,60,60,60,60,60],"card_choices":[{"not_picked":["Backflip","Prepared"],"picked":"Poisoned Stab","floor":1.0},{"not_picked":["Heel Hook","Backflip"],"picked":"Blur","floor":2.0},{"not_picked":["Distraction","Concentrate","Dagger Throw"],"picked":"SKIP","floor":4.0},{"not_picked":["Dagger Throw","Outmaneuver"],"picked":"Cloak And Dagger","floor":10.0},{"not_picked":["Distraction","Skewer"],"picked":"Backstab","floor":11.0},{"not_picked":["Flying Knee","Dagger Throw"],"picked":"Dodge and Roll","floor":13.0},{"not_picked":["Phantasmal Killer","Die Die Die"],"picked":"Venomology","floor":16.0},{"not_picked":["Distraction","PiercingWail"],"picked":"Bouncing Flask","floor":18.0},{"not_picked":["Concentrate","Dagger Throw","Riddle With Holes"],"picked":"SKIP","floor":22.0}],"player_experience":598833,"relics_obtained":[{"floor":9.0,"key":"Matryoshka"}],"event_choices":[{"damage_healed":0.0,"max_hp_gain":0.0,"max_hp_loss":0.0,"gold_gain":0.0,"event_name":"Match and Keep!","player_choice":"1 cards matched","floor":3.0,"gold_loss":0.0,"damage_taken":0.0,"cards_obtained":["Corpse Explosion"]},{"cards_removed":["Strike_G"],"damage_healed":0.0,"max_hp_gain":0.0,"max_hp_loss":0.0,"gold_gain":0.0,"event_name":"Golden Wing","player_choice":"Card Removal","floor":5.0,"gold_loss":0.0,"damage_taken":7.0},{"damage_healed":0.0,"max_hp_gain":0.0,"max_hp_loss":0.0,"gold_gain":0.0,"event_name":"Shining Light","player_choice":"Entered Light","floor":7.0,"gold_loss":0.0,"damage_taken":18.0,"cards_upgraded":["Defend_G","Defend_G"]},{"damage_healed":0.0,"max_hp_gain":0.0,"max_hp_loss":0.0,"gold_gain":75.0,"event_name":"World of Goop","player_choice":"Gather Gold","floor":12.0,"gold_loss":0.0,"damage_taken":11.0},{"damage_healed":0.0,"max_hp_gain":0.0,"max_hp_loss":0.0,"gold_gain":0.0,"event_name":"Scrap Ooze","player_choice":"Success","floor":14.0,"gold_loss":0.0,"damage_taken":26.0,"relics_obtained":["Boot"]},{"damage_healed":0.0,"max_hp_gain":0.0,"max_hp_loss":0.0,"gold_gain":50.0,"event_name":"Nest","player_choice":"Stole From Cult","floor":19.0,"gold_loss":0.0,"damage_taken":0.0},{"damage_healed":0.0,"max_hp_gain":0.0,"max_hp_loss":0.0,"gold_gain":0.0,"event_name":"Masked Bandits","player_choice":"Paid Fearfully","floor":21.0,"gold_loss":116.0,"damage_taken":0.0}],"is_beta":false,"boss_relics":[{"not_picked":["Calling Bell","Black Star"],"picked":"Pandora\u0027s Box"}],"items_purged_floors":[],"is_endless":false,"potions_floor_spawned":[2,10,11],"killed_by":"Slavers","ascension_level":15}