{"gold_per_floor":[118,29,29,45,64,95,95,130,130,130,159,159,189,149,149,226,226,236,236,126,161,161,161,172,207,288,315,315,342,355,386,386,462,462,481,176,451,90,118,118,152,165,165,165,191,191,225,239,239,239,239,239,239,8,41,41],"floor_reached":57,"playtime":3101,"items_purged":["Pain"],"score":3401,"play_id":"11f76d3e-ed72-4e09-a19e-647b7ed95b92","local_time":"20190103201725","daily_mods":["SealedDeck","DeadlyEvents","Elite Swarm"],"is_ascension_mode":true,"campfire_choices":[{"data":"Bouncing Flask","floor":7.0,"key":"SMITH"},{"floor":12.0,"key":"REST"},{"data":"Noxious Fumes","floor":15.0,"key":"SMITH"},{"data":"Night Terror","floor":23.0,"key":"SMITH"},{"data":"Adrenaline","floor":28.0,"key":"SMITH"},{"data":"Wraith Form v2","floor":32.0,"key":"SMITH"},{"data":"Crippling Poison","floor":40,"key":"SMITH"},{"data":"Footwork","floor":44,"key":"SMITH"},{"data":"Wraith Form v2","floor":46,"key":"SMITH"},{"floor":49,"key":"RECALL"},{"data":"Adrenaline","floor":53,"key":"SMITH"}],"neow_cost":"","seed_source_timestamp":0,"circlet_count":0,"master_deck":["AscendersBane","PiercingWail","Flying Knee","Escape Plan+1","Deflect+1","Backflip+1","Crippling Poison+1","Deadly Poison+1","Bouncing Flask+1","Footwork+1","Corpse Explosion","Adrenaline+1","Night Terror+1","Noxious Fumes+1","Wraith Form v2+1","Flying Knee","Wraith Form v2+1","Backflip","Dodge and Roll","Bullet Time","Adrenaline+1","After Image","Backflip","Adrenaline","Catalyst","Apotheosis","Blur","Wraith Form v2"],"special_seed":0,"relics":["Ring of the Snake","War Paint","Unceasing Top","Blue Candle","Bottled Lightning","Art of War","Cursed Key","Ornamental Fan","Tingsha","Bottled Tornado","Bronze Scales","Omamori","Mango","WristBlade","Potion Belt","Membership Card","Letter Opener","PreservedInsect","Bag of Marbles","Strawberry","Molten Egg 2","Sundial"],"potions_floor_usage":[50,56,56,56],"damage_taken":[{"damage":0.0,"enemies":"Cultist","floor":1.0,"turns":3.0},{"damage":0.0,"enemies":"Small Slimes","floor":4.0,"turns":3.0},{"damage":0.0,"enemies":"Jaw Worm","floor":5.0,"turns":4.0},{"damage":17.0,"enemies":"Lagavulin","floor":6.0,"turns":6.0},{"damage":8.0,"enemies":"3 Sentries","floor":8.0,"turns":4.0},{"damage":4.0,"enemies":"Lagavulin","floor":11.0,"turns":5.0},{"damage":5.0,"enemies":"Gremlin Nob","floor":13.0,"turns":3.0},{"damage":7.0,"enemies":"Hexaghost","floor":16.0,"turns":6.0},{"damage":0.0,"enemies":"2 Thieves","floor":18.0,"turns":3.0},{"damage":0.0,"enemies":"Book of Stabbing","floor":21.0,"turns":5.0},{"damage":5.0,"enemies":"3 Byrds","floor":24.0,"turns":3.0},{"damage":0.0,"enemies":"Slavers","floor":25.0,"turns":5.0},{"damage":2.0,"enemies":"Book of Stabbing","floor":27.0,"turns":5.0},{"damage":0.0,"enemies":"Slavers","floor":29.0,"turns":2.0},{"damage":1.0,"enemies":"Cultist and Chosen","floor":30.0,"turns":4.0},{"damage":1.0,"enemies":"Gremlin Leader","floor":31.0,"turns":5.0},{"damage":4.0,"enemies":"Champ","floor":33.0,"turns":8.0},{"damage":2.0,"enemies":"Orb Walker","floor":35.0,"turns":3.0},{"damage":3,"enemies":"Reptomancer","floor":39,"turns":6},{"damage":0,"enemies":"Giant Head","floor":41,"turns":5},{"damage":0,"enemies":"3 Shapes","floor":42,"turns":2},{"damage":0,"enemies":"Reptomancer","floor":45,"turns":4},{"damage":0,"enemies":"Giant Head","floor":47,"turns":6},{"damage":0,"enemies":"Spire Growth","floor":48,"turns":5},{"damage":18,"enemies":"Awakened One","floor":50,"turns":13},{"damage":46,"enemies":"Time Eater","floor":51,"turns":13},{"damage":0,"enemies":"Shield and Spear","floor":55,"turns":3},{"damage":45,"enemies":"The Heart","floor":56,"turns":11}],"seed_played":"-172346909451543150","potions_obtained":[{"floor":1.0,"key":"PowerPotion"},{"floor":3.0,"key":"Strength Potion"},{"floor":8.0,"key":"Swift Potion"},{"floor":16.0,"key":"Weak Potion"},{"floor":21.0,"key":"Strength Potion"},{"floor":29.0,"key":"PowerPotion"},{"floor":30.0,"key":"Regen Potion"},{"floor":35.0,"key":"FairyPotion"},{"floor":47,"key":"Weak Potion"}],"is_trial":true,"path_per_floor":["M","$","?","M","M","E","R","E","T","?","E","R","E","$","R","B",null,"M","?","$","E","$","R","M","E","T","E","R","E","M","E","R","B",null,"M","$","?","$","E","R","E","M","T","R","E","R","E","M","R","B","B",null,"R","$","E","B",null],"character_chosen":"THE_SILENT","items_purchased":["Footwork","Noxious Fumes","Backflip","Dodge and Roll","Potion Belt","Dexterity Potion","Membership Card","Letter Opener","Catalyst","Apotheosis","Blur","Regen Potion"],"campfire_rested":1,"item_purchase_floors":[2,14,20,20,36,36,38,38,54,54,54,54],"current_hp_per_floor":[59,59,59,59,59,42,42,34,34,14,10,29,24,24,24,17,54,54,54,54,54,54,54,49,49,49,47,47,47,46,59,59,55,74,72,72,72,72,69,69,69,69,69,69,76,76,76,76,76,58,12,68,68,68,68,74],"gold":41,"neow_bonus":"","is_prod":false,"is_daily":false,"chose_seed":false,"campfire_upgraded":9,"win_rate":0,"timestamp":1546575445,"path_taken":["M","$","?","M","?","E","R","E","T","?","E","R","E","?","R","BOSS","M","?","?","?","?","R","M","E","T","E","R","E","?","E","R","BOSS","M","$","?","$","?","R","E","M","T","R","?","R","E","M","R","BOSS","BOSS","R","$","E","BOSS"],"build_version":"2019-01-03","purchased_purges":1,"victory":true,"max_hp_per_floor":[66,66,66,66,66,66,66,66,66,66,66,66,66,66,66,66,66,66,66,66,66,66,66,66,66,66,66,66,66,66,80,80,80,80,80,80,80,80,80,80,80,80,80,80,87,87,87,87,87,87,87,87,87,87,87,87],"card_choices":[{"not_picked":["Skewer","Deflect","Sucker Punch"],"picked":"SKIP","floor":1.0},{"not_picked":["Flechettes","Tactician","Dagger Throw"],"picked":"SKIP","floor":4.0},{"not_picked":["PiercingWail","Sucker Punch","Bane"],"picked":"SKIP","floor":5.0},{"not_picked":["Storm of Steel","Grand Finale"],"picked":"Corpse Explosion","floor":6.0},{"not_picked":["Tools of the Trade","A Thousand Cuts"],"picked":"Adrenaline","floor":8.0},{"not_picked":["Envenom","Venomology","Tools of the Trade"],"picked":"SKIP","floor":11.0},{"not_picked":["After Image","Phantasmal Killer"],"picked":"Night Terror","floor":13.0},{"not_picked":["Venomology","After Image"],"picked":"Wraith Form v2","floor":16.0},{"not_picked":["Blade Dance+1","Crippling Poison","Finisher"],"picked":"SKIP","floor":18.0},{"not_picked":["Wraith Form v2","Corpse Explosion","Envenom"],"picked":"SKIP","floor":21.0},{"not_picked":["Setup","Dagger Spray+1","Blade Dance"],"picked":"SKIP","floor":24.0},{"not_picked":["After Image","Phantasmal Killer"],"picked":"Bullet Time","floor":25.0},{"not_picked":["Wraith Form v2","A Thousand Cuts","After Image"],"picked":"SKIP","floor":27.0},{"not_picked":["Envenom","Corpse Explosion"],"picked":"Adrenaline","floor":29.0},{"not_picked":["Cloak And Dagger","Bane","Deflect+1"],"picked":"SKIP","floor":30.0},{"not_picked":["Storm of Steel","Grand Finale"],"picked":"After Image","floor":31.0},{"not_picked":["Flechettes","Bane"],"picked":"Backflip","floor":35.0},{"not_picked":["Night Terror","Corpse Explosion","Tools of the Trade"],"picked":"SKIP","floor":39},{"not_picked":["Bullet Time","Tools of the Trade","Doppelganger"],"picked":"SKIP","floor":41},{"not_picked":["Setup","Dash+1","Expertise+1"],"picked":"SKIP","floor":42},{"not_picked":["Grand Finale","Unload","A Thousand Cuts"],"picked":"SKIP","floor":45},{"not_picked":["Storm of Steel","Bullet Time"],"picked":"Adrenaline","floor":47},{"not_picked":["Acrobatics","Quick Slash+1","Flying Knee+1"],"picked":"SKIP","floor":48},{"not_picked":["After Image","Storm of Steel"],"picked":"Wraith Form v2","floor":55}],"player_experience":1943165,"relics_obtained":[{"floor":6.0,"key":"War Paint"},{"floor":8.0,"key":"Unceasing Top"},{"floor":9.0,"key":"Blue Candle"},{"floor":11.0,"key":"Bottled Lightning"},{"floor":13.0,"key":"Art of War"},{"floor":21.0,"key":"Ornamental Fan"},{"floor":25.0,"key":"Tingsha"},{"floor":26.0,"key":"Bottled Tornado"},{"floor":27.0,"key":"Bronze Scales"},{"floor":29.0,"key":"Omamori"},{"floor":31.0,"key":"Mango"},{"floor":39,"key":"PreservedInsect"},{"floor":41,"key":"Bag of Marbles"},{"floor":45,"key":"Strawberry"},{"floor":47,"key":"Molten Egg 2"},{"floor":55,"key":"Sundial"}],"event_choices":[{"damage_healed":0.0,"max_hp_gain":0.0,"max_hp_loss":0.0,"gold_gain":0.0,"event_name":"Lab","player_choice":"Got Potions","floor":3.0,"gold_loss":0.0,"damage_taken":0.0},{"damage_healed":0.0,"max_hp_gain":0.0,"max_hp_loss":0.0,"gold_gain":0.0,"event_name":"Shining Light","player_choice":"Entered Light","floor":10.0,"gold_loss":0.0,"damage_taken":20.0,"cards_upgraded":["Deflect","Escape Plan"]},{"damage_healed":0.0,"max_hp_gain":0.0,"max_hp_loss":0.0,"gold_gain":0.0,"cards_transformed":["Quick Slash","Dagger Throw"],"event_name":"Drug Dealer","player_choice":"Became Test Subject","floor":19.0,"gold_loss":0.0,"damage_taken":0.0,"cards_obtained":["Flying Knee","Wraith Form v2"]},{"damage_healed":0.0,"max_hp_gain":0.0,"max_hp_loss":0.0,"gold_gain":275.0,"event_name":"Golden Shrine","player_choice":"Desecrate","floor":37.0,"gold_loss":0.0,"damage_taken":0.0,"cards_obtained":["Regret"]}],"is_beta":false,"boss_relics":[{"not_picked":["Runic Pyramid","Astrolabe"],"picked":"Cursed Key"},{"not_picked":["Velvet Choker","Coffee Dripper"],"picked":"WristBlade"}],"items_purged_floors":[36],"is_endless":false,"potions_floor_spawned":[1,4,8,16,21,29,30,31,35,47],"ascension_level":20}