{"gold_per_floor":[127,155,179,210,222,234,289,301,313,339,6,6,62,85,85,85],"floor_reached":16,"playtime":504,"items_purged":[],"score":184,"play_id":"c52cc54c-5229-496d-a601-c65e2eadaa1a","local_time":"20181109220731","is_ascension_mode":true,"campfire_choices":[{"data":"Metallicize","floor":6,"key":"SMITH"},{"data":"Clothesline","floor":8,"key":"SMITH"},{"data":"Inflame","floor":15,"key":"SMITH"}],"neow_cost":"NONE","seed_source_timestamp":346512271654969,"circlet_count":0,"master_deck":["AscendersBane","Strike_R","Strike_R","Strike_R","Strike_R","Strike_R","Defend_R","Defend_R","Defend_R","Defend_R","Bash","Cleave","Flex","Clothesline+1","Metallicize+1","Cleave","Warcry","Inflame+1","Uppercut","Dagger Spray"],"relics":["Burning Blood","MawBank","Golden Idol","Omamori","Gremlin Horn","PrismaticShard"],"potions_floor_usage":[7,10,16],"damage_taken":[{"damage":12,"enemies":"Small Slimes","floor":1,"turns":3},{"damage":2,"enemies":"2 Louse","floor":2,"turns":2},{"damage":24,"enemies":"Jaw Worm","floor":3,"turns":6},{"damage":4,"enemies":"Looter","floor":4,"turns":4},{"damage":34,"enemies":"Lagavulin","floor":7,"turns":7},{"damage":2,"enemies":"Gremlin Gang","floor":10,"turns":3},{"damage":6,"enemies":"Blue Slaver","floor":14,"turns":3},{"damage":27,"enemies":"The Guardian","floor":16,"turns":5}],"seed_played":"8930281021513443940","potions_obtained":[{"floor":2,"key":"Strength Potion"},{"floor":3,"key":"SteroidPotion"},{"floor":10,"key":"PowerPotion"}],"is_trial":false,"path_per_floor":["M","M","M","M","?","R","E","R","T","M","$","?","?","M","R","B"],"character_chosen":"IRONCLAD","items_purchased":["PrismaticShard","Inflame","Uppercut"],"campfire_rested":0,"item_purchase_floors":[11,11,11],"current_hp_per_floor":[62,66,48,50,50,50,22,22,22,26,26,26,26,26,26,0],"gold":85,"neow_bonus":"RANDOM_COMMON_RELIC","is_prod":false,"is_daily":false,"chose_seed":false,"campfire_upgraded":3,"win_rate":0,"timestamp":1541797651,"path_taken":["M","M","M","M","?","R","E","R","T","M","$","?","?","M","R","BOSS"],"build_version":"2018-11-08","purchased_purges":0,"victory":false,"max_hp_per_floor":[75,75,75,75,75,75,75,75,75,75,75,75,75,75,75,75],"card_choices":[{"not_picked":["Rupture","Blood for Blood"],"picked":"Cleave","floor":1},{"not_picked":["Reckless Charge","Clash"],"picked":"Flex","floor":2},{"not_picked":["Anger","Barricade"],"picked":"Clothesline","floor":3},{"not_picked":["Sentinel","Sever Soul"],"picked":"Metallicize","floor":4},{"not_picked":["Rampage","Seeing Red"],"picked":"Cleave","floor":7},{"not_picked":["Headbutt","Combust"],"picked":"Warcry","floor":10},{"not_picked":["Dodge and Roll","Tempest"],"picked":"Dagger Spray","floor":14}],"player_experience":319682,"relics_obtained":[{"floor":7,"key":"Omamori"},{"floor":9,"key":"Gremlin Horn"}],"event_choices":[{"damage_healed":0,"gold_gain":0,"player_choice":"Take Wound","damage_taken":0,"relics_obtained":["Golden Idol"],"max_hp_gain":0,"max_hp_loss":0,"event_name":"Golden Idol","floor":5,"gold_loss":0,"cards_obtained":["Injury"]},{"cards_removed":["Injury"],"damage_healed":0,"gold_gain":0,"player_choice":"Forget","damage_taken":0,"max_hp_gain":0,"max_hp_loss":0,"event_name":"Living Wall","floor":12,"gold_loss":0},{"damage_healed":0,"gold_gain":56,"player_choice":"Gained Gold","damage_taken":0,"max_hp_gain":0,"max_hp_loss":0,"event_name":"Golden Wing","floor":13,"gold_loss":0}],"is_beta":false,"boss_relics":[],"items_purged_floors":[],"is_endless":false,"potions_floor_spawned":[2,3,10],"killed_by":"The Guardian","ascension_level":16}