{"gold_per_floor":[362,13,26,36,56,89,89,123,123,0,30,30,30,43,43,114,114,126,176,176,5,19,19,52,63,63,63,63,78,78,4,4,78,78,91,10,22,41,41,41,74,74,74,74,74,92,112,127,127,127],"floor_reached":51,"playtime":2607,"items_purged":["Strike_B","Strike_B"],"score":1283,"play_id":"7a6549b8-4802-476a-8798-b5b18fc8e542","local_time":"20180826123349","is_ascension_mode":true,"campfire_choices":[{"floor":7.0,"key":"REST"},{"data":"Defragment","floor":12.0,"key":"SMITH"},{"data":"Zap","floor":15.0,"key":"SMITH"},{"floor":23.0,"key":"REST"},{"floor":28.0,"key":"REST"},{"floor":30.0,"key":"REST"},{"floor":32.0,"key":"REST"},{"floor":40.0,"key":"REST"},{"floor":42.0,"key":"REST"},{"floor":44.0,"key":"REST"},{"floor":49,"key":"REST"}],"neow_cost":"PERCENT_DAMAGE","seed_source_timestamp":0,"circlet_count":0,"master_deck":["Defend_B+1","Defend_B+1","Defend_B+1","Zap+1","Dualcast+1","AscendersBane","Rebound+1","Rip and Tear+1","FTL+1","Leap+1","Cold Snap+1","Defragment+1","Ball Lightning+1","Loop+1","Ball Lightning+1","Hologram+1","Go for the Eyes+1","Echo Form+1","Leap+1","Ball Lightning+1","Cold Snap+1","Reinforced Body+1","Conserve Battery+1","BootSequence+1","Skim+1","Creative AI+1","Compile Driver+1","Reboot+1","Machine Learning+1","Conserve Battery+1","Buffer+1","Defragment+1","Discovery+1","FTL+1","Reprogram+1","Capacitor+1"],"special_seed":0,"relics":["Cracked Core","Matryoshka","Calipers","Pantograph","Dream Catcher","Bottled Lightning","Pen Nib","Fusion Hammer","Bronze Scales","Bag of Preparation","Boot","Astrolabe","Regal Pillow","Potion Belt","Mark of the Bloom"],"potions_floor_usage":[50,50],"damage_taken":[{"damage":1.0,"enemies":"Cultist","floor":1.0,"turns":3.0},{"damage":7.0,"enemies":"Jaw Worm","floor":3.0,"turns":2.0},{"damage":10.0,"enemies":"Small Slimes","floor":4.0,"turns":3.0},{"damage":0.0,"enemies":"Exordium Wildlife","floor":5.0,"turns":3.0},{"damage":0.0,"enemies":"Gremlin Nob","floor":6.0,"turns":3.0},{"damage":25.0,"enemies":"3 Sentries","floor":8.0,"turns":7.0},{"damage":10.0,"enemies":"Lagavulin","floor":11.0,"turns":5.0},{"damage":0.0,"enemies":"Large Slime","floor":14.0,"turns":3.0},{"damage":9.0,"enemies":"Slime Boss","floor":16.0,"turns":6.0},{"damage":3.0,"enemies":"2 Thieves","floor":18.0,"turns":4.0},{"damage":0.0,"enemies":"Spheric Guardian","floor":22.0,"turns":2.0},{"damage":54.0,"enemies":"Slavers","floor":24.0,"turns":4.0},{"damage":17.0,"enemies":"Shelled Parasite and Fungi","floor":25.0,"turns":5.0},{"damage":8.0,"enemies":"Cultist and Chosen","floor":29.0,"turns":4.0},{"damage":38.0,"enemies":"Champ","floor":33.0,"turns":11.0},{"damage":19.0,"enemies":"3 Darklings","floor":35.0,"turns":6.0},{"damage":6.0,"enemies":"Flame Bruiser 1 Orb","floor":37.0,"turns":5.0},{"damage":5.0,"enemies":"Spire Growth","floor":38.0,"turns":5.0},{"damage":43.0,"enemies":"2 Orb Walkers","floor":41.0,"turns":6.0},{"damage":0.0,"enemies":"Maw","floor":46.0,"turns":7.0},{"damage":1.0,"enemies":"Flame Bruiser 2 Orb","floor":47.0,"turns":5.0},{"damage":0.0,"enemies":"Transient","floor":48.0,"turns":5.0},{"damage":46,"enemies":"Donu and Deca","floor":50,"turns":8}],"seed_played":"7920704384033062022","potions_obtained":[{"floor":1.0,"key":"Fire Potion"},{"floor":4.0,"key":"SteroidPotion"},{"floor":8.0,"key":"Block Potion"},{"floor":16.0,"key":"Block Potion"},{"floor":22.0,"key":"GamblersBrew"},{"floor":24.0,"key":"Regen Potion"},{"floor":27.0,"key":"FocusPotion"},{"floor":33.0,"key":"SkillPotion"},{"floor":47.0,"key":"Swift Potion"}],"is_trial":false,"path_per_floor":["M","$","M","M","M","E","R","E","T","$","E","R","$","M","R","B",null,"M","?","?","$","M","R","E","M","T","?","R","M","R","$","R","B",null,"M","$","M","M","?","R","E","R","T","R","?","M","M","M","R","B"],"character_chosen":"DEFECT","items_purchased":["Rip and Tear","FTL","Matryoshka","Ball Lightning","Ball Lightning","Cold Snap","Creative AI","Defragment"],"campfire_rested":9,"item_purchase_floors":[2,2,2,10,21,21,31,36],"current_hp_per_floor":[45,45,38,28,28,28,49,24,24,24,14,14,14,14,14,30,61,58,58,58,58,58,71,17,14,14,14,35,27,48,48,69,33,62,43,43,37,32,32,53,10,46,46,71,71,71,70,70,70,24],"gold":127,"neow_bonus":"TWO_FIFTY_GOLD","is_prod":false,"is_daily":false,"chose_seed":false,"campfire_upgraded":2,"win_rate":0,"timestamp":1535312029,"path_taken":["M","$","M","M","M","E","R","E","T","?","E","R","$","?","R","BOSS","M","?","?","$","M","R","E","?","T","?","R","?","R","$","R","BOSS","M","$","M","M","?","R","E","R","T","R","?","?","M","M","R","BOSS"],"build_version":"2018-08-23v2","purchased_purges":2,"victory":true,"max_hp_per_floor":[71,71,71,71,71,71,71,71,71,71,71,71,71,71,71,71,71,71,71,71,71,71,71,71,71,71,71,71,71,71,71,71,71,71,71,71,71,71,71,71,71,71,71,71,71,71,71,71,71,71],"card_choices":[{"not_picked":["Redo","Beam Cell"],"picked":"Rebound","floor":1.0},{"not_picked":["Static Discharge","Doom and Gloom"],"picked":"Leap","floor":3.0},{"not_picked":["Rebound","Beam Cell"],"picked":"Cold Snap","floor":4.0},{"not_picked":["Leap","Rebound"],"picked":"Defragment","floor":5.0},{"not_picked":["Darkness","Buffer"],"picked":"Ball Lightning","floor":6.0},{"not_picked":["Consume","Turbo"],"picked":"Loop","floor":8.0},{"not_picked":["Ball Lightning","Aggregate"],"picked":"Hologram","floor":11.0},{"not_picked":["Gash","Sweeping Beam"],"picked":"Go for the Eyes","floor":14.0},{"not_picked":["Biased Cognition","Amplify"],"picked":"Echo Form","floor":16.0},{"not_picked":["Go for the Eyes","Cold Snap"],"picked":"Leap","floor":18.0},{"not_picked":["Stack","Lockon","Streamline"],"picked":"SKIP","floor":22.0},{"not_picked":["Doom and Gloom","Genetic Algorithm+1"],"picked":"Reinforced Body","floor":23.0},{"not_picked":["Doom and Gloom","Sunder"],"picked":"Conserve Battery","floor":24.0},{"not_picked":["Gash","Conserve Battery","Leap"],"picked":"SKIP","floor":25.0},{"not_picked":["Turbo","Coolheaded"],"picked":"BootSequence","floor":29.0},{"not_picked":["Turbo","Leap"],"picked":"Skim","floor":30.0},{"not_picked":["Coolheaded","Stack"],"picked":"Compile Driver+1","floor":32.0},{"not_picked":["Hyperbeam","All For One"],"picked":"Reboot","floor":33.0},{"not_picked":["Redo","Conserve Battery","Tempest"],"picked":"SKIP","floor":35.0},{"not_picked":["Sweeping Beam","Compile Driver","Streamline+1"],"picked":"SKIP","floor":37.0},{"not_picked":["Steam+1","Rip and Tear","Gash"],"picked":"SKIP","floor":38.0},{"not_picked":["Dramatic Entrance","Panache"],"picked":"Discovery","floor":39.0},{"not_picked":["Reprogram","Redo"],"picked":"FTL+1","floor":40.0},{"not_picked":["Consume","Rip and Tear","Double Energy+1"],"picked":"SKIP","floor":41.0},{"not_picked":["Skim","Heatsinks"],"picked":"Reprogram+1","floor":42.0},{"not_picked":["Gash+1","Stack"],"picked":"Capacitor","floor":44.0},{"not_picked":["Ball Lightning","Beam Cell","Gash"],"picked":"SKIP","floor":46.0},{"not_picked":["Redo+1","Barrage","Gash"],"picked":"SKIP","floor":47.0},{"not_picked":["Chaos","Streamline+1","Gash"],"picked":"SKIP","floor":48.0}],"player_experience":1042274,"relics_obtained":[{"floor":6.0,"key":"Calipers"},{"floor":8.0,"key":"Pantograph"},{"floor":9.0,"key":"Dream Catcher"},{"floor":9.0,"key":"Bottled Lightning"},{"floor":11.0,"key":"Pen Nib"},{"floor":24.0,"key":"Bronze Scales"},{"floor":26.0,"key":"Bag of Preparation"},{"floor":26.0,"key":"Boot"},{"floor":41.0,"key":"Regal Pillow"},{"floor":43.0,"key":"Potion Belt"}],"event_choices":[{"event_name":"Nest","player_choice":"Stole From Cult","floor":19.0,"damage_taken":0.0},{"event_name":"Cursed Tome","player_choice":"Ignored","floor":20.0,"damage_taken":0.0},{"event_name":"The Lab","player_choice":"Got Potions","floor":27.0,"damage_taken":0.0},{"event_name":"SensoryStone","player_choice":"Memory 1","floor":39.0,"damage_taken":0.0},{"event_name":"MindBloom","player_choice":"Upgrade","floor":45.0,"damage_taken":0.0}],"is_beta":false,"boss_relics":[{"not_picked":["Coffee Dripper","Tiny House"],"picked":"Fusion Hammer"},{"not_picked":["Velvet Choker","Runic Pyramid"],"picked":"Astrolabe"}],"items_purged_floors":[10,21],"is_endless":false,"potions_floor_spawned":[1,4,8,16,22,24,33,35,38,47],"ascension_level":15}