{"gold_per_floor":[13,24,24,24,24,58,58,75,75,110,122,122,177,194,194,273,273,293,310,310,14,61,61,89,102,102,121,139,171,86,98,98,173,173,188,188,198,215,225,251,251,251,277,305,324,424,434,67,67,67],"floor_reached":51,"playtime":2187,"items_purged":["Strike_R"],"score":1352,"play_id":"680ae45d-780e-42d0-aeb1-f16fa231b8d8","local_time":"20190312111120","is_ascension_mode":true,"campfire_choices":[{"data":"Bludgeon","floor":7.0,"key":"SMITH"},{"data":"Spot Weakness","floor":12.0,"key":"SMITH"},{"data":"Bash","floor":15.0,"key":"SMITH"},{"data":"True Grit","floor":23.0,"key":"SMITH"},{"data":"Feel No Pain","floor":32.0,"key":"SMITH"},{"data":"Whirlwind","floor":41.0,"key":"SMITH"},{"data":"Limit Break","floor":49,"key":"SMITH"}],"neow_cost":"NO_GOLD","seed_source_timestamp":9148197918024,"circlet_count":0,"master_deck":["AscendersBane","Strike_R","Defend_R","Defend_R+1","Defend_R","Defend_R+1","Bash+1","Bludgeon+1","Whirlwind+1","Shrug It Off","Iron Wave+1","Impervious","Spot Weakness+1","Sword Boomerang+1","Shrug It Off","Reaper+1","True Grit+1","Warcry+1","Impervious","Headbutt+1","Feel No Pain+1","Body Slam+1","Armaments+1","Pummel+1","Offering","Pommel Strike+1","Shrug It Off","Corruption+1","Dark Shackles","Heavy Blade+1","True Grit+1","Limit Break+1","Metallicize"],"special_seed":0,"relics":["Burning Blood","Molten Egg 2","Paper Frog","Dodecahedron","Tiny Chest","Philosopher\u0027s Stone","Shuriken","Orichalcum","Matryoshka","Dream Catcher","Magic Flower","Centennial Puzzle","Bag of Marbles","Empty Cage","Ornamental Fan","Question Card","Anchor","PreservedInsect","Unceasing Top","Kunai"],"potions_floor_usage":[50,50],"damage_taken":[{"damage":13.0,"enemies":"Jaw Worm","floor":1.0,"turns":4.0},{"damage":0.0,"enemies":"Small Slimes","floor":2.0,"turns":4.0},{"damage":29.0,"enemies":"3 Sentries","floor":6.0,"turns":6.0},{"damage":0.0,"enemies":"Cultist","floor":8.0,"turns":3.0},{"damage":10.0,"enemies":"Gremlin Nob","floor":10.0,"turns":3.0},{"damage":17.0,"enemies":"Lots of Slimes","floor":11.0,"turns":2.0},{"damage":33.0,"enemies":"Lagavulin","floor":13.0,"turns":9.0},{"damage":0.0,"enemies":"Blue Slaver","floor":14.0,"turns":3.0},{"damage":23.0,"enemies":"The Guardian","floor":16.0,"turns":9.0},{"damage":9.0,"enemies":"3 Byrds","floor":18.0,"turns":5.0},{"damage":8.0,"enemies":"2 Thieves","floor":19.0,"turns":4.0},{"damage":1.0,"enemies":"Gremlin Leader","floor":24.0,"turns":7.0},{"damage":0.0,"enemies":"Snecko","floor":25.0,"turns":4.0},{"damage":1.0,"enemies":"Snake Plant","floor":27.0,"turns":4.0},{"damage":23.0,"enemies":"Sentry and Sphere","floor":28.0,"turns":6.0},{"damage":23.0,"enemies":"Book of Stabbing","floor":29.0,"turns":6.0},{"damage":6.0,"enemies":"Snecko","floor":31.0,"turns":3.0},{"damage":41.0,"enemies":"Automaton","floor":33.0,"turns":9.0},{"damage":0.0,"enemies":"3 Shapes","floor":35.0,"turns":4.0},{"damage":11.0,"enemies":"3 Darklings","floor":37.0,"turns":5.0},{"damage":9.0,"enemies":"Spire Growth","floor":38.0,"turns":4.0},{"damage":6.0,"enemies":"Sphere and 2 Shapes","floor":39.0,"turns":4.0},{"damage":42.0,"enemies":"Reptomancer","floor":40.0,"turns":8.0},{"damage":8,"enemies":"Giant Head","floor":44,"turns":7},{"damage":12,"enemies":"Transient","floor":45,"turns":5},{"damage":6,"enemies":"Mind Bloom Boss Battle","floor":46,"turns":8},{"damage":15,"enemies":"3 Darklings","floor":47,"turns":6},{"damage":25,"enemies":"Awakened One","floor":50,"turns":7}],"seed_played":"656480410673274220","potions_obtained":[{"floor":6.0,"key":"Fire Potion"},{"floor":10.0,"key":"Strength Potion"},{"floor":11.0,"key":"Regen Potion"},{"floor":13.0,"key":"Energy Potion"},{"floor":27.0,"key":"GamblersBrew"},{"floor":28.0,"key":"Regen Potion"},{"floor":33.0,"key":"GamblersBrew"},{"floor":35.0,"key":"Swift Potion"},{"floor":40.0,"key":"PowerPotion"}],"is_trial":false,"path_per_floor":["M","M","$","?","?","E","R","M","T","E","M","R","E","M","R","B",null,"M","M","?","$","T","R","E","M","T","M","M","E","?","M","R","B",null,"M","?","M","M","M","E","R","?","T","E","M","?","M","$","R","B",null],"character_chosen":"IRONCLAD","items_purchased":["Shuriken","Fire Potion","Kunai","Metallicize"],"campfire_rested":0,"item_purchase_floors":[21,21,48,48],"current_hp_per_floor":[61,67,67,44,69,46,46,52,52,48,37,37,25,31,31,14,60,72,70,70,70,70,70,75,75,75,75,61,69,69,75,75,56,70,75,75,73,75,75,53,53,53,53,75,72,75,75,75,75,75],"gold":67,"neow_bonus":"THREE_RARE_CARDS","is_prod":false,"is_daily":false,"chose_seed":false,"campfire_upgraded":7,"win_rate":0,"timestamp":1552414280,"path_taken":["M","M","$","?","?","E","R","M","T","E","M","R","E","M","R","BOSS","M","M","?","$","?","R","E","?","T","M","M","E","?","M","R","BOSS","M","?","M","M","M","E","R","?","T","E","M","?","M","$","R","BOSS"],"build_version":"2019-01-23","purchased_purges":1,"victory":true,"max_hp_per_floor":[75,75,75,75,75,75,75,75,75,75,75,75,75,75,75,75,75,75,75,75,75,75,75,75,75,75,75,75,75,75,75,75,75,75,75,75,75,75,75,75,75,75,75,75,75,75,75,75,75,75],"card_choices":[{"not_picked":["Demon Form","Offering"],"picked":"Bludgeon","floor":0.0},{"not_picked":["Clash","Thunderclap"],"picked":"Clothesline","floor":1.0},{"not_picked":["Fire Breathing","Second Wind"],"picked":"Whirlwind","floor":2.0},{"not_picked":["Fire Breathing","Anger"],"picked":"Shrug It Off","floor":6.0},{"not_picked":["Feel No Pain","Power Through"],"picked":"Iron Wave+1","floor":8.0},{"not_picked":["Warcry","Corruption"],"picked":"Impervious","floor":10.0},{"not_picked":["Cleave+1","Clash+1"],"picked":"Spot Weakness","floor":11.0},{"not_picked":["Reckless Charge+1","Flex"],"picked":"Sword Boomerang+1","floor":13.0},{"not_picked":["Clothesline+1","Carnage+1"],"picked":"Shrug It Off","floor":14.0},{"not_picked":["Juggernaut","Double Tap"],"picked":"Reaper+1","floor":16.0},{"not_picked":["Infernal Blade","Headbutt+1"],"picked":"True Grit","floor":18.0},{"not_picked":["Infernal Blade+1","Twin Strike+1"],"picked":"Warcry+1","floor":19.0},{"not_picked":["Power Through","Evolve"],"picked":"Impervious","floor":24.0},{"not_picked":["Perfected Strike+1","Power Through"],"picked":"Headbutt+1","floor":25.0},{"not_picked":["Pummel+1","Armaments"],"picked":"Feel No Pain","floor":27.0},{"not_picked":["Clothesline+1","Sentinel"],"picked":"Body Slam+1","floor":28.0},{"not_picked":["Hemokinesis+1","Warcry"],"picked":"Armaments+1","floor":29.0},{"not_picked":["Iron Wave+1","Rage"],"picked":"Pummel+1","floor":31.0},{"not_picked":["Juggernaut","Impervious"],"picked":"Offering","floor":33.0},{"not_picked":["Perfected Strike+1","Pummel+1"],"picked":"Pommel Strike+1","floor":35.0},{"not_picked":["Perfected Strike+1","Anger+1"],"picked":"Shrug It Off","floor":37.0},{"not_picked":["Inflame","Iron Wave+1"],"picked":"Corruption+1","floor":38.0},{"not_picked":["Headbutt+1","Body Slam+1","Anger+1"],"picked":"SKIP","floor":39.0},{"not_picked":["Blood for Blood+1","Bludgeon+1","Body Slam+1"],"picked":"SKIP","floor":40.0},{"not_picked":["Discovery","Magnetism"],"picked":"Dark Shackles","floor":42.0},{"not_picked":["Wild Strike+1","Bloodletting+1","Dropkick+1"],"picked":"Heavy Blade+1","floor":44},{"not_picked":["Fire Breathing","Sever Soul+1","Whirlwind+1"],"picked":"True Grit+1","floor":45},{"not_picked":["Pommel Strike+1","Perfected Strike+1","Anger+1"],"picked":"Limit Break","floor":47}],"player_experience":2344854,"relics_obtained":[{"floor":6.0,"key":"Molten Egg 2"},{"floor":9.0,"key":"Paper Frog"},{"floor":10.0,"key":"Dodecahedron"},{"floor":13.0,"key":"Tiny Chest"},{"floor":22.0,"key":"Orichalcum"},{"floor":24.0,"key":"Matryoshka"},{"floor":26.0,"key":"Dream Catcher"},{"floor":26.0,"key":"Magic Flower"},{"floor":29.0,"key":"Centennial Puzzle"},{"floor":40.0,"key":"Ornamental Fan"},{"floor":43.0,"key":"Question Card"},{"floor":43.0,"key":"Anchor"},{"floor":44,"key":"PreservedInsect"},{"floor":46,"key":"Unceasing Top"}],"event_choices":[{"damage_healed":0.0,"max_hp_gain":0.0,"max_hp_loss":0.0,"gold_gain":0.0,"event_name":"Shining Light","player_choice":"Entered Light","floor":4.0,"gold_loss":0.0,"damage_taken":23.0,"cards_upgraded":["Defend_R","Defend_R"]},{"damage_healed":25.0,"max_hp_gain":0.0,"max_hp_loss":0.0,"gold_gain":0.0,"event_name":"Big Fish","player_choice":"Banana","floor":5.0,"gold_loss":0.0,"damage_taken":0.0},{"cards_removed":["Strike_R"],"damage_healed":0.0,"max_hp_gain":0.0,"max_hp_loss":0.0,"gold_gain":0.0,"event_name":"Purifier","player_choice":"Purged","floor":20.0,"gold_loss":0.0,"damage_taken":0.0},{"damage_healed":0.0,"max_hp_gain":0.0,"max_hp_loss":0.0,"gold_gain":0.0,"event_name":"Addict","player_choice":"Obtained Relic","floor":30.0,"gold_loss":85.0,"damage_taken":0.0,"relics_obtained":["Bag of Marbles"]},{"cards_removed":["Clothesline"],"damage_healed":0.0,"max_hp_gain":0.0,"max_hp_loss":0.0,"gold_gain":0.0,"event_name":"Falling","player_choice":"Removed Attack","floor":36.0,"gold_loss":0.0,"damage_taken":0.0},{"damage_healed":0.0,"max_hp_gain":0.0,"max_hp_loss":0.0,"gold_gain":0.0,"event_name":"SensoryStone","player_choice":"Memory 1","floor":42.0,"gold_loss":0.0,"damage_taken":0.0},{"damage_healed":0,"gold_gain":0,"player_choice":"Fight","damage_taken":0,"max_hp_gain":0,"max_hp_loss":0,"event_name":"MindBloom","floor":46,"gold_loss":0}],"is_beta":false,"boss_relics":[{"not_picked":["Busted Crown","Ectoplasm"],"picked":"Philosopher\u0027s Stone"},{"not_picked":["Runic Cube","Lizard Tail"],"picked":"Empty Cage"}],"items_purged_floors":[48],"is_endless":false,"potions_floor_spawned":[6,10,11,13,14,16,27,28,33,35,37,40,45,47],"ascension_level":15}