{"gold_per_floor":[117,117,0,12,27,27,37,53,79,79,79,89,118,134,134,209,209,221,238,238,248,43,43,55,105,159,159,159,169,169,186,186,258,258,268,288,288,303,29,29,45,45,45,92,104,0,32,56,68,80],"floor_reached":51,"playtime":1521,"items_purged":["Strike_B","Writhe"],"score":1171,"play_id":"03ab5c09-09c2-4f99-b71f-3c35fc1a0312","local_time":"25620325013121","is_ascension_mode":true,"campfire_choices":[{"data":"Defragment","floor":6.0,"key":"SMITH"},{"data":"Electrodynamics","floor":11.0,"key":"SMITH"},{"floor":15.0,"key":"REST"},{"data":"Defragment","floor":23.0,"key":"SMITH"},{"floor":28.0,"key":"REST"},{"data":"Machine Learning","floor":30.0,"key":"SMITH"},{"floor":32.0,"key":"REST"},{"data":"Buffer","floor":40.0,"key":"SMITH"},{"floor":42,"key":"REST"},{"floor":45,"key":"REST"},{"floor":49,"key":"REST"}],"neow_cost":"TEN_PERCENT_HP_LOSS","seed_source_timestamp":39661309477382,"circlet_count":0,"master_deck":["AscendersBane","Strike_B","Defend_B","Defend_B","Defend_B","Zap+1","Dualcast","Electrodynamics+1","Gash","Defragment+1","Coolheaded","BootSequence","Cold Snap","Cold Snap","Conserve Battery","Machine Learning+1","Turbo+1","Melter+1","Hologram+1","Genetic Algorithm","Defragment+1","Self Repair","Capacitor","Hologram","Reinforced Body","Buffer+1","Glacier+1","Loop","Ball Lightning+1","Coolheaded+1","Skim","Chaos+1"],"special_seed":0,"relics":["Cracked Core","Smiling Mask","Odd Mushroom","Astrolabe","Lantern","Tiny Chest","DataDisk","Philosopher\u0027s Stone","HandDrill","MawBank","Omamori","Red Mask"],"potions_floor_usage":[50,50],"damage_taken":[{"damage":10.0,"enemies":"Small Slimes","floor":1.0,"turns":3.0},{"damage":7.0,"enemies":"Jaw Worm","floor":4.0,"turns":4.0},{"damage":2.0,"enemies":"2 Louse","floor":5.0,"turns":3.0},{"damage":10.0,"enemies":"Exordium Thugs","floor":7.0,"turns":4.0},{"damage":6.0,"enemies":"Looter","floor":8.0,"turns":3.0},{"damage":0.0,"enemies":"2 Fungi Beasts","floor":12.0,"turns":2.0},{"damage":8.0,"enemies":"The Mushroom Lair","floor":13.0,"turns":3.0},{"damage":12.0,"enemies":"Exordium Thugs","floor":14.0,"turns":4.0},{"damage":18.0,"enemies":"Hexaghost","floor":16.0,"turns":10.0},{"damage":5.0,"enemies":"2 Thieves","floor":18.0,"turns":3.0},{"damage":8.0,"enemies":"Chosen","floor":19.0,"turns":4.0},{"damage":6.0,"enemies":"Snake Plant","floor":21.0,"turns":4.0},{"damage":16.0,"enemies":"Shelled Parasite and Fungi","floor":24.0,"turns":5.0},{"damage":9.0,"enemies":"Snecko","floor":29.0,"turns":6.0},{"damage":16.0,"enemies":"Snake Plant","floor":31.0,"turns":3.0},{"damage":27.0,"enemies":"Collector","floor":33.0,"turns":13.0},{"damage":5.0,"enemies":"3 Shapes","floor":35.0,"turns":3.0},{"damage":10.0,"enemies":"Orb Walker","floor":36.0,"turns":6.0},{"damage":7.0,"enemies":"Sphere and 2 Shapes","floor":38.0,"turns":4.0},{"damage":15,"enemies":"Spire Growth","floor":41,"turns":6},{"damage":34,"enemies":"Giant Head","floor":44,"turns":11},{"damage":0,"enemies":"4 Shapes","floor":47,"turns":5},{"damage":27,"enemies":"Jaw Worm Horde","floor":48,"turns":5},{"damage":24,"enemies":"Donu and Deca","floor":50,"turns":10}],"seed_played":"430327985717045711","potions_obtained":[{"floor":7.0,"key":"GamblersBrew"},{"floor":12.0,"key":"PowerPotion"},{"floor":14.0,"key":"Dexterity Potion"},{"floor":16.0,"key":"SteroidPotion"},{"floor":19.0,"key":"FocusPotion"},{"floor":20.0,"key":"SteroidPotion"},{"floor":31.0,"key":"Fire Potion"},{"floor":33.0,"key":"Explosive Potion"},{"floor":44,"key":"Dexterity Potion"}],"is_trial":false,"path_per_floor":["M","?","$","M","M","R","M","M","T","?","R","M","?","M","R","B",null,"M","M","?","M","$","R","M","?","T","?","R","M","R","M","R","B",null,"M","M","?","M","$","R","M","R","T","E","R","?","M","M","R","B",null],"character_chosen":"DEFECT","items_purchased":["Defragment","Self Repair","Lantern","HandDrill"],"campfire_rested":6,"item_purchase_floors":[3,22,22,39],"current_hp_per_floor":[54,54,54,47,45,45,35,29,29,29,29,29,21,9,28,10,51,46,38,38,32,32,32,23,23,23,23,42,40,40,31,50,30,56,51,48,48,41,41,41,33,52,52,25,44,44,51,24,43,26],"gold":92,"neow_bonus":"THREE_RARE_CARDS","is_prod":false,"is_daily":false,"chose_seed":false,"campfire_upgraded":5,"win_rate":0,"timestamp":1553452281,"path_taken":["M","?","?","M","M","R","M","M","T","?","R","?","?","M","R","BOSS","M","M","?","M","?","R","M","?","T","?","R","M","R","M","R","BOSS","M","M","?","M","$","R","M","R","T","E","R","?","?","M","R","BOSS"],"build_version":"2019-01-23","purchased_purges":2,"victory":true,"max_hp_per_floor":[64,64,64,64,64,64,64,64,64,64,64,64,64,64,64,64,64,64,64,64,64,64,64,64,64,64,64,64,64,64,64,64,64,64,64,64,64,64,64,64,64,64,64,64,64,64,64,64,64,64],"card_choices":[{"not_picked":["Amplify","Multi-Cast"],"picked":"Electrodynamics","floor":0.0},{"not_picked":["Compile Driver","Blizzard"],"picked":"Gash","floor":1.0},{"not_picked":["Ball Lightning","Chill"],"picked":"Coolheaded","floor":4.0},{"not_picked":["Double Energy","Force Field"],"picked":"BootSequence","floor":5.0},{"not_picked":["Leap","Blizzard","Stack"],"picked":"SKIP","floor":7.0},{"not_picked":["Go for the Eyes","Sweeping Beam"],"picked":"Cold Snap","floor":8.0},{"not_picked":["Streamline","Steam","Turbo"],"picked":"SKIP","floor":12.0},{"not_picked":["Reprogram","Compile Driver"],"picked":"Cold Snap","floor":13.0},{"not_picked":["Turbo","Rebound"],"picked":"Conserve Battery","floor":14.0},{"not_picked":["Biased Cognition","Seek"],"picked":"Machine Learning","floor":16.0},{"not_picked":["Hello World","Auto Shields","Aggregate"],"picked":"SKIP","floor":18.0},{"not_picked":["Stack","Compile Driver"],"picked":"Genetic Algorithm","floor":19.0},{"not_picked":["Sunder","Hologram"],"picked":"Defragment","floor":21.0},{"not_picked":["Force Field+1","Barrage"],"picked":"Capacitor","floor":24.0},{"not_picked":["Turbo","Coolheaded"],"picked":"Hologram","floor":29.0},{"not_picked":["Aggregate","Go for the Eyes"],"picked":"Reinforced Body","floor":31.0},{"not_picked":["Seek","Machine Learning"],"picked":"Buffer","floor":33.0},{"not_picked":["Rebound","Rip and Tear"],"picked":"Glacier+1","floor":35.0},{"not_picked":["Redo","Compile Driver"],"picked":"Sweeping Beam","floor":36.0},{"not_picked":["Hello World","Barrage"],"picked":"Loop","floor":38.0},{"not_picked":["Auto Shields+1","Coolheaded"],"picked":"Ball Lightning+1","floor":41},{"not_picked":["Hologram+1","Reprogram"],"picked":"Coolheaded+1","floor":44},{"not_picked":["Rebound","Rip and Tear"],"picked":"Skim","floor":47},{"not_picked":["Sweeping Beam+1","Beam Cell"],"picked":"Chaos+1","floor":48}],"player_experience":337680,"relics_obtained":[{"floor":9.0,"key":"Smiling Mask"},{"floor":13.0,"key":"Odd Mushroom"},{"floor":26.0,"key":"Tiny Chest"},{"floor":43,"key":"MawBank"},{"floor":44,"key":"Omamori"}],"event_choices":[{"damage_healed":0.0,"max_hp_gain":0.0,"max_hp_loss":0.0,"gold_gain":0.0,"event_name":"Scrap Ooze","player_choice":"Fled","floor":2.0,"gold_loss":0.0,"damage_taken":0.0},{"damage_healed":0.0,"max_hp_gain":0.0,"max_hp_loss":0.0,"gold_gain":0.0,"event_name":"Living Wall","player_choice":"Grow","floor":10.0,"gold_loss":0.0,"damage_taken":0.0,"cards_upgraded":["Zap"]},{"damage_healed":0.0,"max_hp_gain":0.0,"max_hp_loss":0.0,"gold_gain":0.0,"event_name":"Mushrooms","player_choice":"Fought Mushrooms","floor":13.0,"gold_loss":0.0,"damage_taken":0.0},{"damage_healed":0.0,"max_hp_gain":0.0,"max_hp_loss":0.0,"gold_gain":0.0,"event_name":"Lab","player_choice":"Got Potions","floor":20.0,"gold_loss":0.0,"damage_taken":0.0},{"damage_healed":0.0,"max_hp_gain":0.0,"max_hp_loss":0.0,"gold_gain":50.0,"event_name":"Nest","player_choice":"Stole From Cult","floor":25.0,"gold_loss":0.0,"damage_taken":0.0},{"damage_healed":0.0,"max_hp_gain":0.0,"max_hp_loss":0.0,"gold_gain":0.0,"event_name":"The Mausoleum","player_choice":"Opened","floor":27.0,"gold_loss":0.0,"damage_taken":0.0,"relics_obtained":["DataDisk"],"cards_obtained":["Writhe"]},{"cards_removed":["Sweeping Beam"],"damage_healed":0.0,"max_hp_gain":0.0,"max_hp_loss":0.0,"gold_gain":0.0,"event_name":"Falling","player_choice":"Removed Attack","floor":37.0,"gold_loss":0.0,"damage_taken":0.0},{"damage_healed":0,"gold_gain":0,"player_choice":"Paid","damage_taken":0,"relics_obtained":["Red Mask"],"max_hp_gain":0,"max_hp_loss":0,"event_name":"Tomb of Lord Red Mask","floor":46,"gold_loss":116}],"is_beta":false,"boss_relics":[{"not_picked":["Runic Dome","FrozenCore"],"picked":"Astrolabe"},{"not_picked":["Nuclear Battery","Busted Crown"],"picked":"Philosopher\u0027s Stone"}],"items_purged_floors":[3,39],"is_endless":false,"potions_floor_spawned":[7,12,14,16,19,31,33,36,44,47],"ascension_level":16}