{"gold_per_floor":[113,113,133,35,55,55,87,87,114,148,1,1,1,49,49,122,122,140,157,82,32,46,46,81,81,81,81,81,31,66,66,66,144,144,163,163,177,188,85,85,120,120,120,120,140,175,50,50,50,50,50,50,50,0,29,29],"floor_reached":57,"playtime":2475,"items_purged":["Strike_R","Strike_R","Defend_R","Immolate+1","True Grit","Defend_R+1"],"score":2835,"play_id":"ab501236-4d58-4c5d-b616-a3a5c74bb7e6","local_time":"20181224191759","is_ascension_mode":true,"campfire_choices":[{"data":"Flash of Steel","floor":6.0,"key":"SMITH"},{"data":"Bash","floor":8.0,"key":"SMITH"},{"data":"Perfected Strike","floor":12.0,"key":"SMITH"},{"data":"Pommel Strike","floor":15.0,"key":"SMITH"},{"data":"Immolate","floor":23.0,"key":"SMITH"},{"data":"Battle Trance","floor":25.0,"key":"SMITH"},{"floor":27.0,"key":"REST"},{"floor":32.0,"key":"RECALL"},{"floor":40.0,"key":"REST"},{"floor":42.0,"key":"REST"},{"floor":49.0,"key":"REST"},{"floor":53.0,"key":"REST"}],"neow_cost":"TEN_PERCENT_HP_LOSS","seed_source_timestamp":11660239185014,"circlet_count":0,"master_deck":["AscendersBane","Defend_R+1","Bash+1","Battle Trance+1","Pommel Strike+1","Flash of Steel+1","Flash of Steel+1","Demon Form+1","Shockwave+1","Shrug It Off+1","True Grit+1","Second Wind"],"special_seed":0,"relics":["Burning Blood","Pocketwatch","FaceOfCleric","Art of War","Juzu Bracelet","Smiling Mask","Strawberry","Astrolabe","Anchor","War Paint","Bottled Tornado","Fusion Hammer","Pen Nib","Question Card","Paper Frog"],"potions_floor_usage":[56],"damage_taken":[{"damage":15.0,"enemies":"Small Slimes","floor":1.0,"turns":4.0},{"damage":7.0,"enemies":"Cultist","floor":3.0,"turns":4.0},{"damage":3.0,"enemies":"2 Louse","floor":5.0,"turns":3.0},{"damage":8.0,"enemies":"Gremlin Nob","floor":7.0,"turns":3.0},{"damage":25.0,"enemies":"3 Sentries","floor":10.0,"turns":9.0},{"damage":38.0,"enemies":"Slime Boss","floor":16.0,"turns":5.0},{"damage":1.0,"enemies":"Spheric Guardian","floor":18.0,"turns":3.0},{"damage":0.0,"enemies":"3 Byrds","floor":19.0,"turns":3.0},{"damage":22.0,"enemies":"Sentry and Sphere","floor":22.0,"turns":4.0},{"damage":39.0,"enemies":"Book of Stabbing","floor":24.0,"turns":4.0},{"damage":0.0,"enemies":"Gremlin Leader","floor":30.0,"turns":5.0},{"damage":5.0,"enemies":"Automaton","floor":33.0,"turns":3.0},{"damage":5.0,"enemies":"Orb Walker","floor":35.0,"turns":3.0},{"damage":16.0,"enemies":"3 Shapes","floor":37.0,"turns":3.0},{"damage":33.0,"enemies":"Transient","floor":38.0,"turns":6.0},{"damage":39.0,"enemies":"Reptomancer","floor":41.0,"turns":6.0},{"damage":7.0,"enemies":"Sphere and 2 Shapes","floor":45.0,"turns":6.0},{"damage":19.0,"enemies":"Nemesis","floor":46.0,"turns":5.0},{"damage":20.0,"enemies":"Time Eater","floor":50.0,"turns":5.0},{"damage":3.0,"enemies":"Donu and Deca","floor":51.0,"turns":3.0},{"damage":15.0,"enemies":"Shield and Spear","floor":55.0,"turns":3.0},{"damage":91,"enemies":"The Heart","floor":56,"turns":6}],"seed_played":"-3783482453228136692","potions_obtained":[{"floor":1.0,"key":"Swift Potion"},{"floor":5.0,"key":"Fire Potion"},{"floor":18.0,"key":"SteroidPotion"},{"floor":24.0,"key":"Poison Potion"},{"floor":33.0,"key":"SpeedPotion"},{"floor":35.0,"key":"Strength Potion"},{"floor":55.0,"key":"PowerPotion"}],"is_trial":false,"path_per_floor":["M","?","M","$","M","R","E","R","T","E","$","R","?","T","R","B",null,"M","M","?","$","M","R","E","R","T","R","?","$","E","?","R","B",null,"M","?","M","M","$","R","E","R","T","?","M","E","$","?","R","B","B",null,"R","$","E","B",null],"character_chosen":"IRONCLAD","items_purchased":["Flash of Steel","Flash of Steel","True Grit","Second Wind"],"campfire_rested":5,"item_purchase_floors":[4,11,39,47],"current_hp_per_floor":[59,59,59,59,63,63,62,62,62,44,44,44,44,51,51,20,65,71,78,78,78,63,63,31,31,31,56,56,56,63,63,63,65,81,83,83,74,48,48,74,42,69,69,100,100,88,88,88,102,89,93,101,104,104,96,12],"gold":29,"neow_bonus":"ONE_RARE_RELIC","is_prod":false,"is_daily":false,"chose_seed":false,"campfire_upgraded":6,"win_rate":0,"timestamp":1545650279,"path_taken":["M","?","M","$","M","R","E","R","T","E","?","R","?","?","R","BOSS","M","M","?","$","M","R","E","R","T","R","?","$","E","?","R","BOSS","M","?","M","M","$","R","E","R","T","?","M","E","?","?","R","BOSS","BOSS","R","$","E","BOSS"],"build_version":"2018-12-20","purchased_purges":6,"victory":true,"max_hp_per_floor":[68,68,69,69,70,70,71,71,71,72,72,72,72,79,79,80,80,81,82,82,82,83,83,84,84,84,84,84,84,85,85,85,86,86,87,87,88,89,89,89,90,90,90,100,101,102,102,102,102,103,104,104,104,104,105,106],"card_choices":[{"not_picked":["Body Slam","Clothesline"],"picked":"Battle Trance","floor":1.0},{"not_picked":["Battle Trance","Clothesline"],"picked":"Pommel Strike","floor":3.0},{"not_picked":["Metallicize","True Grit","Pummel"],"picked":"SKIP","floor":5.0},{"not_picked":["Barricade","Rupture","Sword Boomerang"],"picked":"SKIP","floor":7.0},{"not_picked":["Barricade","Rupture","Sword Boomerang"],"picked":"SKIP","floor":7.0},{"not_picked":["Perfected Strike","Heavy Blade","Disarm"],"picked":"SKIP","floor":10.0},{"not_picked":["Heavy Blade","Disarm"],"picked":"Perfected Strike","floor":10.0},{"not_picked":["Exhume","Dark Embrace"],"picked":"Immolate","floor":16.0},{"not_picked":["Evolve","Anger"],"picked":"Shrug It Off+1","floor":18.0},{"not_picked":["True Grit","Whirlwind+1","Havoc"],"picked":"SKIP","floor":19.0},{"not_picked":["True Grit","Whirlwind+1","Havoc"],"picked":"SKIP","floor":19.0},{"not_picked":["Headbutt","Sword Boomerang","Ghostly Armor+1"],"picked":"SKIP","floor":22.0},{"not_picked":["Anger","Ghostly Armor","Immolate"],"picked":"SKIP","floor":24.0},{"not_picked":["Pummel","Wild Strike","Heavy Blade"],"picked":"SKIP","floor":30.0},{"not_picked":["Demon Form","Immolate"],"picked":"Barricade","floor":33.0},{"not_picked":["Sword Boomerang","Headbutt+1","Clothesline"],"picked":"SKIP","floor":35.0},{"not_picked":["Whirlwind","Heavy Blade","Pommel Strike"],"picked":"SKIP","floor":37.0},{"not_picked":["Spot Weakness","Shrug It Off","Wild Strike+1"],"picked":"SKIP","floor":38.0},{"not_picked":["Rupture","Dropkick+1","Fire Breathing"],"picked":"SKIP","floor":41.0},{"not_picked":["Flame Barrier","Flex+1","Clash+1"],"picked":"SKIP","floor":45.0},{"not_picked":["Flame Barrier","Flex+1","Clash+1"],"picked":"SKIP","floor":45.0},{"not_picked":["Dropkick","Burning Pact"],"picked":"True Grit+1","floor":46.0},{"not_picked":["Body Slam+1","Searing Blow","Rupture","Flame Barrier"],"picked":"SKIP","floor":55.0}],"player_experience":2438126,"relics_obtained":[{"floor":7.0,"key":"Art of War"},{"floor":9.0,"key":"Juzu Bracelet"},{"floor":10.0,"key":"Smiling Mask"},{"floor":14.0,"key":"Strawberry"},{"floor":24.0,"key":"Anchor"},{"floor":26.0,"key":"War Paint"},{"floor":30.0,"key":"Bottled Tornado"},{"floor":41.0,"key":"Pen Nib"},{"floor":46.0,"key":"Question Card"},{"floor":55.0,"key":"Paper Frog"}],"event_choices":[{"damage_healed":0.0,"max_hp_gain":0.0,"max_hp_loss":0.0,"gold_gain":0.0,"event_name":"FaceTrader","player_choice":"Trade","floor":2.0,"gold_loss":0.0,"damage_taken":0.0,"relics_obtained":["FaceOfCleric"]},{"damage_healed":0.0,"max_hp_gain":0.0,"max_hp_loss":0.0,"gold_gain":0.0,"event_name":"Living Wall","player_choice":"Grow","floor":13.0,"gold_loss":0.0,"damage_taken":0.0,"cards_upgraded":["Flash of Steel"]},{"cards_removed":["Strike_R"],"damage_healed":0.0,"max_hp_gain":0.0,"max_hp_loss":0.0,"gold_gain":0.0,"event_name":"Beggar","player_choice":"Gave Gold","floor":20.0,"gold_loss":75.0,"damage_taken":0.0},{"damage_healed":0.0,"max_hp_gain":0.0,"max_hp_loss":0.0,"gold_gain":0.0,"event_name":"Vampires","player_choice":"Ignored","floor":28.0,"gold_loss":0.0,"damage_taken":0.0},{"damage_healed":0.0,"max_hp_gain":0.0,"max_hp_loss":0.0,"gold_gain":0.0,"event_name":"The Mausoleum","player_choice":"Ignored","floor":31.0,"gold_loss":0.0,"damage_taken":0.0},{"cards_removed":["Defend_R"],"damage_healed":0.0,"max_hp_gain":0.0,"max_hp_loss":0.0,"gold_gain":0.0,"event_name":"Purifier","player_choice":"Purged","floor":36.0,"gold_loss":0.0,"damage_taken":0.0},{"cards_removed":["Barricade"],"damage_healed":21.0,"max_hp_gain":10.0,"max_hp_loss":0.0,"gold_gain":0.0,"event_name":"Bonfire Elementals","player_choice":"Offered Rare","floor":44.0,"gold_loss":0.0,"damage_taken":0.0},{"cards_removed":["Whirlwind"],"damage_healed":0.0,"max_hp_gain":0.0,"max_hp_loss":0.0,"gold_gain":0.0,"event_name":"Falling","player_choice":"Removed Attack","floor":48.0,"gold_loss":0.0,"damage_taken":0.0}],"is_beta":false,"boss_relics":[{"not_picked":["Runic Cube","Black Blood"],"picked":"Astrolabe"},{"not_picked":["White Beast Statue","Philosopher\u0027s Stone"],"picked":"Fusion Hammer"}],"items_purged_floors":[11,21,29,39,47,54],"is_endless":false,"potions_floor_spawned":[1,5,18,24,33,35,55],"ascension_level":20}