{"gold_per_floor":[119,139,152,168,183,216,216,235,235,235,14,14,26,26,26,128,128,142,45,45,60,60],"floor_reached":22,"playtime":1004,"items_purged":[],"score":188,"play_id":"53486bc2-5931-42d8-a54d-4759b2f96fa2","local_time":"20190106151930","is_ascension_mode":false,"campfire_choices":[{"floor":7,"key":"REST"},{"floor":15,"key":"REST"}],"neow_cost":"NONE","seed_source_timestamp":1425878152242441,"circlet_count":0,"master_deck":["Strike_B","Strike_B","Strike_B","Strike_B","Defend_B","Defend_B","Defend_B","Defend_B","Zap","Dualcast","Conserve Battery","Fusion","Hologram","Loop","Ball Lightning","Cold Snap","Rebound","All For One","FTL","Reprogram","Multi-Cast","Turbo","Purity","RitualDagger","Steam"],"relics":["Fusion Hammer"],"potions_floor_usage":[16,22],"damage_taken":[{"damage":1,"enemies":"Jaw Worm","floor":1,"turns":3},{"damage":0,"enemies":"2 Louse","floor":2,"turns":3},{"damage":2,"enemies":"Small Slimes","floor":3,"turns":5},{"damage":11,"enemies":"Exordium Thugs","floor":4,"turns":6},{"damage":0,"enemies":"Large Slime","floor":5,"turns":6},{"damage":24,"enemies":"3 Sentries","floor":6,"turns":6},{"damage":2,"enemies":"Looter","floor":8,"turns":3},{"damage":8,"enemies":"Gremlin Gang","floor":13,"turns":3},{"damage":25,"enemies":"Hexaghost","floor":16,"turns":9},{"damage":29,"enemies":"3 Byrds","floor":18,"turns":6},{"damage":28,"enemies":"Chosen","floor":21,"turns":7},{"damage":21,"enemies":"Centurion and Healer","floor":22,"turns":4}],"seed_played":"-4522970269304352113","potions_obtained":[{"floor":2,"key":"Weak Potion"},{"floor":5,"key":"Ancient Potion"},{"floor":13,"key":"SpeedPotion"},{"floor":18,"key":"Ancient Potion"}],"is_trial":false,"path_per_floor":["M","M","M","M","M","E","R","M","T","?","$","?","M","$","R","B",null,"M","$","?","M","M"],"character_chosen":"DEFECT","items_purchased":["All For One","FTL","Purity"],"campfire_rested":2,"item_purchase_floors":[11,11,19],"current_hp_per_floor":[74,74,72,61,61,37,59,57,57,57,57,57,49,49,71,46,75,46,46,40,12,0],"gold":60,"neow_bonus":"BOSS_RELIC","is_prod":false,"is_daily":false,"chose_seed":false,"campfire_upgraded":0,"win_rate":0,"timestamp":1546784370,"path_taken":["M","M","M","M","M","E","R","M","T","?","$","?","M","$","R","BOSS","M","$","?","M","M"],"build_version":"2019-01-03v4","purchased_purges":0,"victory":false,"max_hp_per_floor":[75,75,75,75,75,75,75,75,75,75,75,75,75,75,75,75,75,75,75,75,75,75],"card_choices":[{"not_picked":["Stack","Streamline"],"picked":"Conserve Battery","floor":1},{"not_picked":["Redo","Hologram"],"picked":"Fusion","floor":2},{"not_picked":["Melter","Stack"],"picked":"Hologram","floor":3},{"not_picked":["Rebound","Beam Cell"],"picked":"Loop","floor":4},{"not_picked":["Reinforced Body","Hologram"],"picked":"Ball Lightning","floor":5},{"not_picked":["Compile Driver","Sweeping Beam"],"picked":"Cold Snap","floor":6},{"not_picked":["Sweeping Beam","Hologram"],"picked":"Rebound","floor":8},{"not_picked":["Sweeping Beam","Consume"],"picked":"Reprogram","floor":13},{"not_picked":["Meteor Strike","Fission"],"picked":"Multi-Cast","floor":16},{"not_picked":["Sweeping Beam","Cold Snap"],"picked":"Turbo","floor":18},{"not_picked":["Aggregate+1","Sweeping Beam"],"picked":"Steam","floor":21}],"player_experience":420934,"relics_obtained":[],"event_choices":[{"damage_healed":0,"gold_gain":0,"player_choice":"Ignored","damage_taken":0,"max_hp_gain":0,"max_hp_loss":0,"event_name":"Golden Idol","floor":10,"gold_loss":0},{"damage_healed":0,"gold_gain":0,"player_choice":"Fled","damage_taken":0,"max_hp_gain":0,"max_hp_loss":0,"event_name":"Scrap Ooze","floor":12,"gold_loss":0},{"damage_healed":0,"gold_gain":0,"player_choice":"Joined the Cult","damage_taken":6,"max_hp_gain":0,"max_hp_loss":0,"event_name":"Nest","floor":20,"gold_loss":0,"cards_obtained":["RitualDagger"]}],"is_beta":false,"boss_relics":[{"not_picked":["Eternal Feather","Cursed Key","Lizard Tail"]}],"items_purged_floors":[],"is_endless":false,"potions_floor_spawned":[2,5,13,18],"killed_by":"Centurion and Healer","ascension_level":0}