{"gold_per_floor":[114,47,59,70,82,116,116,142,142,142,152,164,164,198,198,277,277,296,307,307,98,98,98,109,109,109,109,127,127,162,174,174,251,251,263,17,17,36,86,86,100,115,183,183,200,120,220,230,230,230,230,230,16,47,47],"floor_reached":55,"playtime":2622,"items_purged":["Strike_G","Strike_G"],"score":1291,"play_id":"1d288e61-9960-407b-81bf-63caeccd3f76","local_time":"20190201113908","is_ascension_mode":true,"campfire_choices":[{"floor":7.0,"key":"REST"},{"floor":10.0,"key":"REST"},{"data":"Neutralize","floor":13.0,"key":"SMITH"},{"data":"Noxious Fumes","floor":15.0,"key":"SMITH"},{"floor":23.0,"key":"REST"},{"floor":25.0,"key":"REST"},{"floor":32.0,"key":"RECALL"},{"floor":40.0,"key":"REST"},{"floor":49.0,"key":"REST"},{"floor":52.0,"key":"REST"}],"neow_cost":"NONE","seed_source_timestamp":0,"circlet_count":0,"master_deck":["AscendersBane","Defend_G","Defend_G+1","Defend_G+1","Defend_G","Defend_G","Survivor","Neutralize+1","Deadly Poison","Footwork","PiercingWail","Crippling Poison","Backflip","Noxious Fumes+1","Dagger Spray","Cloak And Dagger","Venomology","Backflip","Leg Sweep","Acrobatics","Choke","Bouncing Flask","Backflip","Bandage Up","Poisoned Stab+1","Envenom","Backflip","Leg Sweep","Dodge and Roll","Footwork","Deadly Poison","Cloak And Dagger","Catalyst","Escape Plan","Predator+1","Infinite Blades","Acrobatics"],"special_seed":0,"relics":["Ring of the Snake","NeowsBlessing","Omamori","The Courier","Snake Skull","Fusion Hammer","Bottled Tornado","Anchor","Shuriken","Philosopher\u0027s Stone","Oddly Smooth Stone","Kunai","Ice Cream","War Paint","Pen Nib"],"potions_floor_usage":[55,55,55],"damage_taken":[{"damage":0.0,"enemies":"2 Louse","floor":1.0,"turns":1.0},{"damage":0.0,"enemies":"Cultist","floor":3.0,"turns":1.0},{"damage":0.0,"enemies":"Small Slimes","floor":4.0,"turns":1.0},{"damage":6.0,"enemies":"Blue Slaver","floor":5.0,"turns":4.0},{"damage":24.0,"enemies":"Gremlin Nob","floor":6.0,"turns":4.0},{"damage":37.0,"enemies":"3 Sentries","floor":8.0,"turns":13.0},{"damage":0.0,"enemies":"Gremlin Gang","floor":11.0,"turns":6.0},{"damage":0.0,"enemies":"Large Slime","floor":12.0,"turns":6.0},{"damage":7.0,"enemies":"Lagavulin","floor":14.0,"turns":7.0},{"damage":20.0,"enemies":"The Guardian","floor":16.0,"turns":10.0},{"damage":21.0,"enemies":"2 Thieves","floor":18.0,"turns":5.0},{"damage":5.0,"enemies":"Chosen","floor":19.0,"turns":5.0},{"damage":6.0,"enemies":"Shelled Parasite and Fungi","floor":24.0,"turns":8.0},{"damage":1.0,"enemies":"Cultist and Chosen","floor":28.0,"turns":5.0},{"damage":0.0,"enemies":"Gremlin Leader","floor":30.0,"turns":8.0},{"damage":0.0,"enemies":"Snake Plant","floor":31.0,"turns":5.0},{"damage":26.0,"enemies":"Automaton","floor":33.0,"turns":8.0},{"damage":3.0,"enemies":"Orb Walker","floor":35.0,"turns":4.0},{"damage":0.0,"enemies":"3 Shapes","floor":38.0,"turns":4.0},{"damage":2.0,"enemies":"3 Darklings","floor":41.0,"turns":4.0},{"damage":17.0,"enemies":"Sphere and 2 Shapes","floor":42.0,"turns":6.0},{"damage":5.0,"enemies":"4 Shapes","floor":45.0,"turns":4.0},{"damage":0.0,"enemies":"Mind Bloom Boss Battle","floor":47.0,"turns":6.0},{"damage":4.0,"enemies":"Transient","floor":48.0,"turns":5.0},{"damage":58.0,"enemies":"Awakened One","floor":50.0,"turns":15.0},{"damage":68.0,"enemies":"Shield and Spear","floor":54.0,"turns":8.0},{"damage":4,"enemies":"The Heart","floor":55,"turns":2}],"seed_played":"-4485877561986087538","potions_obtained":[{"floor":1.0,"key":"SmokeBomb"},{"floor":4.0,"key":"AttackPotion"},{"floor":6.0,"key":"Ancient Potion"},{"floor":24.0,"key":"GamblersBrew"},{"floor":27.0,"key":"Dexterity Potion"},{"floor":27.0,"key":"EssenceOfSteel"},{"floor":28.0,"key":"SpeedPotion"},{"floor":33.0,"key":"Ancient Potion"},{"floor":48.0,"key":"EssenceOfSteel"}],"is_trial":false,"path_per_floor":["M","$","M","M","M","E","R","E","T","R","M","M","R","E","R","B",null,"M","M","?","$","?","R","M","R","T","?","M","?","E","M","R","B",null,"M","$","?","M","?","R","M","M","T","$","M","$","?","M","R","B",null,"R","$","E","B"],"character_chosen":"THE_SILENT","items_purchased":["Footwork","Bouncing Flask","Backflip","Bandage Up","Oddly Smooth Stone","Leg Sweep","Dodge and Roll","Footwork","Dexterity Potion","War Paint","Infinite Blades"],"campfire_rested":7,"item_purchase_floors":[2,21,21,21,36,36,36,36,53,53,53],"current_hp_per_floor":[59,59,59,59,53,29,48,11,11,30,30,30,30,23,23,3,50,29,24,24,24,24,43,56,66,66,66,66,66,66,66,66,42,60,61,61,66,66,60,66,66,53,53,53,52,52,56,56,66,12,53,66,66,2,0],"gold":47,"neow_bonus":"THREE_ENEMY_KILL","is_prod":false,"is_daily":false,"chose_seed":false,"campfire_upgraded":2,"win_rate":0,"timestamp":1549049948,"path_taken":["M","$","M","M","M","E","R","E","T","R","M","M","R","E","R","BOSS","M","M","?","$","?","R","?","R","T","?","?","?","E","M","R","BOSS","M","?","?","M","?","R","M","?","T","$","M","$","?","M","R","BOSS","R","$","E","BOSS"],"build_version":"2019-01-23","purchased_purges":2,"victory":false,"max_hp_per_floor":[66,66,66,66,66,66,66,66,66,66,66,66,66,66,66,66,66,66,66,66,66,66,66,66,66,66,66,66,66,66,66,66,66,66,66,66,66,66,66,66,66,66,66,66,66,66,66,66,66,66,66,66,66,66,66],"card_choices":[{"not_picked":["Catalyst","Leg Sweep"],"picked":"Deadly Poison","floor":1.0},{"not_picked":["Choke","Footwork"],"picked":"PiercingWail","floor":3.0},{"not_picked":["Underhanded Strike","PiercingWail"],"picked":"Quick Slash","floor":4.0},{"not_picked":["Setup","Heel Hook"],"picked":"Crippling Poison","floor":5.0},{"not_picked":["Deadly Poison","Crippling Poison"],"picked":"Backflip","floor":6.0},{"not_picked":["Backstab","Choke"],"picked":"Noxious Fumes","floor":8.0},{"not_picked":["Sucker Punch","Phantasmal Killer"],"picked":"Dagger Spray","floor":11.0},{"not_picked":["Prepared","Flying Knee"],"picked":"Cloak And Dagger","floor":12.0},{"not_picked":["Flying Knee","Acrobatics","Choke"],"picked":"SKIP","floor":14.0},{"not_picked":["Phantasmal Killer","Unload"],"picked":"Venomology","floor":16.0},{"not_picked":["Acrobatics","Prepared"],"picked":"Backflip","floor":18.0},{"not_picked":["Poisoned Stab","Expertise"],"picked":"Leg Sweep","floor":19.0},{"not_picked":["Blade Dance","Unload"],"picked":"Poisoned Stab+1","floor":24.0},{"not_picked":["Prepared","Bane","Masterful Stab+1"],"picked":"SKIP","floor":28.0},{"not_picked":["Bane","Poisoned Stab","Envenom"],"picked":"SKIP","floor":30.0},{"not_picked":["Dagger Spray","Acrobatics","All Out Attack"],"picked":"SKIP","floor":31.0},{"not_picked":["Grand Finale","A Thousand Cuts"],"picked":"Envenom","floor":33.0},{"not_picked":["Terror","Reflex"],"picked":"Backflip","floor":35.0},{"not_picked":["Dodge and Roll+1","Escape Plan"],"picked":"Deadly Poison","floor":38.0},{"not_picked":["Quick Slash","Slice"],"picked":"Cloak And Dagger","floor":41.0},{"not_picked":["Wraith Form v2","Deadly Poison+1"],"picked":"Catalyst","floor":42.0},{"not_picked":["Cloak And Dagger","Flechettes"],"picked":"Escape Plan","floor":45.0},{"not_picked":["Acrobatics+1","Quick Slash+1"],"picked":"Predator+1","floor":48.0},{"not_picked":["Grand Finale","Slice"],"picked":"Acrobatics","floor":54.0}],"player_experience":2119304,"relics_obtained":[{"floor":6.0,"key":"Omamori"},{"floor":8.0,"key":"The Courier"},{"floor":14.0,"key":"Snake Skull"},{"floor":26.0,"key":"Bottled Tornado"},{"floor":30.0,"key":"Shuriken"},{"floor":43.0,"key":"Kunai"},{"floor":47.0,"key":"Ice Cream"},{"floor":54.0,"key":"Pen Nib"}],"event_choices":[{"damage_healed":0.0,"max_hp_gain":0.0,"max_hp_loss":0.0,"gold_gain":0.0,"cards_transformed":["Strike_G","Strike_G"],"event_name":"Drug Dealer","player_choice":"Became Test Subject","floor":20.0,"gold_loss":0.0,"damage_taken":0.0,"cards_obtained":["Acrobatics","Choke"]},{"cards_removed":["Strike_G"],"damage_healed":0.0,"max_hp_gain":0.0,"max_hp_loss":0.0,"gold_gain":0.0,"event_name":"Purifier","player_choice":"Purged","floor":22.0,"gold_loss":0.0,"damage_taken":0.0},{"damage_healed":0.0,"max_hp_gain":0.0,"max_hp_loss":0.0,"gold_gain":0.0,"event_name":"Lab","player_choice":"Got Potions","floor":27.0,"gold_loss":0.0,"damage_taken":0.0},{"cards_removed":["Quick Slash"],"damage_healed":0.0,"max_hp_gain":0.0,"max_hp_loss":0.0,"gold_gain":0.0,"event_name":"WeMeetAgain","player_choice":"Gave Card","floor":29.0,"gold_loss":0.0,"damage_taken":0.0,"relics_obtained":["Anchor"]},{"damage_healed":13.0,"max_hp_gain":0.0,"max_hp_loss":0.0,"gold_gain":0.0,"event_name":"Winding Halls","player_choice":"Writhe","floor":37.0,"gold_loss":0.0,"damage_taken":0.0,"cards_obtained":["Writhe"]},{"damage_healed":0.0,"max_hp_gain":0.0,"max_hp_loss":0.0,"gold_gain":50.0,"event_name":"FaceTrader","player_choice":"Touch","floor":39.0,"gold_loss":0.0,"damage_taken":6.0},{"damage_healed":0.0,"max_hp_gain":0.0,"max_hp_loss":0.0,"gold_gain":0.0,"event_name":"MindBloom","player_choice":"Fight","floor":47.0,"gold_loss":0.0,"damage_taken":0.0}],"is_beta":false,"boss_relics":[{"not_picked":["Empty Cage","Tiny House"],"picked":"Fusion Hammer"},{"not_picked":["Pandora\u0027s Box","Busted Crown"],"picked":"Philosopher\u0027s Stone"}],"items_purged_floors":[21,46],"is_endless":false,"potions_floor_spawned":[1,4,6,24,28,33,45,47,48,54],"killed_by":"The Heart","ascension_level":15}