{"gold_per_floor":[114,39,57,68,68,68,101,101,101,101],"floor_reached":10,"playtime":396,"items_purged":["Strike_R"],"score":112,"play_id":"c40aec2c-723d-4c4a-8598-b7071d694219","local_time":"20190419230356","is_ascension_mode":true,"campfire_choices":[{"data":"Body Slam","floor":6,"key":"SMITH"}],"neow_cost":"NONE","seed_source_timestamp":655120758110400,"circlet_count":0,"master_deck":["AscendersBane","Strike_R","Strike_R","Strike_R","Strike_R+1","Defend_R","Defend_R","Defend_R+1","Defend_R","Bash","True Grit","Body Slam+1","Disarm"],"relics":["Burning Blood","Bag of Preparation","Shovel","Frozen Egg 2"],"potions_floor_usage":[7,7],"damage_taken":[{"damage":13,"enemies":"Jaw Worm","floor":1,"turns":4},{"damage":0,"enemies":"2 Louse","floor":3,"turns":3},{"damage":10,"enemies":"Cultist","floor":4,"turns":5},{"damage":40,"enemies":"3 Sentries","floor":7,"turns":8},{"damage":16,"enemies":"Lagavulin","floor":10,"turns":8}],"seed_played":"7025997387798270855","potions_obtained":[{"floor":3,"key":"SteroidPotion"},{"floor":4,"key":"LiquidBronze"}],"is_trial":false,"path_per_floor":["M","$","M","M","?","R","E","?","T","E"],"character_chosen":"IRONCLAD","items_purchased":[],"campfire_rested":0,"item_purchase_floors":[],"current_hp_per_floor":[61,61,67,63,48,48,14,14,14,0],"gold":101,"neow_bonus":"RANDOM_COMMON_RELIC","is_prod":false,"is_daily":false,"chose_seed":false,"campfire_upgraded":1,"win_rate":0,"timestamp":1555704236,"path_taken":["M","$","M","M","?","R","E","?","T","E"],"build_version":"2019-01-23","purchased_purges":1,"victory":false,"max_hp_per_floor":[75,75,75,75,75,75,75,75,75,75],"card_choices":[{"not_picked":["Rupture","Power Through"],"picked":"True Grit","floor":1},{"not_picked":["Iron Wave","Sentinel"],"picked":"Body Slam","floor":3},{"not_picked":["Battle Trance","Feel No Pain"],"picked":"Disarm","floor":4},{"not_picked":["Demon Form","Perfected Strike","Dropkick"],"picked":"SKIP","floor":7}],"player_experience":310203,"relics_obtained":[{"floor":7,"key":"Shovel"},{"floor":9,"key":"Frozen Egg 2"}],"event_choices":[{"damage_healed":0,"gold_gain":0,"player_choice":"Entered Light","damage_taken":15,"max_hp_gain":0,"max_hp_loss":0,"event_name":"Shining Light","floor":5,"gold_loss":0,"cards_upgraded":["Defend_R","Strike_R"]},{"damage_healed":0,"gold_gain":0,"player_choice":"Ignored","damage_taken":0,"max_hp_gain":0,"max_hp_loss":0,"event_name":"Liars Game","floor":8,"gold_loss":0}],"is_beta":false,"boss_relics":[],"items_purged_floors":[2],"is_endless":false,"potions_floor_spawned":[3,4],"killed_by":"Lagavulin","ascension_level":14}