{"gold_per_floor":[219,219,29,48,68,68,95,95,95,111,6,70,95,172,172,172],"floor_reached":16,"playtime":727,"items_purged":["Strike_G"],"score":236,"play_id":"575ed467-61f8-4e46-8018-b6f70bfa796b","local_time":"20181002222807","is_ascension_mode":true,"campfire_choices":[{"data":"Neutralize","floor":6.0,"key":"SMITH"},{"data":"Bouncing Flask","floor":8.0,"key":"SMITH"},{"data":"Crippling Poison","floor":15.0,"key":"SMITH"}],"neow_cost":"NONE","seed_source_timestamp":51993110902151,"circlet_count":0,"master_deck":["Defend_G","Defend_G","Defend_G","Defend_G","Defend_G","Strike_G","Strike_G","Strike_G","Strike_G","Survivor","Neutralize+1","AscendersBane","Bouncing Flask+1","Leg Sweep","Poisoned Stab","Quick Slash","Crippling Poison+1","Backflip","Dash","Leg Sweep","Backstab"],"special_seed":0,"relics":["Ring of the Snake","SsserpentHead","Sundial","Regal Pillow","Lantern","Ornamental Fan","Anchor"],"potions_floor_usage":[16],"damage_taken":[{"damage":2.0,"enemies":"Small Slimes","floor":1.0,"turns":6.0},{"damage":0.0,"enemies":"Cultist","floor":4.0,"turns":3.0},{"damage":2.0,"enemies":"Jaw Worm","floor":5.0,"turns":4.0},{"damage":15.0,"enemies":"3 Sentries","floor":7.0,"turns":11.0},{"damage":13.0,"enemies":"Exordium Wildlife","floor":10.0,"turns":4.0},{"damage":0.0,"enemies":"Exordium Thugs","floor":12.0,"turns":4.0},{"damage":0.0,"enemies":"Gremlin Nob","floor":13.0,"turns":3.0},{"damage":36,"enemies":"Slime Boss","floor":16,"turns":10}],"seed_played":"6797273142906257684","potions_obtained":[{"floor":4.0,"key":"Swift Potion"},{"floor":5.0,"key":"Swift Potion"},{"floor":12.0,"key":"Fire Potion"}],"is_trial":false,"path_per_floor":["M","?","$","M","M","R","E","R","T","M","$","M","E","T","R"],"character_chosen":"THE_SILENT","items_purchased":["Leg Sweep","Poisoned Stab","Lantern"],"campfire_rested":0,"item_purchase_floors":[3,3,11],"current_hp_per_floor":[57,57,57,57,55,55,40,40,40,27,27,27,27,27,27,0],"gold":172,"neow_bonus":"HUNDRED_GOLD","is_prod":false,"is_daily":false,"chose_seed":false,"campfire_upgraded":3,"win_rate":0,"timestamp":1538544487,"path_taken":["M","?","$","M","M","R","E","R","T","M","?","?","E","?","R","BOSS"],"build_version":"2018-09-27","purchased_purges":1,"victory":false,"max_hp_per_floor":[66,66,66,66,66,66,66,66,66,66,66,66,66,66,66,66],"card_choices":[{"not_picked":["Blade Dance","Expertise"],"picked":"Bouncing Flask","floor":1.0},{"not_picked":["Blade Dance","Reflex"],"picked":"Quick Slash","floor":4.0},{"not_picked":["All Out Attack","Quick Slash"],"picked":"Crippling Poison","floor":5.0},{"not_picked":["Dagger Throw","Storm of Steel"],"picked":"Backflip","floor":7.0},{"not_picked":["Slice","Bane"],"picked":"Dash","floor":10.0},{"not_picked":["Deadly Poison","Bane"],"picked":"Leg Sweep","floor":12.0},{"not_picked":["Venomology","Leg Sweep"],"picked":"Backstab","floor":13.0}],"player_experience":1236545,"relics_obtained":[{"floor":7.0,"key":"Sundial"},{"floor":9.0,"key":"Regal Pillow"},{"floor":13.0,"key":"Ornamental Fan"},{"floor":14.0,"key":"Anchor"}],"event_choices":[{"event_name":"FaceTrader","player_choice":"Trade","floor":2.0,"damage_taken":0.0}],"is_beta":false,"boss_relics":[],"items_purged_floors":[3],"is_endless":false,"potions_floor_spawned":[4,5,12],"killed_by":"Slime Boss","ascension_level":15}