{"gold_per_floor":[18,38,38,48,65,65,65,85,85,85,117,117,145,145,145,145],"floor_reached":16,"playtime":479,"items_purged":[],"score":220,"play_id":"fab38fde-5e54-40dc-b44f-810c4ddcf813","local_time":"20190107175405","is_ascension_mode":true,"campfire_choices":[{"data":"1","floor":6,"key":"LIFT"},{"data":"Beam Cell","floor":15,"key":"SMITH"}],"neow_cost":"NO_GOLD","seed_source_timestamp":11020868767788,"circlet_count":0,"master_deck":["AscendersBane","Strike_B","Strike_B","Strike_B","Defend_B","Defend_B","Defend_B","Defend_B","Zap","Dualcast","Reinforced Body","Beam Cell+1","Defragment","FTL","Streamline+1"],"relics":["Cracked Core","Girya","Singing Bowl","Turnip","Molten Egg 2","Bronze Scales"],"potions_floor_usage":[5],"damage_taken":[{"damage":0,"enemies":"Cultist","floor":1,"turns":3},{"damage":0,"enemies":"2 Louse","floor":2,"turns":3},{"damage":0,"enemies":"Jaw Worm","floor":4,"turns":3},{"damage":11,"enemies":"Gremlin Gang","floor":5,"turns":5},{"damage":0,"enemies":"Red Slaver","floor":8,"turns":3},{"damage":20,"enemies":"Lagavulin","floor":11,"turns":6},{"damage":8,"enemies":"Gremlin Nob","floor":13,"turns":3},{"damage":21,"enemies":"Hexaghost","floor":16,"turns":8}],"seed_played":"5299683612360420636","potions_obtained":[{"floor":2,"key":"Block Potion"},{"floor":13,"key":"Energy Potion"}],"is_trial":false,"path_per_floor":["M","M","$","M","M","R","$","M","T","?","E","?","E","?","R","B"],"character_chosen":"DEFECT","items_purchased":[],"campfire_rested":0,"item_purchase_floors":[],"current_hp_per_floor":[64,64,64,64,53,53,53,53,53,53,35,24,18,18,18,0],"gold":145,"neow_bonus":"ONE_RARE_RELIC","is_prod":false,"is_daily":false,"chose_seed":false,"campfire_upgraded":1,"win_rate":0,"timestamp":1546854845,"path_taken":["M","M","$","M","M","R","?","M","T","?","E","?","E","?","R","BOSS"],"build_version":"2019-01-03v4","purchased_purges":0,"victory":false,"max_hp_per_floor":[71,71,71,71,71,71,71,71,71,71,73,73,75,75,75,75],"card_choices":[{"not_picked":["Ball Lightning","Turbo"],"picked":"Reinforced Body","floor":1},{"not_picked":["Streamline","Steam"],"picked":"Beam Cell","floor":2},{"not_picked":["Rebound","Chaos"],"picked":"Defragment","floor":4},{"not_picked":["Ball Lightning","Recycle"],"picked":"FTL","floor":5},{"not_picked":["Self Repair","Hologram"],"picked":"Streamline","floor":8},{"not_picked":["Fission","Turbo","Cold Snap"],"picked":"Singing Bowl","floor":11},{"not_picked":["Melter+1","Turbo","Reboot"],"picked":"Singing Bowl","floor":13}],"player_experience":2501904,"relics_obtained":[{"floor":9,"key":"Singing Bowl"},{"floor":11,"key":"Turnip"},{"floor":13,"key":"Bronze Scales"}],"event_choices":[{"damage_healed":0,"gold_gain":0,"player_choice":"Grow","damage_taken":0,"max_hp_gain":0,"max_hp_loss":0,"event_name":"Living Wall","floor":10,"gold_loss":0,"cards_upgraded":["Streamline"]},{"damage_healed":0,"gold_gain":0,"player_choice":"Success","damage_taken":11,"relics_obtained":["Molten Egg 2"],"max_hp_gain":0,"max_hp_loss":0,"event_name":"Scrap Ooze","floor":12,"gold_loss":0},{"cards_removed":["Strike_B"],"damage_healed":0,"gold_gain":0,"player_choice":"Offered Basic","damage_taken":0,"max_hp_gain":0,"max_hp_loss":0,"event_name":"Bonfire Elementals","floor":14,"gold_loss":0}],"is_beta":false,"boss_relics":[],"items_purged_floors":[],"is_endless":false,"potions_floor_spawned":[2,13],"killed_by":"Hexaghost","ascension_level":20}