{"gold_per_floor":[362,380,399,399,418,418,445,445,475,475,475,475,502,343,343,343],"floor_reached":16,"playtime":435,"items_purged":["Regret"],"score":200,"play_id":"1481040b-25f8-4440-aa9f-953d54a9dcd4","local_time":"20190205195650","is_ascension_mode":true,"campfire_choices":[{"data":"Bouncing Flask","floor":6,"key":"SMITH"},{"data":"Deadly Poison","floor":8,"key":"SMITH"},{"data":"Dodge and Roll","floor":10,"key":"SMITH"},{"data":"Leg Sweep","floor":15,"key":"SMITH"}],"neow_cost":"CURSE","seed_source_timestamp":275594608289033,"circlet_count":0,"master_deck":["AscendersBane","Defend_G","Defend_G","Defend_G","Defend_G","Defend_G","Strike_G","Strike_G","Strike_G","Strike_G","Strike_G","Survivor","Neutralize","Bouncing Flask+1","Dodge and Roll+1","Deadly Poison+1","Deadly Poison","Leg Sweep+1"],"relics":["Ring of the Snake","Meat on the Bone","Potion Belt","Tiny Chest","Darkstone Periapt","Vajra"],"potions_floor_usage":[7,13,16],"damage_taken":[{"damage":9,"enemies":"Cultist","floor":1,"turns":6},{"damage":7,"enemies":"Small Slimes","floor":2,"turns":4},{"damage":1,"enemies":"2 Louse","floor":3,"turns":3},{"damage":12,"enemies":"2 Fungi Beasts","floor":5,"turns":4},{"damage":15,"enemies":"Lagavulin","floor":7,"turns":5},{"damage":24,"enemies":"Gremlin Nob","floor":13,"turns":4},{"damage":43,"enemies":"Slime Boss","floor":16,"turns":8}],"seed_played":"-1431168053371763152","potions_obtained":[{"floor":1,"key":"SteroidPotion"},{"floor":2,"key":"GamblersBrew"},{"floor":7,"key":"Poison Potion"},{"floor":13,"key":"GhostInAJar"}],"is_trial":false,"path_per_floor":["M","M","M","T","M","R","E","R","T","R","?","?","E","$","R","B"],"character_chosen":"THE_SILENT","items_purchased":["Leg Sweep"],"campfire_rested":0,"item_purchase_floors":[14],"current_hp_per_floor":[50,43,42,42,42,42,39,39,39,39,39,45,33,33,33,0],"gold":343,"neow_bonus":"TWO_FIFTY_GOLD","is_prod":false,"is_daily":false,"chose_seed":false,"campfire_upgraded":4,"win_rate":0,"timestamp":1549393010,"path_taken":["M","M","M","?","M","R","E","R","T","R","?","?","E","$","R","BOSS"],"build_version":"2019-01-23","purchased_purges":1,"victory":false,"max_hp_per_floor":[66,66,66,66,66,66,66,66,66,66,66,72,72,72,72,72],"card_choices":[{"not_picked":["All Out Attack","Heel Hook"],"picked":"Bouncing Flask","floor":1},{"not_picked":["Deflect","Dagger Spray"],"picked":"Dodge and Roll","floor":2},{"not_picked":["Flechettes","Outmaneuver","Slice"],"picked":"SKIP","floor":3},{"not_picked":["Acrobatics","Deflect"],"picked":"Deadly Poison","floor":5},{"not_picked":["Cloak And Dagger","Predator","Acrobatics"],"picked":"SKIP","floor":7},{"not_picked":["Sucker Punch","Expertise"],"picked":"Deadly Poison","floor":13}],"player_experience":503597,"relics_obtained":[{"floor":4,"key":"Meat on the Bone"},{"floor":7,"key":"Potion Belt"},{"floor":9,"key":"Tiny Chest"},{"floor":13,"key":"Vajra"}],"event_choices":[{"cards_removed":["Injury"],"damage_healed":0,"gold_gain":0,"player_choice":"Forget","damage_taken":0,"max_hp_gain":0,"max_hp_loss":0,"event_name":"Living Wall","floor":11,"gold_loss":0},{"damage_healed":0,"gold_gain":0,"player_choice":"Box","damage_taken":0,"relics_obtained":["Darkstone Periapt"],"max_hp_gain":0,"max_hp_loss":0,"event_name":"Big Fish","floor":12,"gold_loss":0,"cards_obtained":["Regret"]}],"is_beta":false,"boss_relics":[],"items_purged_floors":[14],"is_endless":false,"potions_floor_spawned":[1,2,7,13],"killed_by":"Slime Boss","ascension_level":17}