{"gold_per_floor":[113,38,48,67,67,67,67,107,131,131,131,164,164,199,199,199],"floor_reached":16,"playtime":520,"items_purged":["Strike_B"],"score":232,"play_id":"da929f8a-49bc-4598-b0a5-1af614dd01f8","local_time":"20190104141528","is_ascension_mode":true,"campfire_choices":[{"data":"Zap","floor":6.0,"key":"SMITH"},{"data":"Consume","floor":10.0,"key":"SMITH"},{"floor":13.0,"key":"REST"},{"data":"Dualcast","floor":15.0,"key":"SMITH"}],"neow_cost":"NONE","seed_source_timestamp":4339054092000,"circlet_count":0,"master_deck":["AscendersBane","Strike_B","Strike_B","Strike_B","Defend_B","Defend_B","Defend_B","Defend_B","Zap+1","Dualcast+1","Ball Lightning","Cold Snap","Parasite","Consume+1","Core Surge","Leap"],"special_seed":0,"relics":["Inserter","Golden Idol","Lantern","Pen Nib","StoneCalendar","Nunchaku"],"potions_floor_usage":[16],"damage_taken":[{"damage":7.0,"enemies":"2 Louse","floor":1.0,"turns":4.0},{"damage":8.0,"enemies":"Small Slimes","floor":3.0,"turns":3.0},{"damage":5.0,"enemies":"Cultist","floor":4.0,"turns":4.0},{"damage":27.0,"enemies":"Lagavulin","floor":8.0,"turns":9.0},{"damage":17.0,"enemies":"3 Sentries","floor":12.0,"turns":6.0},{"damage":16.0,"enemies":"Gremlin Nob","floor":14.0,"turns":4.0},{"damage":24,"enemies":"The Guardian","floor":16,"turns":2}],"seed_played":"1934810012358819040","potions_obtained":[{"floor":1.0,"key":"Swift Potion"},{"floor":14.0,"key":"Explosive Potion"}],"is_trial":false,"path_per_floor":["M","$","M","M","?","R","?","E","T","R","?","E","R","E","R","B"],"character_chosen":"DEFECT","items_purchased":[],"campfire_rested":1,"item_purchase_floors":[],"current_hp_per_floor":[57,57,49,44,44,44,60,33,33,33,33,16,35,19,19,0],"gold":199,"neow_bonus":"BOSS_RELIC","is_prod":false,"is_daily":false,"chose_seed":false,"campfire_upgraded":3,"win_rate":0,"timestamp":1546582528,"path_taken":["M","$","M","M","?","R","?","E","T","R","?","E","R","E","R","BOSS"],"build_version":"2019-01-03v3","purchased_purges":1,"victory":false,"max_hp_per_floor":[71,71,71,71,64,64,64,64,64,64,64,64,64,64,64,64],"card_choices":[{"not_picked":["Aggregate","Conserve Battery"],"picked":"Ball Lightning","floor":1.0},{"not_picked":["Streamline","Redo"],"picked":"Cold Snap","floor":3.0},{"not_picked":["Steam Power","Amplify","Reinforced Body"],"picked":"SKIP","floor":4.0},{"not_picked":["Steam Power","Amplify","Reinforced Body"],"picked":"SKIP","floor":4.0},{"not_picked":["Rebound","Beam Cell"],"picked":"Consume","floor":8.0},{"not_picked":["Melter","Streamline","Reprogram"],"picked":"SKIP","floor":12.0},{"not_picked":["Streamline","Ball Lightning"],"picked":"Leap","floor":14.0}],"player_experience":2473981,"relics_obtained":[{"floor":8.0,"key":"Lantern"},{"floor":9.0,"key":"Pen Nib"},{"floor":12.0,"key":"StoneCalendar"},{"floor":14.0,"key":"Nunchaku"}],"event_choices":[{"damage_healed":0.0,"max_hp_gain":0.0,"max_hp_loss":7.0,"gold_gain":0.0,"event_name":"Golden Idol","player_choice":"Lose Max HP","floor":5.0,"gold_loss":0.0,"damage_taken":0.0,"relics_obtained":["Golden Idol"]},{"damage_healed":16.0,"max_hp_gain":0.0,"max_hp_loss":0.0,"gold_gain":0.0,"event_name":"Mushrooms","player_choice":"Healed and dodged fight","floor":7.0,"gold_loss":0.0,"damage_taken":0.0,"cards_obtained":["Parasite"]},{"damage_healed":0.0,"max_hp_gain":0.0,"max_hp_loss":0.0,"gold_gain":0.0,"event_name":"Match and Keep!","player_choice":"1 cards matched","floor":11.0,"gold_loss":0.0,"damage_taken":0.0,"cards_obtained":["Core Surge"]}],"is_beta":false,"boss_relics":[],"items_purged_floors":[2],"is_endless":false,"potions_floor_spawned":[1,14],"killed_by":"The Guardian","ascension_level":20}