{"gold_per_floor":[117,127,127,154,154,154,184,194,220,220,250,269,294,306,306,382,382,401,132,149,159,10,10,45,76,76,91,91,109,109,127,127,198,198,216,438,454,454,471,496,496,316,316,316,345,97,97,13,13,13],"floor_reached":51,"playtime":3220,"items_purged":["Strike_B","Strike_B"],"score":1369,"play_id":"7faeff2b-469f-429f-a3d4-54bd3f0c1f19","local_time":"20181215120823","is_ascension_mode":true,"campfire_choices":[{"data":"Zap","floor":6.0,"key":"SMITH"},{"floor":10.0,"key":"REST"},{"data":"White Noise","floor":15.0,"key":"SMITH"},{"data":"Hologram","floor":23.0,"key":"SMITH"},{"floor":28.0,"key":"REST"},{"floor":30.0,"key":"REST"},{"data":"Dualcast","floor":32.0,"key":"SMITH"},{"data":"Recycle","floor":41.0,"key":"SMITH"},{"data":"Blizzard","floor":49,"key":"SMITH"}],"neow_cost":"NONE","seed_source_timestamp":13831579857947,"circlet_count":0,"master_deck":["AscendersBane","Strike_B","Defend_B","Defend_B","Defend_B","Defend_B","Zap+1","Dualcast+1","Sweeping Beam","Auto Shields","Cold Snap","Hologram+1","Chill","White Noise+1","Echo Form","Seek","Cold Snap","Glacier+1","Darkness","Leap+1","Ball Lightning","Biased Cognition+1","Stack+1","Glacier","Recycle+1","Capacitor","Capacitor+1","Glacier","Blizzard+1","Panacea"],"special_seed":0,"relics":["Cracked Core","DataDisk","Potion Belt","Regal Pillow","Calipers","Blood Vial","Black Star","Anchor","Happy Flower","Ancient Tea Set","Orichalcum","Red Mask","Turnip","Philosopher\u0027s Stone","Darkstone Periapt","Gremlin Horn","Frozen Egg 2","Dodecahedron","Smiling Mask","Membership Card"],"potions_floor_usage":[50],"damage_taken":[{"damage":1.0,"enemies":"Cultist","floor":1.0,"turns":3.0},{"damage":8.0,"enemies":"Jaw Worm","floor":2.0,"turns":4.0},{"damage":30.0,"enemies":"Gremlin Nob","floor":7.0,"turns":4.0},{"damage":5.0,"enemies":"Small Slimes","floor":8.0,"turns":2.0},{"damage":9.0,"enemies":"Lagavulin","floor":11.0,"turns":9.0},{"damage":0.0,"enemies":"2 Fungi Beasts","floor":12.0,"turns":3.0},{"damage":0.0,"enemies":"3 Sentries","floor":13.0,"turns":8.0},{"damage":20.0,"enemies":"Gremlin Gang","floor":14.0,"turns":3.0},{"damage":4.0,"enemies":"The Guardian","floor":16.0,"turns":15.0},{"damage":0.0,"enemies":"3 Byrds","floor":18.0,"turns":1.0},{"damage":0.0,"enemies":"Chosen","floor":20.0,"turns":6.0},{"damage":8.0,"enemies":"Shelled Parasite and Fungi","floor":21.0,"turns":10.0},{"damage":47.0,"enemies":"Book of Stabbing","floor":24.0,"turns":11.0},{"damage":17.0,"enemies":"Masked Bandits","floor":25.0,"turns":4.0},{"damage":0.0,"enemies":"Cultist and Chosen","floor":27.0,"turns":7.0},{"damage":0.0,"enemies":"Sentry and Sphere","floor":29.0,"turns":4.0},{"damage":0.0,"enemies":"Snake Plant","floor":31.0,"turns":5.0},{"damage":24.0,"enemies":"Champ","floor":33.0,"turns":11.0},{"damage":10.0,"enemies":"3 Darklings","floor":35.0,"turns":12.0},{"damage":1.0,"enemies":"3 Shapes","floor":37.0,"turns":4.0},{"damage":6.0,"enemies":"Jaw Worm Horde","floor":39.0,"turns":5.0},{"damage":4.0,"enemies":"Nemesis","floor":40.0,"turns":13.0},{"damage":0.0,"enemies":"Giant Head","floor":45.0,"turns":20.0},{"damage":18,"enemies":"Time Eater","floor":50,"turns":29}],"seed_played":"8702961455170636068","potions_obtained":[{"floor":2.0,"key":"Poison Potion"},{"floor":7.0,"key":"SpeedPotion"},{"floor":14.0,"key":"Strength Potion"},{"floor":16.0,"key":"SpeedPotion"},{"floor":20.0,"key":"FearPotion"},{"floor":24.0,"key":"Explosive Potion"},{"floor":25.0,"key":"Strength Potion"},{"floor":27.0,"key":"Strength Potion"},{"floor":33.0,"key":"FearPotion"},{"floor":35.0,"key":"FocusPotion"},{"floor":37.0,"key":"FocusPotion"},{"floor":40.0,"key":"Fire Potion"}],"is_trial":false,"path_per_floor":["M","M","?","T","$","R","E","M","T","R","E","M","E","M","R","B",null,"M","$","M","M","M","$","R","E","?","T","M","R","M","R","M","R","B",null,"M","?","M","?","M","E","R","$","T","?","E","$","?","$","R","B",null],"character_chosen":"DEFECT","items_purchased":["Cold Snap","Anchor","Happy Flower","Capacitor","Membership Card","Capacitor+1","Glacier","Blizzard","Panacea"],"campfire_rested":3,"item_purchase_floors":[19,19,22,42,46,46,46,48,48],"current_hp_per_floor":[63,55,60,60,60,60,30,25,25,62,53,53,53,35,35,33,65,67,67,69,63,63,63,18,3,3,5,42,44,76,76,76,52,70,62,62,63,63,59,57,57,57,57,57,59,59,59,59,59,43],"gold":13,"neow_bonus":"REMOVE_CARD","is_prod":false,"is_daily":false,"chose_seed":false,"campfire_upgraded":6,"win_rate":0,"timestamp":1544904503,"path_taken":["M","M","?","?","$","R","E","M","T","R","E","M","E","M","R","BOSS","M","$","?","M","$","R","E","?","T","M","R","M","R","M","R","BOSS","M","?","M","?","?","E","R","?","T","?","E","$","?","$","R","BOSS"],"build_version":"2018-12-13","purchased_purges":2,"victory":true,"max_hp_per_floor":[71,71,76,76,76,76,76,76,76,76,76,76,76,76,76,76,76,76,76,76,76,76,76,76,76,76,76,76,76,76,76,76,76,76,76,76,76,76,76,76,76,76,76,76,76,76,76,76,76,76],"card_choices":[{"not_picked":["Tempest","Rebound"],"picked":"Sweeping Beam","floor":1.0},{"not_picked":["Chaos","Sweeping Beam"],"picked":"Auto Shields","floor":2.0},{"not_picked":["Steam Power","Fission"],"picked":"Cold Snap","floor":7.0},{"not_picked":["Heatsinks","Gash"],"picked":"Hologram","floor":8.0},{"not_picked":["Melter","Leap"],"picked":"Chill","floor":11.0},{"not_picked":["Beam Cell","Conserve Battery","Hologram"],"picked":"SKIP","floor":12.0},{"not_picked":["Aggregate","Beam Cell"],"picked":"White Noise","floor":13.0},{"not_picked":["Barrage","Redo"],"picked":"Echo Form","floor":14.0},{"not_picked":["Multi-Cast","Creative AI"],"picked":"Seek","floor":16.0},{"not_picked":["Scrape","Rip and Tear","Stack"],"picked":"SKIP","floor":18.0},{"not_picked":["Steam Power","Conserve Battery"],"picked":"Glacier+1","floor":20.0},{"not_picked":["Compile Driver","Self Repair"],"picked":"Darkness","floor":21.0},{"not_picked":["Reprogram","Conserve Battery","Steam"],"picked":"SKIP","floor":24.0},{"not_picked":["Rebound","Beam Cell+1","Darkness+1"],"picked":"SKIP","floor":27.0},{"not_picked":["Melter","Gash"],"picked":"Leap+1","floor":29.0},{"not_picked":["Stack","Hologram"],"picked":"Ball Lightning","floor":31.0},{"not_picked":["Meteor Strike","Seek"],"picked":"Biased Cognition","floor":33.0},{"not_picked":["Scrape+1","Gash"],"picked":"Stack+1","floor":35.0},{"not_picked":["Redo","Steam Power","Conserve Battery"],"picked":"SKIP","floor":37.0},{"not_picked":["Steam+1","Lockon"],"picked":"Glacier","floor":39.0},{"not_picked":["Sunder","Conserve Battery"],"picked":"Recycle","floor":40.0},{"not_picked":["Double Energy","Amplify","Gash"],"picked":"SKIP","floor":45.0}],"player_experience":1810493,"relics_obtained":[{"floor":4.0,"key":"DataDisk"},{"floor":7.0,"key":"Potion Belt"},{"floor":9.0,"key":"Regal Pillow"},{"floor":11.0,"key":"Calipers"},{"floor":13.0,"key":"Blood Vial"},{"floor":24.0,"key":"Ancient Tea Set"},{"floor":24.0,"key":"Orichalcum"},{"floor":25.0,"key":"Red Mask"},{"floor":26.0,"key":"Turnip"},{"floor":40.0,"key":"Darkstone Periapt"},{"floor":40.0,"key":"Gremlin Horn"},{"floor":43.0,"key":"Frozen Egg 2"},{"floor":45.0,"key":"Dodecahedron"},{"floor":45.0,"key":"Smiling Mask"}],"event_choices":[{"damage_healed":0.0,"max_hp_gain":5.0,"max_hp_loss":0.0,"gold_gain":0.0,"event_name":"Big Fish","player_choice":"Donut","floor":3.0,"gold_loss":0.0,"damage_taken":0.0},{"damage_healed":0.0,"max_hp_gain":0.0,"max_hp_loss":0.0,"gold_gain":0.0,"event_name":"Masked Bandits","player_choice":"Fought Bandits","floor":25.0,"gold_loss":0.0,"damage_taken":0.0},{"damage_healed":0.0,"max_hp_gain":0.0,"max_hp_loss":0.0,"gold_gain":222.0,"event_name":"Tomb of Lord Red Mask","player_choice":"Wore Mask","floor":36.0,"gold_loss":0.0,"damage_taken":0.0},{"damage_healed":0.0,"max_hp_gain":0.0,"max_hp_loss":0.0,"gold_gain":0.0,"event_name":"Accursed Blacksmith","player_choice":"Forge","floor":38.0,"gold_loss":0.0,"damage_taken":0.0,"cards_upgraded":["Biased Cognition"]},{"damage_healed":0.0,"max_hp_gain":0.0,"max_hp_loss":0.0,"gold_gain":0.0,"event_name":"Mysterious Sphere","player_choice":"Ignored","floor":44.0,"gold_loss":0.0,"damage_taken":0.0},{"damage_healed":0,"gold_gain":0,"player_choice":"Memory 1","damage_taken":0,"max_hp_gain":0,"max_hp_loss":0,"event_name":"SensoryStone","floor":47,"gold_loss":0}],"is_beta":false,"boss_relics":[{"not_picked":["Tiny House","Runic Pyramid"],"picked":"Black Star"},{"not_picked":["Astrolabe","Snecko Eye"],"picked":"Philosopher\u0027s Stone"}],"items_purged_floors":[19,42],"is_endless":false,"potions_floor_spawned":[2,7,14,16,20,24,25,27,33,35,37,40],"ascension_level":15}