{"gold_per_floor":[116,131,56,56,56,56,80,113,113,113,136,136,171,184,184,279,279,295,276,276,201,232,232,252,252,252,252,177,213,213,238,238,238],"floor_reached":33,"playtime":2043,"items_purged":["Strike_R"],"score":646,"play_id":"0793a49e-6361-4b5d-8926-8e1dbb5e487b","local_time":"20190408235958","is_ascension_mode":true,"campfire_choices":[{"data":"Bash","floor":6.0,"key":"SMITH"},{"data":"Inflame","floor":10.0,"key":"SMITH"},{"floor":12.0,"key":"REST"},{"data":"Flame Barrier","floor":15.0,"key":"SMITH"},{"floor":23,"key":"REST"},{"data":"Barricade","floor":25,"key":"SMITH"},{"data":"Shrug It Off","floor":30,"key":"SMITH"},{"floor":32,"key":"REST"}],"neow_cost":"NONE","seed_source_timestamp":1703077191496200,"circlet_count":0,"master_deck":["AscendersBane","Defend_R","Defend_R","Defend_R","Defend_R","Bash+1","Inflame+1","Juggernaut+1","Disarm","Offering","Shrug It Off+1","Flame Barrier+1","Sword Boomerang","Barricade+1","Shrug It Off","Shrug It Off","Pummel","Offering"],"special_seed":0,"relics":["Burning Blood","Golden Idol","Mercury Hourglass","Orichalcum","Happy Flower","Empty Cage","Red Mask","Meat on the Bone","Omamori"],"potions_floor_usage":[22,24,31],"damage_taken":[{"damage":11.0,"enemies":"Small Slimes","floor":1.0,"turns":5.0},{"damage":12.0,"enemies":"Jaw Worm","floor":2.0,"turns":3.0},{"damage":10.0,"enemies":"2 Louse","floor":7.0,"turns":4.0},{"damage":33.0,"enemies":"Lagavulin","floor":8.0,"turns":8.0},{"damage":12.0,"enemies":"Exordium Wildlife","floor":11.0,"turns":2.0},{"damage":9.0,"enemies":"Gremlin Nob","floor":13.0,"turns":3.0},{"damage":6.0,"enemies":"3 Louse","floor":14.0,"turns":4.0},{"damage":6.0,"enemies":"The Guardian","floor":16.0,"turns":8.0},{"damage":16.0,"enemies":"Spheric Guardian","floor":18.0,"turns":5.0},{"damage":8.0,"enemies":"2 Thieves","floor":19.0,"turns":4.0},{"damage":33,"enemies":"Masked Bandits","floor":22,"turns":4},{"damage":10,"enemies":"3 Cultists","floor":24,"turns":5},{"damage":6,"enemies":"Colosseum Slavers","floor":27,"turns":5},{"damage":29,"enemies":"Gremlin Leader","floor":29,"turns":7},{"damage":17,"enemies":"Centurion and Healer","floor":31,"turns":9},{"damage":59,"enemies":"Collector","floor":33,"turns":9}],"seed_played":"3538079794826439873","potions_obtained":[{"floor":7.0,"key":"Strength Potion"},{"floor":11.0,"key":"Explosive Potion"},{"floor":13.0,"key":"EssenceOfSteel"},{"floor":14.0,"key":"Energy Potion"},{"floor":16.0,"key":"Energy Potion"},{"floor":22,"key":"SkillPotion"},{"floor":29,"key":"Block Potion"}],"is_trial":false,"path_per_floor":["M","M","?","?","?","R","M","E","T","R","M","R","E","M","R","B",null,"M","M","?","$","?","R","M","R","T","?","?","E","R","M","R","B"],"character_chosen":"IRONCLAD","items_purchased":[],"campfire_rested":3,"item_purchase_floors":[],"current_hp_per_floor":[70,64,64,64,64,64,60,33,33,33,27,49,46,46,46,46,67,57,55,55,55,28,50,46,46,46,46,46,35,35,36,58,0],"gold":238,"neow_bonus":"TEN_PERCENT_HP_BONUS","is_prod":false,"is_daily":false,"chose_seed":false,"campfire_upgraded":5,"win_rate":0,"timestamp":1554764398,"path_taken":["M","M","?","?","?","R","M","E","T","R","M","R","E","M","R","BOSS","M","M","?","$","?","R","M","R","T","?","?","E","R","M","R","BOSS"],"build_version":"2019-01-23","purchased_purges":1,"victory":false,"max_hp_per_floor":[82,82,82,74,74,74,74,74,74,74,74,74,74,74,74,74,74,74,74,74,74,74,74,74,74,74,74,74,74,74,74,74,74],"card_choices":[{"not_picked":["Havoc","Body Slam"],"picked":"Inflame","floor":1.0},{"not_picked":["Armaments","Perfected Strike"],"picked":"Juggernaut","floor":2.0},{"not_picked":["Pommel Strike","Flex"],"picked":"Disarm","floor":7.0},{"not_picked":["Flex","Iron Wave"],"picked":"Offering","floor":8.0},{"not_picked":["Bloodletting","Flex"],"picked":"Shrug It Off","floor":11.0},{"not_picked":["Shrug It Off","Thunderclap"],"picked":"Flame Barrier","floor":13.0},{"not_picked":["Uppercut","Second Wind"],"picked":"Sword Boomerang","floor":14.0},{"not_picked":["Exhume","Reaper"],"picked":"Barricade","floor":16.0},{"not_picked":["Sword Boomerang","Burning Pact","Clash+1"],"picked":"SKIP","floor":18.0},{"not_picked":["Clash+1","Rampage"],"picked":"Shrug It Off","floor":19.0},{"not_picked":["Heavy Blade","Ghostly Armor"],"picked":"Pummel","floor":22},{"not_picked":["Iron Wave","Pommel Strike","Sword Boomerang"],"picked":"SKIP","floor":24},{"not_picked":["Clash","Combust","Flex"],"picked":"SKIP","floor":29},{"not_picked":["Clash","Sever Soul"],"picked":"Offering","floor":31}],"player_experience":2608948,"relics_obtained":[{"floor":8.0,"key":"Mercury Hourglass"},{"floor":9.0,"key":"Orichalcum"},{"floor":13.0,"key":"Happy Flower"},{"floor":22,"key":"Red Mask"},{"floor":26,"key":"Meat on the Bone"},{"floor":29,"key":"Omamori"}],"event_choices":[{"cards_removed":["Strike_R"],"damage_healed":0.0,"max_hp_gain":0.0,"max_hp_loss":0.0,"gold_gain":0.0,"event_name":"The Cleric","player_choice":"Card Removal","floor":3.0,"gold_loss":75.0,"damage_taken":0.0},{"damage_healed":0.0,"max_hp_gain":0.0,"max_hp_loss":8.0,"gold_gain":0.0,"event_name":"Golden Idol","player_choice":"Lose Max HP","floor":4.0,"gold_loss":0.0,"damage_taken":0.0,"relics_obtained":["Golden Idol"]},{"damage_healed":0.0,"max_hp_gain":0.0,"max_hp_loss":0.0,"gold_gain":0.0,"event_name":"Living Wall","player_choice":"Grow","floor":5.0,"gold_loss":0.0,"damage_taken":0.0,"cards_upgraded":["Juggernaut"]},{"damage_healed":0.0,"max_hp_gain":0.0,"max_hp_loss":0.0,"gold_gain":0.0,"event_name":"The Library","player_choice":"Read","floor":20.0,"gold_loss":0.0,"damage_taken":0.0,"cards_obtained":["Shrug It Off"]},{"damage_healed":0,"gold_gain":0,"player_choice":"Fought Bandits","damage_taken":0,"max_hp_gain":0,"max_hp_loss":0,"event_name":"Masked Bandits","floor":22,"gold_loss":0},{"damage_healed":0,"gold_gain":0,"player_choice":"Fight","damage_taken":0,"max_hp_gain":0,"max_hp_loss":0,"event_name":"Colosseum","floor":27,"gold_loss":0},{"damage_healed":0,"gold_gain":0,"player_choice":"Fled From Nobs","damage_taken":0,"max_hp_gain":0,"max_hp_loss":0,"event_name":"Colosseum","floor":27,"gold_loss":0},{"cards_removed":["Strike_R"],"damage_healed":0,"gold_gain":0,"player_choice":"Gave Gold","damage_taken":0,"max_hp_gain":0,"max_hp_loss":0,"event_name":"Beggar","floor":28,"gold_loss":75}],"is_beta":false,"boss_relics":[{"not_picked":["Eternal Feather","White Beast Statue"],"picked":"Empty Cage"}],"items_purged_floors":[21],"is_endless":false,"potions_floor_spawned":[7,11,13,14,16,22,29],"killed_by":"Collector","ascension_level":20}