{"gold_per_floor":[111,130,81,81,81,81,110,110,110,122,201,214,240,257,257,352,352,362,170,184,283,283,283,295,295,295,345,345,345,345,201,201,298,298,309,57,57,73,73,73,105,505,505,517,542,11,11,11,11,11],"floor_reached":50,"playtime":3209,"items_purged":[],"score":616,"play_id":"d912dfe2-603a-4769-be82-d6d40a41b8bc","local_time":"20181115201113","is_ascension_mode":true,"campfire_choices":[{"data":"Flex","floor":6,"key":"SMITH"},{"data":"Sword Boomerang","floor":8,"key":"SMITH"},{"floor":15,"key":"REST"},{"data":"1","floor":23,"key":"LIFT"},{"data":"2","floor":25,"key":"LIFT"},{"floor":28,"key":"REST"},{"data":"Rampage","floor":32,"key":"SMITH"},{"data":"3","floor":40,"key":"LIFT"},{"data":"Heavy Blade","floor":47,"key":"SMITH"},{"data":"Barricade","floor":49,"key":"SMITH"}],"neow_cost":"NONE","seed_source_timestamp":2789886989964975,"circlet_count":0,"master_deck":["Strike_R+1","Strike_R+1","Strike_R+1","Defend_R+1","Defend_R+1","Defend_R+1","Bash+1","Blood for Blood+1","Pommel Strike+1","Flex+1","Sword Boomerang+1","Rampage+1","Armaments","Clothesline+1","Offering","Headbutt+1","Reaper","Shrug It Off+1","Whirlwind","Heavy Blade+1","Barricade+1","Writhe"],"relics":["Burning Blood","Vajra","Juzu Bracelet","Oddly Smooth Stone","Ornamental Fan","Girya","Empty Cage","Kunai","Enchiridion","Bag of Marbles","Velvet Choker","Matryoshka","Lantern","Old Coin","MawBank","Happy Flower","Paper Frog","Whetstone"],"potions_floor_usage":[14,16,16,20,33,33,42,45,46,50],"damage_taken":[{"damage":10,"enemies":"Small Slimes","floor":1,"turns":3},{"damage":6,"enemies":"Jaw Worm","floor":2,"turns":4},{"damage":48,"enemies":"Lagavulin","floor":7,"turns":7},{"damage":0,"enemies":"Cultist","floor":10,"turns":2},{"damage":13,"enemies":"Blue Slaver","floor":12,"turns":2},{"damage":4,"enemies":"Gremlin Nob","floor":13,"turns":3},{"damage":0,"enemies":"Lots of Slimes","floor":14,"turns":1},{"damage":36,"enemies":"The Guardian","floor":16,"turns":7},{"damage":27,"enemies":"Shell Parasite","floor":18,"turns":4},{"damage":17,"enemies":"3 Byrds","floor":20,"turns":5},{"damage":30,"enemies":"Sentry and Sphere","floor":24,"turns":4},{"damage":69,"enemies":"Champ","floor":33,"turns":9},{"damage":6,"enemies":"Orb Walker","floor":35,"turns":2},{"damage":34,"enemies":"3 Shapes","floor":38,"turns":4},{"damage":22,"enemies":"Giant Head","floor":41,"turns":7},{"damage":6,"enemies":"Mind Bloom Boss Battle","floor":42,"turns":3},{"damage":21,"enemies":"Writhing Mass","floor":45,"turns":3},{"damage":130,"enemies":"Donu and Deca","floor":50,"turns":6}],"seed_played":"-9138351022236819668","potions_obtained":[{"floor":2,"key":"Explosive Potion"},{"floor":10,"key":"Dexterity Potion"},{"floor":12,"key":"FearPotion"},{"floor":16,"key":"GamblersBrew"},{"floor":20,"key":"FairyPotion"},{"floor":24,"key":"Swift Potion"},{"floor":35,"key":"Block Potion"},{"floor":38,"key":"Weak Potion"}],"is_trial":false,"path_per_floor":["M","M","$","?","T","R","E","R","T","M","?","M","E","M","R","B",null,"M","$","M","?","?","R","M","R","T","?","R","?","?","$","R","B",null,"M","$","?","M","$","R","E","?","T","$","M","$","R","?","R","B"],"character_chosen":"IRONCLAD","items_purchased":["Flex","Offering","AttackPotion","Bag of Marbles","Matryoshka","Paper Frog","Whetstone","Fruit Juice","PowerPotion"],"campfire_rested":2,"item_purchase_floors":[3,19,19,31,36,46,46,46,46],"current_hp_per_floor":[76,76,76,76,76,76,34,34,34,40,40,33,35,41,65,35,80,59,59,48,48,48,48,24,24,24,24,48,32,90,90,90,27,90,90,90,90,62,62,62,46,61,61,61,46,51,51,75,75,0],"gold":11,"neow_bonus":"RANDOM_COMMON_RELIC","is_prod":false,"is_daily":false,"chose_seed":false,"campfire_upgraded":5,"win_rate":0,"timestamp":1542330673,"path_taken":["M","M","$","?","?","R","E","R","T","M","?","M","E","M","R","BOSS","M","$","M","?","?","R","M","R","T","?","R","?","?","$","R","BOSS","M","?","?","M","$","R","E","?","T","$","M","$","R","?","R","BOSS"],"build_version":"2018-11-08","purchased_purges":0,"victory":false,"max_hp_per_floor":[80,80,80,80,80,80,80,80,80,80,80,80,80,80,80,80,80,80,80,80,80,80,80,80,80,80,80,80,80,90,90,90,90,90,90,90,90,90,90,90,90,90,90,90,90,95,95,95,95,95],"card_choices":[{"not_picked":["True Grit","Bloodletting"],"picked":"Blood for Blood","floor":1},{"not_picked":["Body Slam","Sever Soul"],"picked":"Pommel Strike","floor":2},{"not_picked":["Havoc","Pommel Strike"],"picked":"Sword Boomerang","floor":7},{"not_picked":["Fiend Fire","Reckless Charge"],"picked":"Rampage","floor":10},{"not_picked":["Cleave","Flex"],"picked":"Armaments","floor":12},{"not_picked":["Warcry","Pommel Strike","Dark Embrace"],"picked":"SKIP","floor":13},{"not_picked":["Reckless Charge","Clash","Power Through"],"picked":"SKIP","floor":14},{"not_picked":["Juggernaut","Exhume"],"picked":"Bludgeon","floor":16},{"not_picked":["Thunderclap","Body Slam"],"picked":"Clothesline+1","floor":18},{"not_picked":["Cleave","Shrug It Off"],"picked":"Headbutt+1","floor":20},{"not_picked":["Brutality","Anger+1","Headbutt"],"picked":"SKIP","floor":24},{"not_picked":["Immolate","Impervious"],"picked":"Reaper","floor":33},{"not_picked":["Cleave+1","Body Slam+1"],"picked":"Shrug It Off+1","floor":35},{"not_picked":["Clothesline+1","Perfected Strike"],"picked":"Whirlwind","floor":38},{"not_picked":["True Grit","Sentinel","Anger"],"picked":"SKIP","floor":41},{"not_picked":["Twin Strike","Flex+1"],"picked":"Heavy Blade","floor":42},{"not_picked":["Havoc","Body Slam+1"],"picked":"Barricade","floor":45}],"player_experience":139658,"relics_obtained":[{"floor":5,"key":"Juzu Bracelet"},{"floor":7,"key":"Oddly Smooth Stone"},{"floor":9,"key":"Ornamental Fan"},{"floor":13,"key":"Girya"},{"floor":26,"key":"Kunai"},{"floor":29,"key":"Enchiridion"},{"floor":41,"key":"Lantern"},{"floor":42,"key":"Old Coin"},{"floor":43,"key":"MawBank"},{"floor":43,"key":"Happy Flower"}],"event_choices":[{"damage_healed":0,"gold_gain":0,"player_choice":"Grow","damage_taken":0,"max_hp_gain":0,"max_hp_loss":0,"event_name":"Living Wall","floor":4,"gold_loss":0,"cards_upgraded":["Blood for Blood"]},{"damage_healed":0,"gold_gain":79,"player_choice":"Gained Gold","damage_taken":0,"max_hp_gain":0,"max_hp_loss":0,"event_name":"Golden Wing","floor":11,"gold_loss":0},{"damage_healed":0,"gold_gain":99,"player_choice":"Stole From Cult","damage_taken":0,"max_hp_gain":0,"max_hp_loss":0,"event_name":"Nest","floor":21,"gold_loss":0},{"damage_healed":0,"gold_gain":0,"player_choice":"Simplicity","damage_taken":0,"max_hp_gain":0,"max_hp_loss":0,"event_name":"Back to Basics","floor":22,"gold_loss":0,"cards_upgraded":["Strike_R","Strike_R","Strike_R","Defend_R","Defend_R","Defend_R","Defend_R"]},{"damage_healed":0,"gold_gain":100,"player_choice":"Bet on Murderer","damage_taken":0,"max_hp_gain":0,"max_hp_loss":0,"event_name":"The Joust","floor":27,"gold_loss":50},{"damage_healed":0,"gold_gain":0,"player_choice":"Obtained Book","damage_taken":16,"max_hp_gain":0,"max_hp_loss":0,"event_name":"Cursed Tome","floor":29,"gold_loss":0},{"cards_removed":["Bludgeon"],"damage_healed":48,"gold_gain":0,"player_choice":"Offered Rare","damage_taken":0,"max_hp_gain":10,"max_hp_loss":0,"event_name":"Bonfire Elementals","floor":30,"gold_loss":0},{"cards_removed":["Defend_R"],"damage_healed":0,"gold_gain":0,"player_choice":"Removed Skill","damage_taken":0,"max_hp_gain":0,"max_hp_loss":0,"event_name":"Falling","floor":37,"gold_loss":0},{"damage_healed":0,"gold_gain":0,"player_choice":"Fight","damage_taken":0,"max_hp_gain":0,"max_hp_loss":0,"event_name":"MindBloom","floor":42,"gold_loss":0},{"damage_healed":24,"gold_gain":0,"player_choice":"Writhe","damage_taken":0,"max_hp_gain":0,"max_hp_loss":0,"event_name":"Winding Halls","floor":48,"gold_loss":0,"cards_obtained":["Writhe"]}],"is_beta":false,"boss_relics":[{"not_picked":["Runic Pyramid","Orrery"],"picked":"Empty Cage"},{"not_picked":["Runic Dome","Sozu"],"picked":"Velvet Choker"}],"items_purged_floors":[],"is_endless":false,"potions_floor_spawned":[2,10,12,16,20,24,35,38],"killed_by":"Donu and Deca","ascension_level":4}