{"gold_per_floor":[118,118,118,118,129,129,161,191,215,71,98,98,98,119,119,208,208,229,229,44,57,107,107,151,151,151,194,208,239,239,254,254,353,353,367,367,367,367,146,146,166,166,166,166,190,215,246,127,127,127,127],"floor_reached":52,"playtime":2006,"items_purged":[],"score":1959,"play_id":"a34af43b-4b32-4d27-ad3a-03bb43e782d9","local_time":"20181025043454","daily_mods":["SealedDeck"],"is_ascension_mode":true,"campfire_choices":[{"data":"Beam Cell","floor":6.0,"key":"SMITH"},{"data":"Ball Lightning","floor":13.0,"key":"SMITH"},{"data":"FTL","floor":15.0,"key":"SMITH"},{"data":"Ball Lightning","floor":23.0,"key":"SMITH"},{"data":"Conserve Battery","floor":25.0,"key":"SMITH"},{"floor":32.0,"key":"REST"},{"floor":40.0,"key":"REST"},{"data":"Thunder Strike","floor":42.0,"key":"SMITH"},{"data":"Compile Driver","floor":44,"key":"SMITH"},{"floor":49,"key":"REST"}],"neow_cost":"","seed_source_timestamp":4413627000791,"circlet_count":0,"master_deck":["AscendersBane","Leap+1","Melter","Leap+1","Conserve Battery+1","Cold Snap","Go for the Eyes+1","Compile Driver","Beam Cell+1","Cold Snap","FTL+1","Ball Lightning+1","Core Surge","All For One","Ball Lightning+1","Thunder Strike+1","Compile Driver+1","Defragment+1","Creative AI+1","Leap+1","Dark Shackles","Sweeping Beam"],"special_seed":0,"relics":["Cracked Core","Odd Mushroom","Anchor","Singing Bowl","Golden Idol","Cursed Key","Nloth\u0027s Gift","War Paint","Frozen Egg 2","Emotion Chip","Ice Cream","Busted Crown","Bronze Scales","Art of War"],"potions_floor_usage":[50,51],"damage_taken":[{"damage":0.0,"enemies":"Jaw Worm","floor":1.0,"turns":2.0},{"damage":0.0,"enemies":"Small Slimes","floor":5.0,"turns":2.0},{"damage":0.0,"enemies":"Lagavulin","floor":7.0,"turns":5.0},{"damage":2.0,"enemies":"The Mushroom Lair","floor":8.0,"turns":3.0},{"damage":0.0,"enemies":"Gremlin Nob","floor":11.0,"turns":2.0},{"damage":0.0,"enemies":"Cultist","floor":14.0,"turns":2.0},{"damage":3.0,"enemies":"The Guardian","floor":16.0,"turns":8.0},{"damage":0.0,"enemies":"Spheric Guardian","floor":18.0,"turns":1.0},{"damage":2.0,"enemies":"Shell Parasite","floor":21.0,"turns":3.0},{"damage":22.0,"enemies":"Gremlin Leader","floor":24.0,"turns":6.0},{"damage":6.0,"enemies":"Book of Stabbing","floor":27.0,"turns":4.0},{"damage":6.0,"enemies":"Snake Plant","floor":28.0,"turns":4.0},{"damage":19.0,"enemies":"Slavers","floor":29.0,"turns":6.0},{"damage":0.0,"enemies":"Centurion and Healer","floor":31.0,"turns":5.0},{"damage":40.0,"enemies":"Collector","floor":33.0,"turns":7.0},{"damage":16.0,"enemies":"3 Darklings","floor":35.0,"turns":4.0},{"damage":0.0,"enemies":"Orb Walker","floor":41.0,"turns":2.0},{"damage":0,"enemies":"Transient","floor":45,"turns":6},{"damage":22,"enemies":"3 Darklings","floor":46,"turns":4},{"damage":12,"enemies":"Giant Head","floor":47,"turns":7},{"damage":52,"enemies":"Donu and Deca","floor":50,"turns":9},{"damage":23,"enemies":"Awakened One","floor":51,"turns":14}],"seed_played":"9205218002908519532","potions_obtained":[{"floor":1.0,"key":"Explosive Potion"},{"floor":7.0,"key":"Poison Potion"},{"floor":31.0,"key":"Ancient Potion"},{"floor":33.0,"key":"FairyPotion"},{"floor":35.0,"key":"Regen Potion"}],"is_trial":true,"path_per_floor":["M","?","?","$","M","R","E","?","T","$","E","?","R","M","R","B",null,"M","?","$","M","?","R","E","R","T","E","M","E","?","M","R","B",null,"M","?","?","?","$","R","M","R","T","R","M","M","E","$","R","B","B"],"character_chosen":"DEFECT","items_purchased":["Ball Lightning","Core Surge","War Paint","Ball Lightning","Bronze Scales","PowerPotion","Dark Shackles","Sweeping Beam"],"campfire_rested":3,"item_purchase_floors":[10,10,20,20,39,39,48,48],"current_hp_per_floor":[64,64,69,69,69,69,69,67,67,67,69,42,42,44,44,41,70,72,72,72,72,72,72,52,52,52,48,42,23,23,25,52,14,73,59,59,59,59,59,87,89,89,89,89,91,69,59,59,89,37,29],"gold":127,"neow_bonus":"","is_prod":false,"is_daily":false,"chose_seed":false,"campfire_upgraded":7,"win_rate":0,"timestamp":1540467294,"path_taken":["M","?","?","$","?","R","E","?","T","$","E","?","R","M","R","BOSS","M","?","$","M","?","R","E","R","T","E","M","E","?","M","R","BOSS","M","?","?","?","$","R","M","R","T","R","M","M","E","$","R","BOSS","BOSS"],"build_version":"2018-10-18","purchased_purges":0,"victory":true,"max_hp_per_floor":[71,71,76,76,76,76,76,76,76,76,78,78,78,80,80,80,80,82,82,82,84,84,84,86,86,86,88,88,88,88,90,90,92,92,94,94,94,94,94,94,96,96,96,96,98,98,100,100,100,100,100],"card_choices":[{"not_picked":["Redo","Hologram","Streamline"],"picked":"SKIP","floor":1.0},{"not_picked":["Blizzard","Redo","Go for the Eyes"],"picked":"SKIP","floor":5.0},{"not_picked":["Rebound","Echo Form","Darkness"],"picked":"SKIP","floor":7.0},{"not_picked":["Coolheaded","Auto Shields","Go for the Eyes"],"picked":"Singing Bowl","floor":11.0},{"not_picked":["Undo","Barrage","Cold Snap"],"picked":"Singing Bowl","floor":14.0},{"not_picked":["Amplify","Meteor Strike"],"picked":"All For One","floor":16.0},{"not_picked":["Steam","Barrage","Chaos"],"picked":"Singing Bowl","floor":18.0},{"not_picked":["Rebound","Conserve Battery","Turbo"],"picked":"Singing Bowl","floor":21.0},{"not_picked":["Ball Lightning","Blizzard","Buffer"],"picked":"Singing Bowl","floor":24.0},{"not_picked":["Barrage+1","Conserve Battery","Hologram+1"],"picked":"Singing Bowl","floor":27.0},{"not_picked":["Heatsinks+1","Reprogram"],"picked":"Capacitor+1","floor":28.0},{"not_picked":["Cold Snap","Go for the Eyes"],"picked":"Thunder Strike","floor":29.0},{"not_picked":["Redo","Multi-Cast","Streamline"],"picked":"Singing Bowl","floor":31.0},{"not_picked":["Rainbow","Echo Form+1","Meteor Strike"],"picked":"Singing Bowl","floor":33.0},{"not_picked":["Scrape"],"picked":"Singing Bowl","floor":35.0},{"not_picked":["Conserve Battery+1"],"picked":"Singing Bowl","floor":41.0},{"not_picked":["FTL"],"picked":"Singing Bowl","floor":45},{"not_picked":[],"picked":"Leap+1","floor":46},{"not_picked":["Seek"],"picked":"Singing Bowl","floor":47}],"player_experience":1460718,"relics_obtained":[{"floor":7.0,"key":"Dodecahedron"},{"floor":8.0,"key":"Odd Mushroom"},{"floor":9.0,"key":"Anchor"},{"floor":11.0,"key":"Singing Bowl"},{"floor":24.0,"key":"Frozen Egg 2"},{"floor":27.0,"key":"Emotion Chip"},{"floor":29.0,"key":"Ice Cream"},{"floor":47,"key":"Art of War"}],"event_choices":[{"damage_healed":0.0,"max_hp_gain":0.0,"max_hp_loss":0.0,"gold_gain":0.0,"event_name":"Living Wall","player_choice":"Grow","floor":2.0,"gold_loss":0.0,"damage_taken":0.0,"cards_upgraded":["Go for the Eyes"]},{"damage_healed":0.0,"max_hp_gain":5.0,"max_hp_loss":0.0,"gold_gain":0.0,"event_name":"Big Fish","player_choice":"Donut","floor":3.0,"gold_loss":0.0,"damage_taken":0.0},{"damage_healed":0.0,"max_hp_gain":0.0,"max_hp_loss":0.0,"gold_gain":0.0,"event_name":"Mushrooms","player_choice":"Fought Mushrooms","floor":8.0,"gold_loss":0.0,"damage_taken":0.0},{"damage_healed":0.0,"max_hp_gain":0.0,"max_hp_loss":0.0,"gold_gain":0.0,"event_name":"Golden Idol","player_choice":"Take Damage","floor":12.0,"gold_loss":0.0,"damage_taken":27.0,"relics_obtained":["Golden Idol"]},{"damage_healed":0.0,"max_hp_gain":0.0,"max_hp_loss":0.0,"gold_gain":0.0,"event_name":"N\u0027loth","player_choice":"Traded Relic","floor":19.0,"relics_lost":["Dodecahedron"],"gold_loss":0.0,"damage_taken":0.0,"relics_obtained":["Nloth\u0027s Gift"]},{"damage_healed":0.0,"max_hp_gain":0.0,"max_hp_loss":0.0,"gold_gain":50.0,"event_name":"Nest","player_choice":"Stole From Cult","floor":22.0,"gold_loss":0.0,"damage_taken":0.0},{"damage_healed":0.0,"max_hp_gain":0.0,"max_hp_loss":0.0,"gold_gain":0.0,"event_name":"Ghosts","player_choice":"Ignored","floor":30.0,"gold_loss":0.0,"damage_taken":0.0},{"cards_removed":["Capacitor"],"damage_healed":0.0,"max_hp_gain":0.0,"max_hp_loss":0.0,"gold_gain":0.0,"event_name":"Falling","player_choice":"Removed Power","floor":36.0,"gold_loss":0.0,"damage_taken":0.0},{"damage_healed":0.0,"max_hp_gain":0.0,"max_hp_loss":0.0,"gold_gain":0.0,"event_name":"Tomb of Lord Red Mask","player_choice":"Ignored","floor":37.0,"gold_loss":0.0,"damage_taken":0.0},{"damage_healed":0.0,"max_hp_gain":0.0,"max_hp_loss":0.0,"gold_gain":0.0,"event_name":"Match and Keep!","player_choice":"3 cards matched","floor":38.0,"gold_loss":0.0,"damage_taken":0.0,"cards_obtained":["Compile Driver","Defragment","Creative AI"]}],"is_beta":false,"boss_relics":[{"not_picked":["Sozu","Pandora\u0027s Box"],"picked":"Cursed Key"},{"not_picked":["Empty Cage","Astrolabe"],"picked":"Busted Crown"}],"items_purged_floors":[],"is_endless":false,"potions_floor_spawned":[1,7,18,31,33,35,45,46,47],"ascension_level":20}