{"gold_per_floor":[147,1,1,1,13,46,46,80,131,82,139,139,153,103,103,205,205,224,224,224,238,238,238,267,282,308,322,340,340,0,0,0,98,98,115,35,85,85,99,99,99],"floor_reached":41,"playtime":3065,"items_purged":["Coolheaded"],"score":523,"play_id":"961e549c-c3eb-4952-8118-9a52449080ca","local_time":"20181206204941","is_ascension_mode":true,"campfire_choices":[{"data":"Rainbow","floor":7,"key":"SMITH"},{"floor":12,"key":"REST"},{"data":"Glacier","floor":15,"key":"SMITH"},{"floor":23,"key":"REST"},{"floor":29,"key":"REST"},{"floor":32,"key":"REST"}],"neow_cost":"NONE","seed_source_timestamp":1035630332882440,"circlet_count":0,"master_deck":["Zap+1","Dualcast","Ball Lightning","Glacier+1","Rainbow+1","Ball Lightning","Streamline","Melter","Machine Learning","Tempest","Go for the Eyes","Rip and Tear","Go for the Eyes","Undo","Coolheaded","Gash","Redo","Sweeping Beam+1","Echo Form","Gash","Buffer","Electrodynamics","Defragment"],"relics":["Cracked Core","Tiny Chest","Lantern","Blood Vial","Smiling Mask","War Paint","Pandora\u0027s Box","Sundial","MutagenicStrength","Bronze Scales","Boot","Incense Burner","Nloth\u0027s Gift","Busted Crown","WingedGreaves","CultistMask"],"potions_floor_usage":[8,11,16,16,24,25,33,37],"damage_taken":[{"damage":1,"enemies":"Cultist","floor":1,"turns":4},{"damage":2,"enemies":"Jaw Worm","floor":5,"turns":2},{"damage":22,"enemies":"3 Sentries","floor":6,"turns":7},{"damage":36,"enemies":"Gremlin Nob","floor":8,"turns":4},{"damage":5,"enemies":"3 Sentries","floor":11,"turns":5},{"damage":0,"enemies":"Small Slimes","floor":13,"turns":2},{"damage":6,"enemies":"Hexaghost","floor":16,"turns":7},{"damage":7,"enemies":"Chosen","floor":18,"turns":4},{"damage":15,"enemies":"3 Byrds","floor":21,"turns":4},{"damage":55,"enemies":"Slavers","floor":24,"turns":5},{"damage":0,"enemies":"Centurion and Healer","floor":25,"turns":5},{"damage":24,"enemies":"Snake Plant","floor":27,"turns":3},{"damage":1,"enemies":"Snecko","floor":28,"turns":5},{"damage":32,"enemies":"Automaton","floor":33,"turns":9},{"damage":5,"enemies":"Orb Walker","floor":35,"turns":3},{"damage":49,"enemies":"2 Orb Walkers","floor":37,"turns":6},{"damage":16,"enemies":"3 Darklings","floor":39,"turns":3},{"damage":28,"enemies":"Jaw Worm Horde","floor":41,"turns":2}],"seed_played":"-3649036801827256536","potions_obtained":[{"floor":5,"key":"FearPotion"},{"floor":8,"key":"Fire Potion"},{"floor":11,"key":"AttackPotion"},{"floor":13,"key":"Block Potion"},{"floor":18,"key":"Ancient Potion"},{"floor":24,"key":"Regen Potion"},{"floor":28,"key":"AttackPotion"},{"floor":35,"key":"FearPotion"},{"floor":39,"key":"Dexterity Potion"}],"is_trial":false,"path_per_floor":["M","$","?","?","M","E","R","E","T","$","?","R","M","?","R","B",null,"M","?","?","M","?","R","E","M","T","M","M","R","$","?","R","B",null,"M","$","?","?","M","?","M"],"character_chosen":"DEFECT","items_purchased":["Lantern","Streamline","Incense Burner","Defragment"],"campfire_rested":4,"item_purchase_floors":[2,10,30,36],"current_hp_per_floor":[74,74,74,74,72,50,50,16,16,16,13,35,37,37,37,33,75,68,68,54,41,41,65,12,28,28,6,7,31,31,31,55,25,80,75,75,28,28,14,14,0],"gold":99,"neow_bonus":"RANDOM_COMMON_RELIC","is_prod":false,"is_daily":false,"chose_seed":false,"campfire_upgraded":2,"win_rate":0,"timestamp":1544147381,"path_taken":["M","?","?","?","?","E","R","E","T","$","?","R","M","?","R","BOSS","M","?","?","?","?","R","E","M","T","M","M","R","$","?","R","BOSS","M","$","?","?","?","?","?"],"build_version":"2018-11-15","purchased_purges":1,"victory":false,"max_hp_per_floor":[75,75,75,75,75,75,75,75,75,75,75,75,75,75,75,75,75,75,75,80,80,80,80,80,80,80,80,80,80,80,80,80,80,80,80,80,80,80,80,80,80],"card_choices":[{"not_picked":["Beam Cell","Heatsinks"],"picked":"Ball Lightning","floor":1},{"not_picked":["Leap","Hello World"],"picked":"Glacier","floor":5},{"not_picked":["Hello World","Steam Power"],"picked":"Rainbow","floor":6},{"not_picked":["White Noise","Leap"],"picked":"Ball Lightning","floor":8},{"not_picked":["White Noise","Sweeping Beam"],"picked":"Melter","floor":11},{"not_picked":["Lockon","Gash"],"picked":"Hologram","floor":13},{"not_picked":["Rainbow","Amplify"],"picked":"Machine Learning","floor":16},{"not_picked":["Coolheaded","Compile Driver"],"picked":"Redo","floor":18},{"not_picked":["Cold Snap+1","Barrage+1"],"picked":"Sweeping Beam+1","floor":21},{"not_picked":["Reboot","Sweeping Beam"],"picked":"Echo Form","floor":24},{"not_picked":["Compile Driver","Doom and Gloom","Barrage"],"picked":"SKIP","floor":25},{"not_picked":["Streamline+1","Barrage+1"],"picked":"Gash","floor":27},{"not_picked":["Glacier+1","Ball Lightning"],"picked":"Buffer","floor":28},{"not_picked":["Machine Learning","Fission"],"picked":"Electrodynamics","floor":33},{"not_picked":["Fusion"],"picked":"SKIP","floor":35},{"not_picked":["Streamline"],"picked":"SKIP","floor":39}],"player_experience":184463,"relics_obtained":[{"floor":6,"key":"Blood Vial"},{"floor":8,"key":"Peace Pipe"},{"floor":9,"key":"Smiling Mask"},{"floor":11,"key":"War Paint"},{"floor":24,"key":"Bronze Scales"},{"floor":26,"key":"Boot"},{"floor":37,"key":"WingedGreaves"}],"event_choices":[{"damage_healed":0,"gold_gain":0,"player_choice":"Ignored","damage_taken":0,"max_hp_gain":0,"max_hp_loss":0,"event_name":"Shining Light","floor":3,"gold_loss":0},{"damage_healed":0,"gold_gain":0,"player_choice":"Upgraded","damage_taken":0,"max_hp_gain":0,"max_hp_loss":0,"event_name":"Upgrade Shrine","floor":4,"gold_loss":0,"cards_upgraded":["Zap"]},{"damage_healed":0,"gold_gain":30,"player_choice":"Searched \u00272\u0027 times","damage_taken":0,"max_hp_gain":0,"max_hp_loss":0,"event_name":"Dead Adventurer","floor":11,"gold_loss":0},{"damage_healed":0,"gold_gain":0,"player_choice":"Left Gold","damage_taken":0,"max_hp_gain":0,"max_hp_loss":0,"event_name":"World of Goop","floor":14,"gold_loss":50},{"damage_healed":0,"gold_gain":0,"player_choice":"Opened","damage_taken":0,"relics_obtained":["Sundial"],"max_hp_gain":0,"max_hp_loss":0,"event_name":"The Mausoleum","floor":19,"gold_loss":0},{"damage_healed":0,"gold_gain":0,"player_choice":"Shed Blood","damage_taken":19,"max_hp_gain":5,"max_hp_loss":0,"event_name":"Forgotten Altar","floor":20,"gold_loss":0},{"damage_healed":0,"gold_gain":0,"player_choice":"Inject Mutagens","damage_taken":0,"relics_obtained":["MutagenicStrength"],"max_hp_gain":0,"max_hp_loss":0,"event_name":"Drug Dealer","floor":22,"gold_loss":0},{"damage_healed":0,"gold_gain":0,"player_choice":"Traded Relic","damage_taken":0,"relics_obtained":["Nloth\u0027s Gift"],"max_hp_gain":0,"max_hp_loss":0,"event_name":"N\u0027loth","floor":31,"relics_lost":["Peace Pipe"],"gold_loss":0},{"damage_healed":0,"gold_gain":0,"player_choice":"Fight","damage_taken":0,"max_hp_gain":0,"max_hp_loss":0,"event_name":"Mysterious Sphere","floor":37,"gold_loss":0},{"cards_removed":["Hologram"],"damage_healed":0,"gold_gain":0,"player_choice":"Purged","damage_taken":0,"max_hp_gain":0,"max_hp_loss":0,"event_name":"Purifier","floor":38,"gold_loss":0},{"damage_healed":0,"gold_gain":0,"player_choice":"Trade","damage_taken":0,"relics_obtained":["CultistMask"],"max_hp_gain":0,"max_hp_loss":0,"event_name":"FaceTrader","floor":40,"gold_loss":0}],"is_beta":false,"boss_relics":[{"not_picked":["Lizard Tail","Tiny House"],"picked":"Pandora\u0027s Box"},{"not_picked":["Empty Cage","Cursed Key"],"picked":"Busted Crown"}],"items_purged_floors":[30],"is_endless":false,"potions_floor_spawned":[5,8,11,13,18,24,28,35,39],"killed_by":"Jaw Worm Horde","ascension_level":4}