{"gold_per_floor":[110,110,110,125,50,50,66,66,112,187,187,199,199,219,219,318,318,334,334,344,344,361,361,61,0,0,12,29,29,45,65,65,169,169,189,200,215,515,515,515,567,72,72,72,91,91,110,129,129,129],"floor_reached":51,"playtime":5174,"items_purged":["Strike_B","Strike_B","Strike_B"],"score":666,"play_id":"84a9f94f-5255-413c-a77c-a0797258d732","local_time":"20181008200722","is_ascension_mode":false,"campfire_choices":[{"data":"White Noise","floor":6,"key":"SMITH"},{"data":"Coolheaded","floor":11,"key":"SMITH"},{"data":"Zap","floor":13,"key":"SMITH"},{"floor":15,"key":"REST"},{"data":"Echo Form","floor":23,"key":"SMITH"},{"data":"White Noise","floor":29,"key":"SMITH"},{"data":"FTL","floor":32,"key":"SMITH"},{"data":"Loop","floor":40,"key":"SMITH"},{"data":"Force Field","floor":44,"key":"SMITH"},{"data":"Conserve Battery","floor":46,"key":"SMITH"},{"data":"Barrage","floor":49,"key":"SMITH"}],"neow_cost":"NONE","seed_source_timestamp":614852771049054,"circlet_count":0,"master_deck":["Strike_B","Defend_B","Defend_B","Defend_B","Defend_B","Zap+1","Dualcast","Electrodynamics+1","Barrage+1","White Noise+1","Coolheaded+1","Conserve Battery+1","FTL+1","Echo Form+1","Self Repair","White Noise+1","Steam+1","All For One","Loop+1","Force Field+1","Streamline+1"],"relics":["Cracked Core","Dream Catcher","Cursed Key","Ancient Tea Set","Kunai","ClockworkSouvenir","Busted Crown","Old Coin","Incense Burner","Mercury Hourglass"],"potions_floor_usage":[16,20,22,27,33,33,35,41,45,50],"damage_taken":[{"damage":1,"enemies":"2 Louse","floor":1,"turns":2},{"damage":6,"enemies":"Jaw Worm","floor":4,"turns":2},{"damage":1,"enemies":"Cultist","floor":7,"turns":3},{"damage":8,"enemies":"Red Slaver","floor":12,"turns":2},{"damage":16,"enemies":"Large Slime","floor":14,"turns":2},{"damage":0,"enemies":"Slime Boss","floor":16,"turns":5},{"damage":0,"enemies":"Chosen","floor":18,"turns":5},{"damage":21,"enemies":"2 Thieves","floor":20,"turns":3},{"damage":9,"enemies":"Centurion and Healer","floor":22,"turns":5},{"damage":12,"enemies":"Snake Plant","floor":27,"turns":4},{"damage":19,"enemies":"Snecko","floor":28,"turns":5},{"damage":0,"enemies":"Chosen and Byrds","floor":30,"turns":5},{"damage":5,"enemies":"Centurion and Healer","floor":31,"turns":5},{"damage":28,"enemies":"Collector","floor":33,"turns":11},{"damage":10,"enemies":"Orb Walker","floor":35,"turns":3},{"damage":5,"enemies":"3 Darklings","floor":36,"turns":3},{"damage":30,"enemies":"Spire Growth","floor":37,"turns":6},{"damage":25,"enemies":"Mind Bloom Boss Battle","floor":38,"turns":8},{"damage":22,"enemies":"Mysterious Sphere","floor":41,"turns":5},{"damage":2,"enemies":"Sphere and 2 Shapes","floor":45,"turns":3},{"damage":0,"enemies":"Transient","floor":47,"turns":5},{"damage":6,"enemies":"4 Shapes","floor":48,"turns":3},{"damage":29,"enemies":"Donu and Deca","floor":50,"turns":9}],"seed_played":"-8037535474500451134","potions_obtained":[{"floor":4,"key":"LiquidBronze"},{"floor":12,"key":"SteroidPotion"},{"floor":14,"key":"Fire Potion"},{"floor":18,"key":"PowerPotion"},{"floor":20,"key":"SpeedPotion"},{"floor":30,"key":"Fire Potion"},{"floor":31,"key":"SkillPotion"},{"floor":33,"key":"AttackPotion"},{"floor":38,"key":"Strength Potion"},{"floor":45,"key":"SkillPotion"},{"floor":47,"key":"Explosive Potion"}],"is_trial":false,"path_per_floor":["M","?","?","M","$","R","M","?","T","?","R","M","R","M","R","B",null,"M","?","M","?","M","R","$","?","T","M","M","R","M","M","R","B",null,"M","M","M","?","?","R","?","$","T","R","M","R","M","M","R","B"],"character_chosen":"DEFECT","items_purchased":["ClockworkSouvenir","Mercury Hourglass","Force Field","PowerPotion"],"campfire_rested":1,"item_purchase_floors":[24,42,42,42],"current_hp_per_floor":[74,79,79,73,73,73,72,72,72,61,61,53,53,37,61,61,80,80,80,59,59,57,57,57,57,57,52,40,40,47,49,49,28,80,70,72,49,31,70,70,62,62,62,62,67,67,70,64,64,42],"gold":129,"neow_bonus":"ONE_RANDOM_RARE_CARD","is_prod":false,"is_daily":false,"chose_seed":false,"campfire_upgraded":10,"win_rate":0.0,"timestamp":1539043642,"path_taken":["M","?","?","M","$","R","M","?","T","?","R","?","R","M","R","BOSS","M","?","M","?","M","R","$","?","T","M","M","R","?","M","R","BOSS","M","M","M","?","?","R","?","?","T","R","M","R","M","M","R","BOSS"],"build_version":"2018-09-27","purchased_purges":3,"victory":true,"max_hp_per_floor":[75,80,80,80,80,80,80,80,80,80,80,80,80,80,80,80,80,80,80,80,80,80,80,80,80,80,80,80,80,80,80,80,80,80,80,80,80,80,70,70,70,70,70,70,70,70,70,70,70,70],"card_choices":[{"not_picked":["Streamline","Rip and Tear"],"picked":"Barrage","floor":1},{"not_picked":["Gash","Streamline"],"picked":"White Noise","floor":4},{"not_picked":["Heatsinks","Double Energy"],"picked":"Coolheaded","floor":7},{"not_picked":["Streamline","Compile Driver","Gash"],"picked":"SKIP","floor":12},{"not_picked":["Auto Shields","Stack"],"picked":"Conserve Battery","floor":14},{"not_picked":["Rebound","Fusion"],"picked":"FTL","floor":15},{"not_picked":["All For One","Multi-Cast"],"picked":"Echo Form","floor":16},{"not_picked":["Streamline","Compile Driver","Gash"],"picked":"SKIP","floor":18},{"not_picked":["Tempest","BootSequence+1"],"picked":"Self Repair","floor":20},{"not_picked":["Leap","Sweeping Beam","Gash"],"picked":"SKIP","floor":22},{"not_picked":["Coolheaded","Steam Power","Lockon"],"picked":"SKIP","floor":27},{"not_picked":["Static Discharge","Conserve Battery"],"picked":"White Noise","floor":28},{"not_picked":["Gash","Thunder Strike"],"picked":"Steam+1","floor":30},{"not_picked":["Blizzard+1","Compile Driver","Hello World"],"picked":"SKIP","floor":31},{"not_picked":["Reboot","Fission"],"picked":"All For One","floor":33},{"not_picked":["Rebound"],"picked":"SKIP","floor":35},{"not_picked":["White Noise"],"picked":"SKIP","floor":36},{"not_picked":["Go for the Eyes"],"picked":"SKIP","floor":37},{"not_picked":[],"picked":"Loop","floor":38},{"not_picked":[],"picked":"Streamline+1","floor":45},{"not_picked":["Gash+1"],"picked":"SKIP","floor":47},{"not_picked":["Redo"],"picked":"SKIP","floor":48}],"player_experience":22042,"relics_obtained":[{"floor":9,"key":"Dream Catcher"},{"floor":19,"key":"Ancient Tea Set"},{"floor":38,"key":"Old Coin"},{"floor":41,"key":"Incense Burner"}],"event_choices":[{"event_name":"Big Fish","player_choice":"Donut","floor":2,"damage_taken":0},{"event_name":"The Woman in Blue","player_choice":"Bought 0 Potions","floor":3,"damage_taken":0},{"event_name":"Accursed Blacksmith","player_choice":"Forge","floor":8,"damage_taken":0},{"event_name":"World of Goop","player_choice":"Gather Gold","floor":10,"damage_taken":0},{"event_name":"Wheel of Change","player_choice":"Relic","floor":19,"damage_taken":0},{"event_name":"WeMeetAgain","player_choice":"Potion","floor":21,"damage_taken":0},{"event_name":"Masked Bandits","player_choice":"Paid Fearfully","floor":25,"damage_taken":0},{"event_name":"MindBloom","player_choice":"Fight","floor":38,"damage_taken":0},{"event_name":"The Moai Head","player_choice":"Heal","floor":39,"damage_taken":0},{"event_name":"Mysterious Sphere","player_choice":"Fight","floor":41,"damage_taken":0}],"is_beta":false,"boss_relics":[{"not_picked":["Velvet Choker","Empty Cage"],"picked":"Cursed Key"},{"not_picked":["Sozu","White Beast Statue"],"picked":"Busted Crown"}],"items_purged_floors":[5,24,42],"is_endless":false,"potions_floor_spawned":[4,12,14,18,20,30,31,33,38,45,47],"ascension_level":0}