{"gold_per_floor":[215,16,35,53,64,92,122,122,196,0,0,0,0,33,33,110,110,127,127,3,16,16,48,48,81,81,0,19,49,11,27,27,104,104,119,219,494,510,521,550,23,23,23,23,48,48,65,80,80,80],"floor_reached":50,"playtime":1910,"items_purged":["Writhe","Regret"],"score":1012,"play_id":"4964dc9d-95af-4ced-99ad-ecb5d511b460","local_time":"25611114181337","is_ascension_mode":true,"campfire_choices":[{"data":"Armaments","floor":8.0,"key":"SMITH"},{"data":"Clothesline","floor":13.0,"key":"SMITH"},{"data":"Rampage","floor":15.0,"key":"SMITH"},{"data":"Feed","floor":24.0,"key":"SMITH"},{"data":"Juggernaut","floor":32.0,"key":"SMITH"},{"data":"Shrug It Off","floor":42.0,"key":"SMITH"},{"data":"Pommel Strike","floor":44.0,"key":"SMITH"},{"data":"Bash","floor":46,"key":"SMITH"},{"data":"Thinking Ahead","floor":49,"key":"SMITH"}],"neow_cost":"NONE","seed_source_timestamp":16672821338543,"circlet_count":0,"master_deck":["AscendersBane","Defend_R","Defend_R","Defend_R","Defend_R","Bash+1","True Grit+1","Clothesline+1","Armaments+1","Shrug It Off+1","Immolate+1","Rampage+1","Juggernaut+1","Pommel Strike+1","Bite","Bite","Bite","Bite","Bite","Feed+1","Metallicize+1","Clothesline+1","Warcry+1","Iron Wave+1","Metallicize+1","Dropkick+1","Thinking Ahead+1","Reaper+1","Shrug It Off+1"],"special_seed":0,"relics":["Black Blood","Happy Flower","FossilizedHelix","Odd Mushroom","Paper Frog","Lee\u0027s Waffle","Bag of Marbles","Busted Crown","Potion Belt","Centennial Puzzle","Mercury Hourglass","Molten Egg 2","Frozen Egg 2","Gambling Chip","MawBank","Letter Opener","Bronze Scales"],"potions_floor_usage":[45,45,45,45,45,45,45,45,47,47,48,50],"damage_taken":[{"damage":6.0,"enemies":"2 Louse","floor":1.0,"turns":4.0},{"damage":3.0,"enemies":"Jaw Worm","floor":3.0,"turns":4.0},{"damage":5.0,"enemies":"Small Slimes","floor":4.0,"turns":3.0},{"damage":8.0,"enemies":"Exordium Wildlife","floor":5.0,"turns":6.0},{"damage":28.0,"enemies":"Lagavulin","floor":6.0,"turns":6.0},{"damage":6.0,"enemies":"The Mushroom Lair","floor":7.0,"turns":3.0},{"damage":5.0,"enemies":"3 Sentries","floor":14.0,"turns":5.0},{"damage":9.0,"enemies":"Slime Boss","floor":16.0,"turns":8.0},{"damage":0.0,"enemies":"3 Byrds","floor":18.0,"turns":5.0},{"damage":14.0,"enemies":"2 Thieves","floor":21.0,"turns":3.0},{"damage":6.0,"enemies":"Book of Stabbing","floor":23.0,"turns":5.0},{"damage":12.0,"enemies":"Gremlin Leader","floor":25.0,"turns":6.0},{"damage":0.0,"enemies":"Snecko","floor":28.0,"turns":3.0},{"damage":12.0,"enemies":"Slavers","floor":29.0,"turns":4.0},{"damage":0.0,"enemies":"Centurion and Healer","floor":31.0,"turns":9.0},{"damage":100.0,"enemies":"Automaton","floor":33.0,"turns":13.0},{"damage":11.0,"enemies":"Orb Walker","floor":35.0,"turns":3.0},{"damage":0.0,"enemies":"Mind Bloom Boss Battle","floor":36.0,"turns":5.0},{"damage":0.0,"enemies":"3 Darklings","floor":38.0,"turns":1.0},{"damage":21.0,"enemies":"Transient","floor":39.0,"turns":5.0},{"damage":22.0,"enemies":"Nemesis","floor":40.0,"turns":10.0},{"damage":25,"enemies":"Giant Head","floor":45,"turns":7},{"damage":0,"enemies":"Spire Growth","floor":47,"turns":3},{"damage":0,"enemies":"Maw","floor":48,"turns":7},{"damage":103,"enemies":"Donu and Deca","floor":50,"turns":6}],"seed_played":"-6802472134104335887","potions_obtained":[{"floor":1.0,"key":"PowerPotion"},{"floor":3.0,"key":"SkillPotion"},{"floor":5.0,"key":"Fire Potion"},{"floor":6.0,"key":"LiquidBronze"},{"floor":23.0,"key":"EntropicBrew"},{"floor":28.0,"key":"Regen Potion"},{"floor":29.0,"key":"Block Potion"},{"floor":31.0,"key":"Weak Potion"},{"floor":33.0,"key":"PowerPotion"},{"floor":38.0,"key":"Strength Potion"},{"floor":40.0,"key":"Weak Potion"}],"is_trial":false,"path_per_floor":["M","$","M","M","M","E","?","R","T","$","?","?","R","E","R","B",null,"M","?","$","M","?","E","R","E","T","?","M","E","$","M","R","B",null,"M","?","?","M","M","E","$","R","T","R","E","R","M","M","R","B"],"character_chosen":"IRONCLAD","items_purchased":["Happy Flower","Clothesline","Lee\u0027s Waffle","Block Potion","Metallicize+1","Metallicize+1","Dropkick+1","EntropicBrew","PowerPotion","Thinking Ahead"],"campfire_rested":0,"item_purchase_floors":[2,2,10,20,30,41,41,41,41,41],"current_hp_per_floor":[68,68,71,72,70,48,48,48,48,82,66,66,66,67,67,64,78,82,82,82,74,57,57,57,57,57,57,57,55,55,65,65,14,52,59,65,65,65,54,58,58,58,58,58,50,50,69,69,69,0],"gold":80,"neow_bonus":"HUNDRED_GOLD","is_prod":false,"is_daily":false,"chose_seed":false,"campfire_upgraded":9,"win_rate":0,"timestamp":1542194017,"path_taken":["M","$","M","M","M","E","?","R","T","?","?","?","R","E","R","BOSS","M","?","$","M","?","E","R","E","T","?","M","E","?","?","R","BOSS","M","?","?","M","M","E","$","R","T","R","E","R","M","M","R","BOSS"],"build_version":"2018-11-08","purchased_purges":2,"victory":false,"max_hp_per_floor":[75,75,75,75,75,75,75,75,75,82,82,82,82,82,82,82,82,82,82,82,82,57,57,57,57,57,57,57,61,61,65,65,65,65,65,65,65,65,65,65,65,65,65,65,65,65,69,69,69,69],"card_choices":[{"not_picked":["Entrench","Clash"],"picked":"True Grit","floor":1.0},{"not_picked":["True Grit","Havoc"],"picked":"Armaments","floor":3.0},{"not_picked":["Rampage","Fire Breathing"],"picked":"Shrug It Off","floor":4.0},{"not_picked":["Shrug It Off","Heavy Blade"],"picked":"Immolate","floor":5.0},{"not_picked":["Hemokinesis","Armaments"],"picked":"Rampage","floor":6.0},{"not_picked":["Searing Blow","Inflame","Hemokinesis"],"picked":"SKIP","floor":14.0},{"not_picked":["Dark Embrace","Exhume"],"picked":"Juggernaut","floor":16.0},{"not_picked":[],"picked":"Pommel Strike","floor":18.0},{"not_picked":["Seeing Red"],"picked":"SKIP","floor":21.0},{"not_picked":[],"picked":"Feed","floor":23.0},{"not_picked":["Havoc"],"picked":"SKIP","floor":25.0},{"not_picked":["Intimidate"],"picked":"SKIP","floor":28.0},{"not_picked":["True Grit"],"picked":"SKIP","floor":29.0},{"not_picked":["Havoc"],"picked":"SKIP","floor":31.0},{"not_picked":[],"picked":"Clothesline+1","floor":35.0},{"not_picked":[],"picked":"Warcry+1","floor":36.0},{"not_picked":["Clash+1"],"picked":"SKIP","floor":38.0},{"not_picked":["Pummel+1"],"picked":"SKIP","floor":39.0},{"not_picked":[],"picked":"Iron Wave+1","floor":40.0},{"not_picked":["Cleave+1"],"picked":"SKIP","floor":45},{"not_picked":[],"picked":"Reaper+1","floor":47},{"not_picked":[],"picked":"Shrug It Off+1","floor":48}],"player_experience":133028,"relics_obtained":[{"floor":6.0,"key":"FossilizedHelix"},{"floor":7.0,"key":"Odd Mushroom"},{"floor":9.0,"key":"Paper Frog"},{"floor":14.0,"key":"Bag of Marbles"},{"floor":23.0,"key":"Centennial Puzzle"},{"floor":25.0,"key":"Mercury Hourglass"},{"floor":26.0,"key":"Molten Egg 2"},{"floor":29.0,"key":"Frozen Egg 2"},{"floor":36.0,"key":"Gambling Chip"},{"floor":40.0,"key":"MawBank"},{"floor":43.0,"key":"Letter Opener"},{"floor":45,"key":"Bronze Scales"}],"event_choices":[{"damage_healed":0.0,"max_hp_gain":0.0,"max_hp_loss":0.0,"gold_gain":0.0,"event_name":"Mushrooms","player_choice":"Fought Mushrooms","floor":7.0,"gold_loss":0.0,"damage_taken":0.0},{"damage_healed":0.0,"max_hp_gain":0.0,"max_hp_loss":0.0,"gold_gain":0.0,"event_name":"Shining Light","player_choice":"Entered Light","floor":11.0,"gold_loss":0.0,"damage_taken":16.0,"cards_upgraded":["Immolate","True Grit"]},{"damage_healed":0.0,"max_hp_gain":0.0,"max_hp_loss":0.0,"gold_gain":0.0,"event_name":"World of Goop","player_choice":"Left Gold","floor":12.0,"gold_loss":0.0,"damage_taken":0.0},{"damage_healed":0.0,"max_hp_gain":0.0,"max_hp_loss":0.0,"gold_gain":0.0,"event_name":"The Mausoleum","player_choice":"Opened","floor":19.0,"gold_loss":0.0,"damage_taken":0.0,"relics_obtained":["Potion Belt"],"cards_obtained":["Writhe"]},{"damage_healed":0.0,"max_hp_gain":0.0,"max_hp_loss":25.0,"gold_gain":0.0,"event_name":"Vampires","player_choice":"Became a vampire","floor":22.0,"gold_loss":0.0,"damage_taken":0.0,"cards_obtained":["Bite","Bite","Bite","Bite","Bite"]},{"damage_healed":0.0,"max_hp_gain":0.0,"max_hp_loss":0.0,"gold_gain":0.0,"event_name":"Masked Bandits","player_choice":"Paid Fearfully","floor":27.0,"gold_loss":81.0,"damage_taken":0.0},{"damage_healed":0.0,"max_hp_gain":0.0,"max_hp_loss":0.0,"gold_gain":0.0,"event_name":"MindBloom","player_choice":"Fight","floor":36.0,"gold_loss":0.0,"damage_taken":0.0},{"damage_healed":0.0,"max_hp_gain":0.0,"max_hp_loss":0.0,"gold_gain":275.0,"event_name":"Golden Shrine","player_choice":"Desecrate","floor":37.0,"gold_loss":0.0,"damage_taken":0.0,"cards_obtained":["Regret"]}],"is_beta":false,"boss_relics":[{"not_picked":["Philosopher\u0027s Stone","Fusion Hammer"],"picked":"Busted Crown"},{"not_picked":["Runic Cube","Tiny House"],"picked":"Black Blood"}],"items_purged_floors":[20,41],"is_endless":false,"potions_floor_spawned":[1,3,5,6,23,28,29,31,33,38,40],"killed_by":"Donu and Deca","ascension_level":14}