{"gold_per_floor":[114,124,49,49,69,103,103,146,146,160,160,77,92,108,108,204,204,220,490,119,133,133],"floor_reached":22,"playtime":1186,"items_purged":["Strike_B","Strike_B"],"score":392,"play_id":"25ec1942-335a-4a60-bb3d-3539804653c1","local_time":"20190221224813","is_ascension_mode":true,"campfire_choices":[{"floor":7.0,"key":"REST"},{"floor":11.0,"key":"REST"},{"floor":15.0,"key":"RECALL"}],"neow_cost":"NONE","seed_source_timestamp":333924205900,"circlet_count":0,"master_deck":["AscendersBane","Strike_B","Strike_B","Defend_B+1","Defend_B+1","Defend_B","Defend_B","Zap","Dualcast","Chill","Beam Cell","Barrage","Hologram","Hologram","Auto Shields","Hello World","Melter","Creative AI","Glacier","Capacitor","Cold Snap","Storm","Double Energy","Ball Lightning","Leap","Multi-Cast"],"special_seed":0,"relics":["Fusion Hammer","Golden Idol","War Paint","Blue Candle","Strawberry","Orrery","OrangePellets"],"potions_floor_usage":[21,21],"damage_taken":[{"damage":2.0,"enemies":"Cultist","floor":1.0,"turns":4.0},{"damage":0.0,"enemies":"2 Louse","floor":2.0,"turns":4.0},{"damage":0.0,"enemies":"Jaw Worm","floor":5.0,"turns":5.0},{"damage":33.0,"enemies":"3 Sentries","floor":6.0,"turns":17.0},{"damage":17.0,"enemies":"Lagavulin","floor":8.0,"turns":8.0},{"damage":14.0,"enemies":"Exordium Thugs","floor":10.0,"turns":5.0},{"damage":3.0,"enemies":"Blue Slaver","floor":13.0,"turns":4.0},{"damage":0.0,"enemies":"Looter","floor":14.0,"turns":3.0},{"damage":26.0,"enemies":"The Guardian","floor":16.0,"turns":12.0},{"damage":16.0,"enemies":"3 Byrds","floor":18.0,"turns":7.0},{"damage":12,"enemies":"2 Thieves","floor":21,"turns":5},{"damage":10,"enemies":"Shelled Parasite and Fungi","floor":22,"turns":1}],"seed_played":"-7641426618067269698","potions_obtained":[{"floor":1.0,"key":"Weak Potion"},{"floor":6.0,"key":"Explosive Potion"},{"floor":8.0,"key":"FearPotion"},{"floor":16.0,"key":"FocusPotion"},{"floor":18.0,"key":"SpeedPotion"}],"is_trial":false,"path_per_floor":["M","M","$","?","M","E","R","E","T","M","R","$","M","M","R","B",null,"M","?","$","M","M"],"character_chosen":"DEFECT","items_purchased":["Hello World","OrangePellets","Leap"],"campfire_rested":2,"item_purchase_floors":[12,20,20],"current_hp_per_floor":[62,62,62,62,62,29,48,31,38,24,45,45,42,42,42,16,57,41,13,13,1,0],"gold":133,"neow_bonus":"BOSS_RELIC","is_prod":false,"is_daily":false,"chose_seed":false,"campfire_upgraded":0,"win_rate":0,"timestamp":1550760493,"path_taken":["M","M","?","?","M","E","R","E","T","M","R","$","M","M","R","BOSS","M","?","$","M","M"],"build_version":"2019-01-23","purchased_purges":2,"victory":false,"max_hp_per_floor":[71,71,71,64,64,64,64,64,71,71,71,71,71,71,71,71,71,71,71,71,71,71],"card_choices":[{"not_picked":["Rip and Tear","Sweeping Beam"],"picked":"Chill","floor":1.0},{"not_picked":["Barrage","Conserve Battery"],"picked":"Beam Cell","floor":2.0},{"not_picked":["Go for the Eyes","Beam Cell"],"picked":"Barrage","floor":5.0},{"not_picked":["Undo","Stack"],"picked":"Hologram","floor":6.0},{"not_picked":["Leap","Scrape"],"picked":"Hologram","floor":8.0},{"not_picked":["Double Energy","Turbo"],"picked":"Auto Shields","floor":10.0},{"not_picked":["Rebound","Blizzard"],"picked":"Melter","floor":13.0},{"not_picked":["Beam Cell","Blizzard","Lockon"],"picked":"SKIP","floor":14.0},{"not_picked":["Beam Cell","Blizzard","Lockon"],"picked":"SKIP","floor":14.0},{"not_picked":["Meteor Strike","Multi-Cast"],"picked":"Creative AI","floor":16.0},{"not_picked":["Loop","Sweeping Beam"],"picked":"Glacier","floor":17.0},{"not_picked":["Hologram","Go for the Eyes"],"picked":"Capacitor","floor":17.0},{"not_picked":["Gash","Sweeping Beam"],"picked":"Cold Snap","floor":17.0},{"not_picked":["Recycle","Streamline"],"picked":"Storm","floor":17.0},{"not_picked":["Beam Cell","Stack"],"picked":"Double Energy","floor":17.0},{"not_picked":["Streamline","Conserve Battery"],"picked":"Ball Lightning","floor":18.0},{"not_picked":["Rebound","Scrape"],"picked":"Multi-Cast","floor":21}],"player_experience":2646366,"relics_obtained":[{"floor":6.0,"key":"War Paint"},{"floor":8.0,"key":"Blue Candle"},{"floor":9.0,"key":"Strawberry"}],"event_choices":[{"damage_healed":0.0,"max_hp_gain":0.0,"max_hp_loss":7.0,"gold_gain":0.0,"event_name":"Golden Idol","player_choice":"Lose Max HP","floor":4.0,"gold_loss":0.0,"damage_taken":0.0,"relics_obtained":["Golden Idol"]},{"damage_healed":0.0,"max_hp_gain":0.0,"max_hp_loss":0.0,"gold_gain":270.0,"event_name":"Knowing Skull","player_choice":"GOLD GOLD GOLD ","floor":19.0,"potions_obtained":[],"gold_loss":0.0,"damage_taken":28.0,"cards_obtained":[]}],"is_beta":false,"boss_relics":[{"not_picked":["Coffee Dripper","White Beast Statue"],"picked":"Orrery"}],"items_purged_floors":[3,20],"is_endless":false,"potions_floor_spawned":[1,6,8,16,18],"killed_by":"Shelled Parasite and Fungi","ascension_level":20}