{"gold_per_floor":[112,131,144,144,15,45,56,56,56,91,106,35,46,79,79,174,174,189,201,116,20,120,20,32,64,136,165,165,185,196,206,206,309,309,319,319,594,614,633,633,18,28,28,109,209,209,229,264,264,264,264,264,15,48,48],"floor_reached":56,"playtime":2657,"items_purged":["Strike_B","Defend_B","Regret"],"score":1492,"play_id":"e14139aa-4145-4d00-8e7b-442083fc2532","local_time":"20190430002656","is_ascension_mode":true,"campfire_choices":[{"data":"Chaos","floor":8.0,"key":"SMITH"},{"data":"Dualcast","floor":15.0,"key":"SMITH"},{"data":"Heatsinks","floor":28.0,"key":"SMITH"},{"data":"Defragment","floor":32.0,"key":"SMITH"},{"data":"Self Repair","floor":40.0,"key":"SMITH"},{"floor":46.0,"key":"RECALL"},{"data":"1","floor":49.0,"key":"LIFT"},{"data":"2","floor":52,"key":"LIFT"}],"neow_cost":"NONE","seed_source_timestamp":5763864612500,"circlet_count":0,"master_deck":["Defend_B","Defend_B","Defend_B","Zap","Dualcast+1","Reinforced Body+1","Biased Cognition+1","FTL","Chaos+1","Electrodynamics","Ball Lightning","Chaos+1","Conserve Battery+1","Rainbow+1","Redo+1","Double Energy+1","White Noise+1","Recycle+1","Reboot+1","Heatsinks+1","Melter","Steam Power+1","Hologram+1","Stack+1","Panacea+1","Turbo+1","Multi-Cast+1","Undo+1","Defragment+1","Amplify+1","Self Repair+1","Hologram+1","Compile Driver","Coolheaded+1","Consume+1"],"special_seed":0,"relics":["Astrolabe","Toxic Egg 2","Mango","Ornamental Fan","Orrery","Singing Bowl","StoneCalendar","Shuriken","Question Card","Cables","Kunai","Coffee Dripper","Pocketwatch","Medical Kit","Girya","Symbiotic Virus","Prayer Wheel","Gremlin Horn","Runic Capacitor","Bottled Tornado"],"potions_floor_usage":[50,55,55],"damage_taken":[{"damage":15.0,"enemies":"Small Slimes","floor":1.0,"turns":3.0},{"damage":0.0,"enemies":"Cultist","floor":2.0,"turns":3.0},{"damage":0.0,"enemies":"Jaw Worm","floor":3.0,"turns":3.0},{"damage":9.0,"enemies":"3 Sentries","floor":6.0,"turns":3.0},{"damage":1.0,"enemies":"Exordium Wildlife","floor":7.0,"turns":3.0},{"damage":8.0,"enemies":"Lagavulin","floor":10.0,"turns":3.0},{"damage":0.0,"enemies":"3 Louse","floor":11.0,"turns":2.0},{"damage":3.0,"enemies":"Lots of Slimes","floor":13.0,"turns":2.0},{"damage":2.0,"enemies":"3 Sentries","floor":14.0,"turns":4.0},{"damage":0.0,"enemies":"Slime Boss","floor":16.0,"turns":4.0},{"damage":0.0,"enemies":"Spheric Guardian","floor":18.0,"turns":3.0},{"damage":20.0,"enemies":"2 Thieves","floor":19.0,"turns":4.0},{"damage":3.0,"enemies":"Colosseum Slavers","floor":22.0,"turns":3.0},{"damage":14.0,"enemies":"Colosseum Nobs","floor":22.0,"turns":3.0},{"damage":0.0,"enemies":"Centurion and Healer","floor":24.0,"turns":3.0},{"damage":15.0,"enemies":"Book of Stabbing","floor":25.0,"turns":4.0},{"damage":0.0,"enemies":"Gremlin Leader","floor":27.0,"turns":5.0},{"damage":0.0,"enemies":"Snake Plant","floor":29.0,"turns":2.0},{"damage":14.0,"enemies":"Shelled Parasite and Fungi","floor":30.0,"turns":4.0},{"damage":0.0,"enemies":"Cultist and Chosen","floor":31.0,"turns":4.0},{"damage":13.0,"enemies":"Collector","floor":33.0,"turns":5.0},{"damage":1.0,"enemies":"Orb Walker","floor":35.0,"turns":2.0},{"damage":8.0,"enemies":"3 Darklings","floor":38.0,"turns":3.0},{"damage":3.0,"enemies":"Jaw Worm Horde","floor":39.0,"turns":3.0},{"damage":0.0,"enemies":"4 Shapes","floor":42.0,"turns":3.0},{"damage":16.0,"enemies":"Mind Bloom Boss Battle","floor":45.0,"turns":4.0},{"damage":8.0,"enemies":"3 Darklings","floor":47.0,"turns":3.0},{"damage":0.0,"enemies":"Nemesis","floor":48.0,"turns":7.0},{"damage":8,"enemies":"Time Eater","floor":50,"turns":6},{"damage":0,"enemies":"Shield and Spear","floor":54,"turns":3},{"damage":9,"enemies":"The Heart","floor":55,"turns":7}],"seed_played":"491964421106724762","potions_obtained":[{"floor":1.0,"key":"FocusPotion"},{"floor":6.0,"key":"Poison Potion"},{"floor":13.0,"key":"Block Potion"},{"floor":14.0,"key":"SpeedPotion"},{"floor":16.0,"key":"Dexterity Potion"},{"floor":24.0,"key":"Poison Potion"},{"floor":27.0,"key":"LiquidBronze"},{"floor":47.0,"key":"Ancient Potion"}],"is_trial":false,"path_per_floor":["M","M","M","?","$","E","M","R","T","E","M","$","M","E","R","B",null,"M","M","?","$","?","$","M","E","T","E","R","M","M","M","R","B",null,"M","?","?","M","M","R","$","M","T","T","?","R","M","E","R","B",null,"R","$","E","B",null],"character_chosen":"DEFECT","items_purchased":["Ball Lightning","Double Energy+1","Panacea+1","Pocketwatch","Medical Kit","Runic Capacitor","Dexterity Potion"],"campfire_rested":0,"item_purchase_floors":[5,12,21,41,41,53,53],"current_hp_per_floor":[60,60,60,60,60,51,50,50,50,56,56,56,53,51,51,51,89,89,69,69,69,54,54,54,41,41,41,41,43,29,29,29,16,95,96,96,96,90,87,87,87,87,87,87,93,93,85,97,97,99,103,103,103,103,103],"gold":48,"neow_bonus":"BOSS_RELIC","is_prod":false,"is_daily":false,"chose_seed":false,"campfire_upgraded":5,"win_rate":0,"timestamp":1556555216,"path_taken":["M","M","M","?","$","E","?","R","T","E","M","?","M","E","R","BOSS","M","M","?","$","?","?","?","E","T","E","R","M","M","M","R","BOSS","M","?","?","?","M","R","$","M","T","?","?","R","M","E","R","BOSS","R","$","E","BOSS"],"build_version":"2019-04-23","purchased_purges":3,"victory":true,"max_hp_per_floor":[75,75,75,75,75,75,75,75,75,89,89,89,89,89,89,89,89,89,89,89,89,91,91,91,93,93,93,93,95,95,95,95,95,95,97,97,97,99,99,99,99,99,99,99,101,101,101,103,103,103,103,103,103,103,103],"card_choices":[{"not_picked":["Barrage","Rebound"],"picked":"FTL","floor":1.0},{"not_picked":["Beam Cell","Streamline","Sweeping Beam"],"picked":"SKIP","floor":2.0},{"not_picked":["Reinforced Body","Gash"],"picked":"Chaos","floor":3.0},{"not_picked":["Reinforced Body","Rebound"],"picked":"Chaos","floor":6.0},{"not_picked":["BootSequence+1","Stack+1"],"picked":"Conserve Battery+1","floor":7.0},{"not_picked":["Ball Lightning","Barrage"],"picked":"Rainbow+1","floor":10.0},{"not_picked":["Go for the Eyes","Sunder"],"picked":"Redo+1","floor":11.0},{"not_picked":["Steam+1","Conserve Battery+1"],"picked":"White Noise+1","floor":13.0},{"not_picked":["Scrape","Compile Driver"],"picked":"Recycle+1","floor":14.0},{"not_picked":["Biased Cognition","Rainbow+1"],"picked":"Reboot+1","floor":16.0},{"not_picked":["Go for the Eyes","Blizzard"],"picked":"Heatsinks","floor":17.0},{"not_picked":["Auto Shields+1","Go for the Eyes"],"picked":"Melter","floor":17.0},{"not_picked":["Auto Shields+1","Loop"],"picked":"Steam Power+1","floor":17.0},{"not_picked":["Scrape","Beam Cell"],"picked":"Hologram+1","floor":17.0},{"not_picked":["Gash","Leap+1"],"picked":"Stack+1","floor":18.0},{"not_picked":["Gash+1","FTL","Conserve Battery+1"],"picked":"SKIP","floor":19.0},{"not_picked":["Double Energy+1","Gash","Scrape"],"picked":"Singing Bowl","floor":22.0},{"not_picked":["Steam Power+1","Beam Cell+1"],"picked":"Turbo+1","floor":24.0},{"not_picked":["Conserve Battery+1","Auto Shields+1","FTL"],"picked":"Singing Bowl","floor":25.0},{"not_picked":["Beam Cell","Fusion+1","Genetic Algorithm+1"],"picked":"Multi-Cast+1","floor":27.0},{"not_picked":["Barrage","Reinforced Body+1","Beam Cell","Gash"],"picked":"Singing Bowl","floor":29.0},{"not_picked":["Reinforced Body+1","Beam Cell","Double Energy+1"],"picked":"Undo+1","floor":30.0},{"not_picked":["Rainbow+1","Cold Snap","Undo+1"],"picked":"Defragment","floor":31.0},{"not_picked":["Buffer","Thunder Strike","Reboot+1"],"picked":"Amplify+1","floor":33.0},{"not_picked":["Streamline+1","Sweeping Beam","Stack+1","Beam Cell+1"],"picked":"Singing Bowl","floor":35.0},{"not_picked":["Consume+1","Barrage","Hologram+1","Scrape+1"],"picked":"Singing Bowl","floor":38.0},{"not_picked":["Compile Driver","Conserve Battery+1","Beam Cell"],"picked":"Self Repair","floor":39.0},{"not_picked":["Leap+1","Reinforced Body+1","Sweeping Beam"],"picked":"Hologram+1","floor":42.0},{"not_picked":["Hologram+1","Streamline","Go for the Eyes+1","Turbo+1"],"picked":"Singing Bowl","floor":45.0},{"not_picked":["Cold Snap","Steam+1","Barrage"],"picked":"Compile Driver","floor":47.0},{"not_picked":["Rainbow+1","Double Energy+1","Cold Snap"],"picked":"Coolheaded+1","floor":47.0},{"not_picked":["Auto Shields+1","Beam Cell+1","BootSequence+1","Multi-Cast+1"],"picked":"Singing Bowl","floor":48.0},{"not_picked":["Redo+1","Compile Driver","BootSequence+1"],"picked":"Consume+1","floor":54}],"player_experience":1410317,"relics_obtained":[{"floor":6.0,"key":"Toxic Egg 2"},{"floor":10.0,"key":"Mango"},{"floor":14.0,"key":"Ornamental Fan"},{"floor":22.0,"key":"StoneCalendar"},{"floor":22.0,"key":"Shuriken"},{"floor":25.0,"key":"Question Card"},{"floor":26.0,"key":"Cables"},{"floor":27.0,"key":"Kunai"},{"floor":43.0,"key":"Girya"},{"floor":44.0,"key":"Symbiotic Virus"},{"floor":45.0,"key":"Prayer Wheel"},{"floor":48.0,"key":"Gremlin Horn"},{"floor":54,"key":"Bottled Tornado"}],"event_choices":[{"damage_healed":0.0,"max_hp_gain":0.0,"max_hp_loss":0.0,"gold_gain":0.0,"event_name":"Match and Keep!","player_choice":"1 cards matched","floor":4.0,"gold_loss":0.0,"damage_taken":0.0,"cards_obtained":["Electrodynamics"]},{"damage_healed":0.0,"max_hp_gain":0.0,"max_hp_loss":0.0,"gold_gain":0.0,"event_name":"Addict","player_choice":"Obtained Relic","floor":20.0,"gold_loss":85.0,"damage_taken":0.0,"relics_obtained":["Singing Bowl"]},{"damage_healed":0.0,"max_hp_gain":0.0,"max_hp_loss":0.0,"gold_gain":0.0,"event_name":"Colosseum","player_choice":"Fight","floor":22.0,"gold_loss":0.0,"damage_taken":0.0},{"damage_healed":0.0,"max_hp_gain":0.0,"max_hp_loss":0.0,"gold_gain":0.0,"event_name":"Colosseum","player_choice":"Fought Nobs","floor":22.0,"gold_loss":0.0,"damage_taken":0.0},{"cards_removed":["Ball Lightning"],"damage_healed":0.0,"max_hp_gain":0.0,"max_hp_loss":0.0,"gold_gain":0.0,"event_name":"Falling","player_choice":"Removed Attack","floor":36.0,"gold_loss":0.0,"damage_taken":0.0},{"damage_healed":0.0,"max_hp_gain":0.0,"max_hp_loss":0.0,"gold_gain":275.0,"event_name":"Golden Shrine","player_choice":"Desecrate","floor":37.0,"gold_loss":0.0,"damage_taken":0.0,"cards_obtained":["Regret"]},{"damage_healed":0.0,"max_hp_gain":0.0,"max_hp_loss":0.0,"gold_gain":0.0,"event_name":"MindBloom","player_choice":"Fight","floor":45.0,"gold_loss":0.0,"damage_taken":0.0}],"is_beta":true,"boss_relics":[{"not_picked":["White Beast Statue","Velvet Choker"],"picked":"Orrery"},{"not_picked":["Runic Dome","Busted Crown"],"picked":"Coffee Dripper"}],"items_purged_floors":[5,23,41],"is_endless":false,"potions_floor_spawned":[1,6,13,14,16,18,19,24,25,27,31,45,47],"ascension_level":1}