{"gold_per_floor":[360,372,70,70,85,113,113,148,175,175,191,218,4,29,29,124,124,141,156,156,184,84,84,119,119,119,146,21,47,47,71,83,196,208,239,304,329,341,371,413,38,66,66,66,166,201,276,287,287,287,287,287,36,68,68],"floor_reached":56,"playtime":2839,"items_purged":["Strike_B","Hello World","Zap","Beam Cell"],"score":1818,"play_id":"95732100-eb0c-4a9e-8ee9-6849f7e23ca8","local_time":"20190322140821","is_ascension_mode":true,"campfire_choices":[{"data":"Chaos","floor":7.0,"key":"SMITH"},{"data":"Barrage","floor":10.0,"key":"SMITH"},{"data":"Apotheosis","floor":15.0,"key":"SMITH"},{"data":"Seek","floor":23.0,"key":"SMITH"},{"data":"Fission","floor":32.0,"key":"SMITH"},{"data":"Skim","floor":44.0,"key":"SMITH"},{"floor":49.0,"key":"RECALL"},{"data":"Auto Shields","floor":52,"key":"PURGE"}],"neow_cost":"TEN_PERCENT_HP_LOSS","seed_source_timestamp":0,"circlet_count":0,"master_deck":["Dualcast","Chaos+1","Barrage+1","Capacitor","Glacier","Coolheaded","Apotheosis+1","Turbo","Meteor Strike","Seek+1","White Noise","Fission+1","Core Surge","Tempest","Skim+1","Double Energy","Hologram+1","Compile Driver","Echo Form","Loop","Heatsinks","Defragment"],"special_seed":0,"relics":["Cracked Core","Oddly Smooth Stone","Pen Nib","Art of War","Omamori","Odd Mushroom","Centennial Puzzle","Pandora\u0027s Box","Red Mask","Happy Flower","Singing Bowl","Anchor","Dream Catcher","MawBank","Busted Crown","Emotion Chip","The Courier","Membership Card","Cables","Dodecahedron","Bronze Scales","Thread and Needle","Peace Pipe","Question Card","Frozen Eye","Kunai"],"potions_floor_usage":[55,55,55],"damage_taken":[{"damage":1.0,"enemies":"Cultist","floor":1.0,"turns":3.0},{"damage":6.0,"enemies":"Jaw Worm","floor":2.0,"turns":3.0},{"damage":4.0,"enemies":"Small Slimes","floor":5.0,"turns":3.0},{"damage":0.0,"enemies":"Gremlin Nob","floor":6.0,"turns":3.0},{"damage":10.0,"enemies":"3 Sentries","floor":8.0,"turns":9.0},{"damage":1.0,"enemies":"3 Louse","floor":11.0,"turns":3.0},{"damage":0.0,"enemies":"The Mushroom Lair","floor":12.0,"turns":4.0},{"damage":17.0,"enemies":"Gremlin Nob","floor":14.0,"turns":5.0},{"damage":0.0,"enemies":"The Guardian","floor":16.0,"turns":8.0},{"damage":0.0,"enemies":"Spheric Guardian","floor":18.0,"turns":3.0},{"damage":10.0,"enemies":"Chosen","floor":19.0,"turns":3.0},{"damage":19.0,"enemies":"Masked Bandits","floor":21.0,"turns":3.0},{"damage":9.0,"enemies":"Gremlin Leader","floor":24.0,"turns":3.0},{"damage":6.0,"enemies":"Book of Stabbing","floor":27.0,"turns":2.0},{"damage":0.0,"enemies":"Gremlin Leader","floor":29.0,"turns":3.0},{"damage":0.0,"enemies":"Collector","floor":33.0,"turns":5.0},{"damage":0.0,"enemies":"Orb Walker","floor":35.0,"turns":2.0},{"damage":2.0,"enemies":"2 Orb Walkers","floor":36.0,"turns":3.0},{"damage":18.0,"enemies":"3 Darklings","floor":37.0,"turns":3.0},{"damage":0.0,"enemies":"Jaw Worm Horde","floor":39.0,"turns":2.0},{"damage":0.0,"enemies":"Nemesis","floor":40.0,"turns":1.0},{"damage":0.0,"enemies":"Reptomancer","floor":42.0,"turns":3.0},{"damage":0.0,"enemies":"Mind Bloom Boss Battle","floor":45.0,"turns":3.0},{"damage":0.0,"enemies":"Giant Head","floor":46.0,"turns":2.0},{"damage":0.0,"enemies":"4 Shapes","floor":48.0,"turns":2.0},{"damage":4,"enemies":"Donu and Deca","floor":50,"turns":2},{"damage":12,"enemies":"Shield and Spear","floor":54,"turns":2},{"damage":41,"enemies":"The Heart","floor":55,"turns":5}],"seed_played":"5481219305338861372","potions_obtained":[{"floor":4.0,"key":"Weak Potion"},{"floor":4.0,"key":"Block Potion"},{"floor":4.0,"key":"SmokeBomb"},{"floor":5.0,"key":"Poison Potion"},{"floor":6.0,"key":"FairyPotion"},{"floor":8.0,"key":"Explosive Potion"},{"floor":11.0,"key":"Poison Potion"},{"floor":18.0,"key":"Poison Potion"},{"floor":27.0,"key":"Explosive Potion"},{"floor":33.0,"key":"AttackPotion"},{"floor":37.0,"key":"LiquidBronze"},{"floor":39.0,"key":"Weak Potion"},{"floor":45.0,"key":"Ancient Potion"}],"is_trial":false,"path_per_floor":["M","M","$","?","M","E","R","E","T","R","M","?","$","E","R","B",null,"M","M","?","?","$","R","E","$","T","E","$","E","?","T","R","B",null,"M","?","M","?","M","E","$","E","T","R","?","E","T","M","R","B",null,"R","$","E","B",null],"character_chosen":"DEFECT","items_purchased":["Oddly Smooth Stone","Capacitor","Apotheosis","Turbo","Membership Card","Cables","Dodecahedron","Loop","Frozen Eye","Kunai"],"campfire_rested":0,"item_purchase_floors":[3,3,13,13,41,41,41,41,53,53],"current_hp_per_floor":[67,61,61,61,57,57,57,47,47,47,46,46,46,29,29,29,68,68,58,58,39,39,39,30,30,30,24,24,24,24,24,24,24,68,70,70,54,84,86,88,88,90,90,90,90,92,92,94,94,90,94,94,94,82,41],"gold":68,"neow_bonus":"TWO_FIFTY_GOLD","is_prod":false,"is_daily":false,"chose_seed":false,"campfire_upgraded":6,"win_rate":0,"timestamp":1553234901,"path_taken":["M","M","?","?","M","E","R","E","T","R","?","?","$","E","R","BOSS","M","M","?","?","$","R","E","$","T","E","?","E","?","?","R","BOSS","M","?","M","?","?","E","?","E","T","R","?","E","?","M","R","BOSS","R","$","E","BOSS"],"build_version":"2019-01-23","purchased_purges":4,"victory":true,"max_hp_per_floor":[68,68,68,68,68,68,68,68,68,68,68,68,68,68,68,68,68,68,68,68,68,68,68,68,68,68,68,68,68,68,68,68,68,68,70,72,74,84,86,88,88,90,90,90,90,92,92,94,94,94,94,94,94,94,94],"card_choices":[{"not_picked":["Sweeping Beam","Force Field"],"picked":"Chaos","floor":1.0},{"not_picked":["Hologram","Streamline"],"picked":"Barrage","floor":2.0},{"not_picked":["White Noise","Rebound"],"picked":"Glacier","floor":5.0},{"not_picked":["Stack","Steam","Leap"],"picked":"SKIP","floor":6.0},{"not_picked":["Turbo","Thunder Strike"],"picked":"Coolheaded","floor":8.0},{"not_picked":["Storm","Gash"],"picked":"Beam Cell","floor":11.0},{"not_picked":["Rebound","Streamline"],"picked":"Meteor Strike","floor":14.0},{"not_picked":["Machine Learning","Thunder Strike"],"picked":"Seek","floor":16.0},{"not_picked":["Gash","Rebound","Turbo+1"],"picked":"SKIP","floor":18.0},{"not_picked":["Leap","Barrage","Ball Lightning+1"],"picked":"SKIP","floor":19.0},{"not_picked":["Leap","Barrage","Ball Lightning+1"],"picked":"SKIP","floor":19.0},{"not_picked":["Rebound","Stack"],"picked":"Double Energy","floor":24.0},{"not_picked":["Steam","Meteor Strike"],"picked":"Hologram+1","floor":27.0},{"not_picked":["Auto Shields","Capacitor"],"picked":"Compile Driver","floor":29.0},{"not_picked":["Amplify","All For One"],"picked":"Echo Form","floor":33.0},{"not_picked":["Coolheaded"],"picked":"Singing Bowl","floor":35.0},{"not_picked":["Chill"],"picked":"Singing Bowl","floor":36.0},{"not_picked":["Aggregate"],"picked":"Singing Bowl","floor":37.0},{"not_picked":["Sweeping Beam"],"picked":"Singing Bowl","floor":39.0},{"not_picked":["Rebound"],"picked":"Singing Bowl","floor":40.0},{"not_picked":["Leap"],"picked":"Singing Bowl","floor":42.0},{"not_picked":[],"picked":"Heatsinks","floor":45.0},{"not_picked":["Redo"],"picked":"Singing Bowl","floor":46.0},{"not_picked":["Rip and Tear+1","Compile Driver+1"],"picked":"Singing Bowl","floor":48.0},{"not_picked":["Self Repair"],"picked":"Defragment","floor":54}],"player_experience":2872375,"relics_obtained":[{"floor":6.0,"key":"Pen Nib"},{"floor":8.0,"key":"Art of War"},{"floor":9.0,"key":"Omamori"},{"floor":12.0,"key":"Odd Mushroom"},{"floor":14.0,"key":"Centennial Puzzle"},{"floor":21.0,"key":"Red Mask"},{"floor":24.0,"key":"Happy Flower"},{"floor":26.0,"key":"Singing Bowl"},{"floor":27.0,"key":"Anchor"},{"floor":29.0,"key":"Dream Catcher"},{"floor":31.0,"key":"MawBank"},{"floor":36.0,"key":"Emotion Chip"},{"floor":40.0,"key":"The Courier"},{"floor":42.0,"key":"Bronze Scales"},{"floor":45.0,"key":"Thread and Needle"},{"floor":46.0,"key":"Peace Pipe"},{"floor":47.0,"key":"Question Card"}],"event_choices":[{"damage_healed":0.0,"max_hp_gain":0.0,"max_hp_loss":0.0,"gold_gain":0.0,"event_name":"Lab","player_choice":"Got Potions","floor":4.0,"gold_loss":0.0,"damage_taken":0.0},{"damage_healed":0.0,"max_hp_gain":0.0,"max_hp_loss":0.0,"gold_gain":0.0,"event_name":"Mushrooms","player_choice":"Fought Mushrooms","floor":12.0,"gold_loss":0.0,"damage_taken":0.0},{"damage_healed":0.0,"max_hp_gain":0.0,"max_hp_loss":0.0,"gold_gain":0.0,"event_name":"The Library","player_choice":"Read","floor":20.0,"gold_loss":0.0,"damage_taken":0.0,"cards_obtained":["Skim"]},{"damage_healed":0.0,"max_hp_gain":0.0,"max_hp_loss":0.0,"gold_gain":0.0,"event_name":"Masked Bandits","player_choice":"Fought Bandits","floor":21.0,"gold_loss":0.0,"damage_taken":0.0},{"damage_healed":0.0,"max_hp_gain":0.0,"max_hp_loss":0.0,"gold_gain":0.0,"event_name":"Mysterious Sphere","player_choice":"Fight","floor":36.0,"gold_loss":0.0,"damage_taken":0.0},{"cards_removed":["Buffer"],"damage_healed":20.0,"max_hp_gain":10.0,"max_hp_loss":0.0,"gold_gain":0.0,"event_name":"Bonfire Elementals","player_choice":"Offered Rare","floor":38.0,"gold_loss":0.0,"damage_taken":0.0},{"damage_healed":0.0,"max_hp_gain":0.0,"max_hp_loss":0.0,"gold_gain":0.0,"event_name":"MindBloom","player_choice":"Fight","floor":45.0,"gold_loss":0.0,"damage_taken":0.0}],"is_beta":false,"boss_relics":[{"not_picked":["Astrolabe","Cursed Key"],"picked":"Pandora\u0027s Box"},{"not_picked":["Tiny House","Inserter"],"picked":"Busted Crown"}],"items_purged_floors":[3,22,28,53],"is_endless":false,"potions_floor_spawned":[5,6,8,11,18,27,33,37,39,40,45,46,54],"ascension_level":1}