{"gold_per_floor":[119,119,138,151,151,166,176,176,176,27,27,49,49,84,84,84],"floor_reached":16,"playtime":600,"items_purged":[],"score":180,"play_id":"fdddbf06-7846-49c4-923a-2769c9f43636","local_time":"20190409025041","is_ascension_mode":true,"campfire_choices":[{"data":"True Grit","floor":8,"key":"SMITH"},{"data":"Shrug It Off","floor":11,"key":"SMITH"},{"floor":15,"key":"REST"}],"neow_cost":"NONE","seed_source_timestamp":300464115661841,"circlet_count":0,"master_deck":["AscendersBane","Strike_R","Strike_R","Strike_R","Strike_R","Strike_R","Defend_R","Defend_R","Defend_R","Defend_R","Bash+1","Pummel","Clothesline","True Grit+1","Flex","Shrug It Off+1","Reaper","Cleave","Body Slam"],"relics":["Burning Blood","NeowsBlessing","Kunai","Odd Mushroom","Centennial Puzzle"],"potions_floor_usage":[4,12,14],"damage_taken":[{"damage":0,"enemies":"Jaw Worm","floor":1,"turns":1},{"damage":0,"enemies":"Cultist","floor":3,"turns":1},{"damage":0,"enemies":"2 Louse","floor":4,"turns":1},{"damage":26,"enemies":"Exordium Wildlife","floor":6,"turns":5},{"damage":8,"enemies":"Blue Slaver","floor":7,"turns":4},{"damage":27,"enemies":"The Mushroom Lair","floor":12,"turns":5},{"damage":36,"enemies":"Gremlin Nob","floor":14,"turns":4},{"damage":75,"enemies":"Slime Boss","floor":16,"turns":12}],"seed_played":"-7152372669759055198","potions_obtained":[{"floor":3,"key":"Swift Potion"},{"floor":4,"key":"Fruit Juice"},{"floor":6,"key":"Block Potion"}],"is_trial":false,"path_per_floor":["M","?","M","M","$","M","M","R","T","$","R","?","$","E","R","B"],"character_chosen":"IRONCLAD","items_purchased":["Reaper"],"campfire_rested":1,"item_purchase_floors":[10],"current_hp_per_floor":[74,74,75,80,80,60,58,58,58,58,58,55,55,34,58,0],"gold":84,"neow_bonus":"THREE_ENEMY_KILL","is_prod":false,"is_daily":false,"chose_seed":false,"campfire_upgraded":2,"win_rate":0,"timestamp":1554771041,"path_taken":["M","?","?","?","$","M","M","R","T","$","R","?","?","E","R","BOSS"],"build_version":"2019-01-23","purchased_purges":0,"victory":false,"max_hp_per_floor":[75,75,75,80,80,80,80,80,80,80,80,80,80,80,80,80],"card_choices":[{"not_picked":["True Grit","Spot Weakness"],"picked":"Pummel","floor":1},{"not_picked":["Heavy Blade","Seeing Red"],"picked":"Clothesline","floor":3},{"not_picked":["Havoc","Blood for Blood"],"picked":"True Grit","floor":4},{"not_picked":["Iron Wave","Clothesline"],"picked":"Flex","floor":6},{"not_picked":["Rupture","Carnage"],"picked":"Shrug It Off","floor":7},{"not_picked":["Combust","True Grit"],"picked":"Cleave","floor":12},{"not_picked":["True Grit","Wild Strike"],"picked":"Body Slam","floor":14}],"player_experience":695427,"relics_obtained":[{"floor":9,"key":"Kunai"},{"floor":12,"key":"Odd Mushroom"},{"floor":14,"key":"Centennial Puzzle"}],"event_choices":[{"damage_healed":0,"gold_gain":0,"player_choice":"Upgraded","damage_taken":0,"max_hp_gain":0,"max_hp_loss":0,"event_name":"Upgrade Shrine","floor":2,"gold_loss":0,"cards_upgraded":["Bash"]},{"damage_healed":0,"gold_gain":0,"player_choice":"Fought Mushrooms","damage_taken":0,"max_hp_gain":0,"max_hp_loss":0,"event_name":"Mushrooms","floor":12,"gold_loss":0}],"is_beta":false,"boss_relics":[],"items_purged_floors":[],"is_endless":false,"potions_floor_spawned":[3,4,6],"killed_by":"Slime Boss","ascension_level":16}