{"gold_per_floor":[116,1,1,76,95,122,122,142,215,248,301,329,340,19,19,92,92,111,127,145,145,145],"floor_reached":22,"playtime":767,"items_purged":["Defend_R"],"score":424,"play_id":"38768339-a7c1-4682-b3aa-d6dddec48b36","local_time":"20190205121236","is_ascension_mode":true,"campfire_choices":[{"data":"Whirlwind","floor":7,"key":"SMITH"},{"data":"Seeing Red","floor":15,"key":"SMITH"}],"neow_cost":"NONE","seed_source_timestamp":247408129292877,"circlet_count":0,"master_deck":["AscendersBane","Strike_R","Strike_R","Strike_R","Strike_R","Strike_R","Defend_R","Defend_R","Defend_R","Bash","Clash","Whirlwind+1","Battle Trance","Evolve","Warcry","Bloodletting","Seeing Red+1","Second Wind","Brutality","Spot Weakness","Shockwave","Ghostly","Ghostly","Ghostly"],"relics":["Burning Blood","NeowsBlessing","Bag of Marbles","Orichalcum","Shuriken","Bag of Preparation","Omamori","Self Forming Clay","Pantograph","Snecko Eye"],"potions_floor_usage":[6,16,20,22],"damage_taken":[{"damage":0,"enemies":"Jaw Worm","floor":1,"turns":1},{"damage":0,"enemies":"2 Louse","floor":5,"turns":1},{"damage":0,"enemies":"Lagavulin","floor":6,"turns":1},{"damage":0,"enemies":"Small Slimes","floor":8,"turns":2},{"damage":8,"enemies":"3 Sentries","floor":10,"turns":5},{"damage":15,"enemies":"Gremlin Nob","floor":12,"turns":3},{"damage":0,"enemies":"3 Louse","floor":13,"turns":1},{"damage":35,"enemies":"Slime Boss","floor":16,"turns":6},{"damage":6,"enemies":"Chosen","floor":18,"turns":5},{"damage":24,"enemies":"3 Byrds","floor":19,"turns":5},{"damage":37,"enemies":"Shelled Parasite and Fungi","floor":20,"turns":4},{"damage":36,"enemies":"Chosen and Byrds","floor":22,"turns":6}],"seed_played":"-4285001000624817602","potions_obtained":[{"floor":1,"key":"AttackPotion"},{"floor":10,"key":"Ancient Potion"},{"floor":12,"key":"PowerPotion"},{"floor":20,"key":"PowerPotion"}],"is_trial":false,"path_per_floor":["M","$","?","?","M","E","R","M","T","E","T","E","M","$","R","B",null,"M","M","M","?","M"],"character_chosen":"IRONCLAD","items_purchased":["Whirlwind","Second Wind","Pantograph"],"campfire_rested":0,"item_purchase_floors":[2,14,14],"current_hp_per_floor":[74,74,48,37,43,49,49,55,55,53,53,44,50,50,50,46,68,68,50,19,19,0],"gold":145,"neow_bonus":"THREE_ENEMY_KILL","is_prod":false,"is_daily":false,"chose_seed":false,"campfire_upgraded":2,"win_rate":0,"timestamp":1549365156,"path_taken":["M","$","?","?","M","E","R","M","T","E","?","E","M","?","R","BOSS","M","M","M","?","M"],"build_version":"2019-01-23","purchased_purges":1,"victory":false,"max_hp_per_floor":[75,75,75,75,75,75,75,75,75,75,75,75,75,75,75,75,75,75,75,75,37,37],"card_choices":[{"not_picked":["Sever Soul","Iron Wave"],"picked":"Clash","floor":1},{"not_picked":["Iron Wave","Second Wind"],"picked":"Battle Trance","floor":5},{"not_picked":["Twin Strike","Armaments"],"picked":"Evolve","floor":6},{"not_picked":["Heavy Blade","Sword Boomerang"],"picked":"Warcry","floor":8},{"not_picked":["Rupture","Dropkick"],"picked":"Bloodletting","floor":10},{"not_picked":["Warcry","Power Through"],"picked":"Seeing Red","floor":12},{"not_picked":["Burning Pact","Anger","Heavy Blade"],"picked":"SKIP","floor":13},{"not_picked":["Bludgeon","Berserk"],"picked":"Brutality","floor":16},{"not_picked":["Ghostly Armor","Cleave","Intimidate"],"picked":"SKIP","floor":18},{"not_picked":["Bloodletting","Intimidate"],"picked":"Spot Weakness","floor":19},{"not_picked":["Flex+1","Pommel Strike"],"picked":"Shockwave","floor":20}],"player_experience":496830,"relics_obtained":[{"floor":6,"key":"Orichalcum"},{"floor":9,"key":"Shuriken"},{"floor":10,"key":"Bag of Preparation"},{"floor":11,"key":"Omamori"},{"floor":12,"key":"Self Forming Clay"}],"event_choices":[{"damage_healed":0,"gold_gain":0,"player_choice":"Success","damage_taken":26,"relics_obtained":["Bag of Marbles"],"max_hp_gain":0,"max_hp_loss":0,"event_name":"Scrap Ooze","floor":3,"gold_loss":0},{"damage_healed":0,"gold_gain":75,"player_choice":"Gather Gold","damage_taken":11,"max_hp_gain":0,"max_hp_loss":0,"event_name":"World of Goop","floor":4,"gold_loss":0},{"damage_healed":0,"gold_gain":0,"player_choice":"Became a Ghost","damage_taken":0,"max_hp_gain":0,"max_hp_loss":38,"event_name":"Ghosts","floor":21,"gold_loss":0,"cards_obtained":["Ghostly","Ghostly","Ghostly"]}],"is_beta":false,"boss_relics":[{"not_picked":["Runic Cube","Tiny House"],"picked":"Snecko Eye"}],"items_purged_floors":[2],"is_endless":false,"potions_floor_spawned":[1,10,12,13,20],"killed_by":"Chosen and Byrds","ascension_level":17}