{"gold_per_floor":[144,189,234,279,324,369,414,459,459,504,546,546,636,636,636,961,961,980,121,170,219,268,268],"floor_reached":23,"playtime":2482,"items_purged":["Strike_G"],"score":226,"play_id":"5c91843b-d4d5-4704-8753-165a68e620e6","local_time":"20190506162045","daily_mods":["Chimera","Colorless Cards","Midas"],"is_ascension_mode":false,"campfire_choices":[{"floor":12,"key":"REST"},{"floor":15,"key":"REST"}],"neow_cost":"","seed_source_timestamp":0,"circlet_count":0,"master_deck":["Bash","Survivor","Zap","Strike_R","Strike_B","Defend_R","Defend_G","Defend_B","Dual Wield","Second Wind","Metallicize","Bandage Up","Flex","Rampage","Sadistic Nature","Armaments+1","Flash of Steel","Anger","Feed","Trip+1","HandOfGreed","Flame Barrier+1","Havoc+1","Forethought+1","Havoc+1","Metallicize","Entrench+1"],"special_seed":18022,"relics":["Burning Blood","Toxic Egg 2","Odd Mushroom","Ginger","Golden Idol","Black Star","Red Skull","Pantograph"],"potions_floor_usage":[11,22,23,23,23,23],"damage_taken":[{"damage":3,"enemies":"Jaw Worm","floor":1,"turns":4},{"damage":0,"enemies":"Small Slimes","floor":2,"turns":4},{"damage":9,"enemies":"2 Louse","floor":3,"turns":4},{"damage":6,"enemies":"Large Slime","floor":4,"turns":10},{"damage":21,"enemies":"Lots of Slimes","floor":5,"turns":11},{"damage":9,"enemies":"Exordium Wildlife","floor":6,"turns":6},{"damage":19,"enemies":"Looter","floor":7,"turns":4},{"damage":7,"enemies":"Blue Slaver","floor":8,"turns":5},{"damage":6,"enemies":"Large Slime","floor":10,"turns":6},{"damage":26,"enemies":"The Mushroom Lair","floor":11,"turns":6},{"damage":29,"enemies":"3 Sentries","floor":13,"turns":12},{"damage":31,"enemies":"Slime Boss","floor":16,"turns":10},{"damage":20,"enemies":"2 Thieves","floor":18,"turns":5},{"damage":21,"enemies":"Spheric Guardian","floor":20,"turns":6},{"damage":50,"enemies":"Chosen and Byrds","floor":21,"turns":10},{"damage":21,"enemies":"Snake Plant","floor":22,"turns":6},{"damage":35,"enemies":"Gremlin Leader","floor":23,"turns":5}],"seed_played":"2603549402228900304","potions_obtained":[{"floor":3,"key":"BloodPotion"},{"floor":4,"key":"PowerPotion"},{"floor":7,"key":"EntropicBrew"},{"floor":10,"key":"Regen Potion"},{"floor":22,"key":"EssenceOfSteel"}],"is_trial":false,"path_per_floor":["M","M","M","M","M","M","M","M","T","M","?","R","E","?","R","B",null,"M","$","M","M","M","E"],"character_chosen":"IRONCLAD","items_purchased":["HandOfGreed","Red Skull","Pantograph","Flame Barrier+1","Havoc+1","Forethought+1"],"campfire_rested":2,"item_purchase_floors":[19,19,19,19,19,19],"current_hp_per_floor":[80,80,77,77,62,63,54,57,57,61,55,79,62,42,66,45,80,73,73,62,22,25,0],"gold":268,"neow_bonus":"","is_prod":false,"is_daily":true,"chose_seed":false,"campfire_upgraded":0,"win_rate":0,"timestamp":1557152445,"path_taken":["M","M","M","M","M","M","M","M","T","M","?","R","E","?","R","BOSS","M","$","M","M","M","E"],"build_version":"2019-01-23","purchased_purges":1,"victory":false,"max_hp_per_floor":[80,80,80,80,80,80,80,80,80,80,80,80,80,80,80,80,80,83,83,83,83,83,83],"card_choices":[{"not_picked":["Wild Strike","Clothesline"],"picked":"Dual Wield","floor":1},{"not_picked":["Havoc","Flex"],"picked":"Second Wind","floor":2},{"not_picked":["Headbutt","Wild Strike","Perfected Strike"],"picked":"SKIP","floor":3},{"not_picked":["Wild Strike","Twin Strike"],"picked":"Metallicize","floor":4},{"not_picked":["Brutality","Armaments"],"picked":"Bandage Up","floor":5},{"not_picked":["Havoc","Headbutt"],"picked":"Flex","floor":6},{"not_picked":["Clash","Perfected Strike"],"picked":"Rampage","floor":7},{"not_picked":["Headbutt","Wild Strike"],"picked":"Sadistic Nature","floor":8},{"not_picked":["Enlightenment+1","Heavy Blade"],"picked":"Armaments+1","floor":10},{"not_picked":["Clothesline","Twin Strike"],"picked":"Flash of Steel","floor":11},{"not_picked":["Cleave","Swift Strike"],"picked":"Anger","floor":13},{"not_picked":["Bludgeon","Panache"],"picked":"Feed","floor":16},{"not_picked":["Headbutt","Carnage"],"picked":"Trip+1","floor":18},{"not_picked":["Perfected Strike+1","Hemokinesis"],"picked":"Havoc+1","floor":20},{"not_picked":["Headbutt+1","Pommel Strike"],"picked":"Metallicize","floor":21},{"not_picked":["Uppercut","Madness+1"],"picked":"Entrench+1","floor":22}],"player_experience":61389,"relics_obtained":[{"floor":9,"key":"Toxic Egg 2"},{"floor":11,"key":"Odd Mushroom"},{"floor":13,"key":"Ginger"}],"event_choices":[{"damage_healed":0,"gold_gain":0,"player_choice":"Fought Mushrooms","damage_taken":0,"max_hp_gain":0,"max_hp_loss":0,"event_name":"Mushrooms","floor":11,"gold_loss":0},{"damage_healed":0,"gold_gain":0,"player_choice":"Take Damage","damage_taken":20,"relics_obtained":["Golden Idol"],"max_hp_gain":0,"max_hp_loss":0,"event_name":"Golden Idol","floor":14,"gold_loss":0}],"is_beta":false,"boss_relics":[{"not_picked":["Empty Cage","Pandora\u0027s Box"],"picked":"Black Star"}],"items_purged_floors":[19],"is_endless":false,"potions_floor_spawned":[3,4,7,10,22],"killed_by":"Gremlin Leader","ascension_level":0}