{"gold_per_floor":[112,126,145,220,238,238,301,301,324,289,289],"floor_reached":11,"playtime":405,"items_purged":[],"score":146,"play_id":"65d2bddd-6ce3-4c18-9bad-09fe3df48ba6","local_time":"20190331233259","is_ascension_mode":true,"campfire_choices":[{"data":"Bouncing Flask","floor":6.0,"key":"SMITH"}],"neow_cost":"NONE","seed_source_timestamp":0,"circlet_count":0,"master_deck":["AscendersBane","Defend_G","Defend_G","Defend_G","Defend_G","Defend_G","Strike_G","Strike_G","Strike_G","Strike_G","Strike_G","Survivor","Neutralize","Cloak And Dagger","Bouncing Flask+1","Endless Agony"],"special_seed":0,"relics":["Ring of the Snake","Juzu Bracelet","Tiny Chest","Happy Flower"],"potions_floor_usage":[],"damage_taken":[{"damage":9.0,"enemies":"Jaw Worm","floor":1.0,"turns":7.0},{"damage":3.0,"enemies":"2 Louse","floor":2.0,"turns":4.0},{"damage":4.0,"enemies":"Small Slimes","floor":3.0,"turns":3.0},{"damage":0.0,"enemies":"Exordium Wildlife","floor":5.0,"turns":4.0},{"damage":16.0,"enemies":"Lagavulin","floor":7.0,"turns":6.0},{"damage":36,"enemies":"3 Sentries","floor":11,"turns":10}],"seed_played":"-2264140361600906542","potions_obtained":[],"is_trial":false,"path_per_floor":["M","M","M","?","M","R","E","?","T","?","E"],"character_chosen":"THE_SILENT","items_purchased":[],"campfire_rested":0,"item_purchase_floors":[],"current_hp_per_floor":[50,47,43,32,32,32,16,16,16,32,0],"gold":289,"neow_bonus":"RANDOM_COMMON_RELIC","is_prod":false,"is_daily":false,"chose_seed":true,"campfire_upgraded":1,"win_rate":0,"timestamp":1554046379,"path_taken":["M","M","M","?","M","R","E","?","T","?","E"],"build_version":"2019-03-15","purchased_purges":0,"victory":false,"max_hp_per_floor":[66,66,66,66,66,66,66,66,66,66,66],"card_choices":[{"not_picked":["Underhanded Strike","PiercingWail"],"picked":"Cloak And Dagger","floor":1.0},{"not_picked":["Sucker Punch","Expertise"],"picked":"Bouncing Flask","floor":2.0},{"not_picked":["Dagger Spray","Caltrops","Deadly Poison"],"picked":"SKIP","floor":3.0},{"not_picked":["Choke","Underhanded Strike","Acrobatics"],"picked":"SKIP","floor":5.0},{"not_picked":["Masterful Stab","Blade Dance"],"picked":"Endless Agony","floor":7.0}],"player_experience":1309021,"relics_obtained":[{"floor":7.0,"key":"Tiny Chest"},{"floor":9.0,"key":"Happy Flower"}],"event_choices":[{"damage_healed":0.0,"max_hp_gain":0.0,"max_hp_loss":0.0,"gold_gain":75.0,"event_name":"World of Goop","player_choice":"Gather Gold","floor":4.0,"gold_loss":0.0,"damage_taken":11.0},{"damage_healed":0.0,"max_hp_gain":0.0,"max_hp_loss":0.0,"gold_gain":0.0,"event_name":"Dead Adventurer","player_choice":"Searched \u00270\u0027 times","floor":8.0,"gold_loss":0.0,"damage_taken":0.0},{"damage_healed":16.0,"max_hp_gain":0.0,"max_hp_loss":0.0,"gold_gain":0.0,"event_name":"The Cleric","player_choice":"Healed","floor":10.0,"gold_loss":35.0,"damage_taken":0.0}],"is_beta":true,"boss_relics":[],"items_purged_floors":[],"is_endless":false,"potions_floor_spawned":[],"killed_by":"3 Sentries","ascension_level":20}