{"gold_per_floor":[119,136,148,148,166,166,192,77,159,159,59,92,21,41,41,112,162,179,179,195,214,19,19,69,86,140,160,160,160,160,160],"floor_reached":31,"playtime":1062,"items_purged":["Defend_R"],"score":432,"play_id":"428270b7-9e48-44c2-9929-d10c35704ada","local_time":"25611115133726","is_ascension_mode":true,"campfire_choices":[{"data":"Armaments","floor":6,"key":"SMITH"},{"floor":10,"key":"REST"},{"data":"Shockwave","floor":15,"key":"SMITH"},{"floor":23,"key":"REST"},{"floor":28,"key":"REST"}],"neow_cost":"NONE","seed_source_timestamp":12809078974139,"circlet_count":0,"master_deck":["AscendersBane","Strike_R","Strike_R+1","Strike_R","Defend_R","Defend_R","Defend_R","Bash","Flame Barrier","Armaments+1","True Grit","Inflame","Shockwave+1","Uppercut","Immolate","Fire Breathing+1"],"relics":["Burning Blood","Lantern","Du-Vu Doll","Shuriken","Smiling Mask","Tiny House","Strange Spoon","Tiny Chest","CultistMask"],"potions_floor_usage":[7,7,12,16,20,27,27,30],"damage_taken":[{"damage":7,"enemies":"Jaw Worm","floor":1,"turns":4},{"damage":1,"enemies":"Cultist","floor":2,"turns":3},{"damage":1,"enemies":"Small Slimes","floor":3,"turns":5},{"damage":19,"enemies":"Exordium Thugs","floor":5,"turns":8},{"damage":52,"enemies":"Lagavulin","floor":7,"turns":10},{"damage":2,"enemies":"3 Sentries","floor":12,"turns":7},{"damage":0,"enemies":"2 Fungi Beasts","floor":14,"turns":4},{"damage":35,"enemies":"The Guardian","floor":16,"turns":14},{"damage":12,"enemies":"Chosen","floor":18,"turns":5},{"damage":19,"enemies":"Spheric Guardian","floor":20,"turns":4},{"damage":28,"enemies":"Cultist and Chosen","floor":21,"turns":7},{"damage":47,"enemies":"Sentry and Sphere","floor":25,"turns":6},{"damage":4,"enemies":"Centurion and Healer","floor":27,"turns":6},{"damage":0,"enemies":"Snecko","floor":30,"turns":2},{"damage":44,"enemies":"Sentry and Sphere","floor":31,"turns":5}],"seed_played":"1075930834923887741","potions_obtained":[{"floor":1,"key":"Ancient Potion"},{"floor":3,"key":"Regen Potion"},{"floor":12,"key":"Ancient Potion"},{"floor":16,"key":"SteroidPotion"},{"floor":18,"key":"SkillPotion"},{"floor":25,"key":"Ancient Potion"},{"floor":27,"key":"SmokeBomb"}],"is_trial":false,"path_per_floor":["M","M","M","?","M","R","E","$","T","R","$","E","$","M","R","B",null,"M","?","M","M","$","R","?","M","T","M","R","?","M","M"],"character_chosen":"IRONCLAD","items_purchased":["Inflame","FearPotion","AttackPotion","Uppercut","Strange Spoon"],"campfire_rested":3,"item_purchase_floors":[8,11,11,13,22],"current_hp_per_floor":[67,72,75,75,62,62,31,31,31,53,53,57,57,63,63,34,70,64,64,51,29,29,53,53,12,12,14,38,38,44,0],"gold":160,"neow_bonus":"RANDOM_COMMON_RELIC","is_prod":false,"is_daily":false,"chose_seed":false,"campfire_upgraded":2,"win_rate":0,"timestamp":1542263846,"path_taken":["M","M","M","?","M","R","E","$","T","R","$","E","?","M","R","BOSS","M","?","?","M","$","R","?","M","T","M","R","?","?","M"],"build_version":"2018-11-08","purchased_purges":1,"victory":false,"max_hp_per_floor":[75,75,75,75,75,75,75,75,75,75,75,75,75,75,75,75,80,80,80,80,80,80,80,80,80,80,80,80,80,80,80],"card_choices":[{"not_picked":["True Grit","Corruption"],"picked":"Flame Barrier","floor":1},{"not_picked":["Sever Soul","Wild Strike","Flex"],"picked":"SKIP","floor":2},{"not_picked":["Havoc","Clothesline"],"picked":"Armaments","floor":3},{"not_picked":["Clash","Disarm"],"picked":"True Grit","floor":5},{"not_picked":["Entrench","Sword Boomerang","Pommel Strike"],"picked":"SKIP","floor":7},{"not_picked":["Dropkick","Feed"],"picked":"Shockwave","floor":12},{"not_picked":["Sword Boomerang","True Grit","Headbutt"],"picked":"SKIP","floor":14},{"not_picked":["Feed","Exhume"],"picked":"Immolate","floor":16},{"not_picked":["Iron Wave","Perfected Strike","Havoc+1"],"picked":"SKIP","floor":18},{"not_picked":["Hemokinesis","Iron Wave"],"picked":"Fire Breathing+1","floor":20},{"not_picked":["Twin Strike","Clothesline","Heavy Blade"],"picked":"SKIP","floor":21},{"not_picked":["Searing Blow","True Grit","Pummel"],"picked":"SKIP","floor":25},{"not_picked":["Cleave","Thunderclap","Sword Boomerang"],"picked":"SKIP","floor":27}],"player_experience":140418,"relics_obtained":[{"floor":7,"key":"Du-Vu Doll"},{"floor":9,"key":"Shuriken"},{"floor":12,"key":"Smiling Mask"},{"floor":26,"key":"Tiny Chest"}],"event_choices":[{"cards_removed":["Strike_R"],"damage_healed":0,"gold_gain":0,"player_choice":"Purged","damage_taken":0,"max_hp_gain":0,"max_hp_loss":0,"event_name":"Purifier","floor":4,"gold_loss":0},{"cards_removed":["Strike_R"],"damage_healed":0,"gold_gain":0,"player_choice":"Purged","damage_taken":0,"max_hp_gain":0,"max_hp_loss":0,"event_name":"Purifier","floor":19,"gold_loss":0},{"damage_healed":0,"gold_gain":50,"player_choice":"Stole From Cult","damage_taken":0,"max_hp_gain":0,"max_hp_loss":0,"event_name":"Nest","floor":24,"gold_loss":0},{"damage_healed":0,"gold_gain":0,"player_choice":"Trade","damage_taken":0,"relics_obtained":["CultistMask"],"max_hp_gain":0,"max_hp_loss":0,"event_name":"FaceTrader","floor":29,"gold_loss":0}],"is_beta":false,"boss_relics":[{"not_picked":["Runic Dome","Velvet Choker"],"picked":"Tiny House"}],"items_purged_floors":[8],"is_endless":false,"potions_floor_spawned":[1,3,12,16,18,25,27,30],"killed_by":"Sentry and Sphere","ascension_level":15}