{"gold_per_floor":[119,133,151,18,31,57,57,83,83,109,109,129,129,204,204,298,298,311,128,128,148,171,171,206,206,206,240,155,186,209,230,230,323,323,342,342,356,356,152,196,196,236,236,276,299,320,320,320,320,320,320],"floor_reached":52,"playtime":2162,"items_purged":["Quick Slash","Well Laid Plans","Deadly Poison"],"score":2932,"play_id":"f0227787-153a-4968-85c9-292259772df7","local_time":"20181202010444","daily_mods":["SealedDeck","Vintage","Heirloom","Elite Swarm","Terminal","Uncertain Future"],"is_ascension_mode":true,"campfire_choices":[{"data":"Noxious Fumes","floor":7,"key":"SMITH"},{"data":"Tactician","floor":11,"key":"SMITH"},{"data":"Prepared","floor":15,"key":"SMITH"},{"data":"Tools of the Trade","floor":23,"key":"SMITH"},{"data":"Deflect","floor":25,"key":"SMITH"},{"data":"Bouncing Flask","floor":32,"key":"SMITH"},{"data":"Impatience","floor":41,"key":"SMITH"},{"data":"Concentrate","floor":47,"key":"SMITH"},{"data":"Night Terror","floor":49,"key":"SMITH"}],"neow_cost":"","seed_source_timestamp":0,"circlet_count":0,"master_deck":["AscendersBane","Slice","Cloak And Dagger","Noxious Fumes+1","Deflect+1","Backflip","Bouncing Flask+1","Tactician+1","Prepared+1","Tools of the Trade+1","Grand Finale+1","Expertise+1","Night Terror+1","Finesse","Impatience+1","Concentrate+1","Adrenaline"],"relics":["Ring of the Snake","StoneCalendar","Singing Bowl","Pen Nib","Mummified Hand","Art of War","Molten Egg 2","Matryoshka","Dream Catcher","Meat on the Bone","Blue Candle","Odd Mushroom","Golden Idol","Runic Pyramid","Shuriken","Ornamental Fan","Pear","Unceasing Top","Snake Skull","Kunai","Turnip","Ancient Tea Set","Ginger","Lantern","Ninja Scroll","Sozu","Vajra","Pantograph","Boot","Bronze Scales","Blood Vial","Letter Opener","The Courier","Strawberry"],"potions_floor_usage":[8,16,27,42],"damage_taken":[{"damage":0,"enemies":"Small Slimes","floor":1,"turns":3},{"damage":2,"enemies":"2 Louse","floor":2,"turns":2},{"damage":0,"enemies":"Cultist","floor":3,"turns":3},{"damage":0,"enemies":"Blue Slaver","floor":5,"turns":3},{"damage":12,"enemies":"Lagavulin","floor":6,"turns":4},{"damage":6,"enemies":"Gremlin Nob","floor":8,"turns":3},{"damage":0,"enemies":"Lagavulin","floor":10,"turns":4},{"damage":2,"enemies":"The Mushroom Lair","floor":12,"turns":3},{"damage":0,"enemies":"Slime Boss","floor":16,"turns":5},{"damage":0,"enemies":"Chosen","floor":18,"turns":3},{"damage":2,"enemies":"3 Byrds","floor":21,"turns":2},{"damage":0,"enemies":"3 Cultists","floor":22,"turns":1},{"damage":0,"enemies":"Gremlin Leader","floor":24,"turns":1},{"damage":0,"enemies":"Book of Stabbing","floor":27,"turns":2},{"damage":0,"enemies":"Slavers","floor":29,"turns":1},{"damage":9,"enemies":"Shelled Parasite and Fungi","floor":30,"turns":2},{"damage":1,"enemies":"Snake Plant","floor":31,"turns":2},{"damage":0,"enemies":"Champ","floor":33,"turns":4},{"damage":0,"enemies":"Orb Walker","floor":35,"turns":2},{"damage":0,"enemies":"3 Darklings","floor":37,"turns":1},{"damage":0,"enemies":"Giant Head","floor":40,"turns":2},{"damage":1,"enemies":"Nemesis","floor":42,"turns":3},{"damage":0,"enemies":"Reptomancer","floor":44,"turns":1},{"damage":0,"enemies":"Maw","floor":45,"turns":2},{"damage":0,"enemies":"Transient","floor":46,"turns":6},{"damage":0,"enemies":"Awakened One","floor":50,"turns":3},{"damage":37,"enemies":"Time Eater","floor":51,"turns":6}],"seed_played":"-6698467474738754873","potions_obtained":[{"floor":2,"key":"PowerPotion"},{"floor":10,"key":"GamblersBrew"},{"floor":12,"key":"GhostInAJar"},{"floor":16,"key":"PowerPotion"}],"is_trial":true,"path_per_floor":["M","M","M","$","M","E","R","E","T","E","R","?","?","?","R","B",null,"M","$","?","M","M","R","E","R","T","E","?","E","M","M","R","B",null,"M","?","M","?","$","E","R","E","T","E","M","M","R","?","R","B","B",null],"character_chosen":"THE_SILENT","items_purchased":["Prepared","Expertise","Concentrate"],"campfire_rested":0,"item_purchase_floors":[4,19,39],"current_hp_per_floor":[59,57,57,57,57,45,45,41,41,41,41,41,22,11,11,25,48,48,48,48,46,56,56,58,58,57,56,55,56,47,46,46,48,53,52,48,47,39,39,41,41,40,40,44,45,51,50,49,48,47,22],"gold":320,"neow_bonus":"","is_prod":false,"is_daily":false,"chose_seed":false,"campfire_upgraded":9,"win_rate":0,"timestamp":1543683884,"path_taken":["M","M","M","$","M","E","R","E","T","E","R","?","?","?","R","BOSS","M","$","?","?","M","R","E","R","T","E","?","E","M","M","R","BOSS","M","?","M","?","$","E","R","E","T","E","M","M","R","?","R","BOSS","BOSS"],"build_version":"2018-11-15","purchased_purges":3,"victory":true,"max_hp_per_floor":[64,63,62,61,60,59,58,59,58,57,56,57,56,55,54,55,54,53,52,51,50,59,58,59,58,57,56,55,56,55,54,53,54,53,52,48,47,48,47,48,47,46,45,46,45,51,50,49,48,47,46],"card_choices":[{"not_picked":["Bullet Time","Night Terror"],"picked":"Tools of the Trade","floor":6},{"not_picked":["Wraith Form v2","Storm of Steel","Doppelganger"],"picked":"Singing Bowl","floor":8},{"not_picked":["A Thousand Cuts","Wraith Form v2"],"picked":"Grand Finale+1","floor":10},{"not_picked":["Outmaneuver","Deadly Poison","Endless Agony+1"],"picked":"Singing Bowl","floor":12},{"not_picked":["Wraith Form v2","After Image","Grand Finale+1"],"picked":"Singing Bowl","floor":16},{"not_picked":["Tools of the Trade","After Image","Envenom"],"picked":"Singing Bowl","floor":24},{"not_picked":["Venomology","Tools of the Trade"],"picked":"Night Terror","floor":27},{"not_picked":["Tools of the Trade","A Thousand Cuts","Die Die Die+1"],"picked":"Singing Bowl","floor":29},{"not_picked":["Grand Finale+1","Wraith Form v2","Malaise"],"picked":"Singing Bowl","floor":33},{"not_picked":["Deep Breath","Swift Strike+1"],"picked":"Finesse","floor":38},{"not_picked":["Transmutation","Dramatic Entrance+1"],"picked":"Impatience","floor":38},{"not_picked":["The Bomb","Metamorphosis","PanicButton"],"picked":"Singing Bowl","floor":38},{"not_picked":["Night Terror","Envenom","Venomology"],"picked":"Singing Bowl","floor":40},{"not_picked":["After Image","A Thousand Cuts"],"picked":"Adrenaline","floor":42},{"not_picked":["Burst","Phantasmal Killer","Glass Knife+1"],"picked":"Singing Bowl","floor":44}],"player_experience":2254449,"relics_obtained":[{"floor":1,"key":"Singing Bowl"},{"floor":2,"key":"Pen Nib"},{"floor":3,"key":"Mummified Hand"},{"floor":5,"key":"Art of War"},{"floor":6,"key":"Molten Egg 2"},{"floor":8,"key":"Matryoshka"},{"floor":9,"key":"Dream Catcher"},{"floor":9,"key":"Meat on the Bone"},{"floor":10,"key":"Blue Candle"},{"floor":12,"key":"Odd Mushroom"},{"floor":18,"key":"Shuriken"},{"floor":21,"key":"Ornamental Fan"},{"floor":22,"key":"Pear"},{"floor":24,"key":"Unceasing Top"},{"floor":26,"key":"Snake Skull"},{"floor":26,"key":"Kunai"},{"floor":27,"key":"Turnip"},{"floor":29,"key":"Ginger"},{"floor":30,"key":"Lantern"},{"floor":31,"key":"Ninja Scroll"},{"floor":35,"key":"Vajra"},{"floor":37,"key":"Pantograph"},{"floor":40,"key":"Boot"},{"floor":42,"key":"Bronze Scales"},{"floor":43,"key":"Blood Vial"},{"floor":44,"key":"Letter Opener"},{"floor":45,"key":"The Courier"},{"floor":46,"key":"Strawberry"}],"event_choices":[{"damage_healed":0,"gold_gain":0,"player_choice":"Fought Mushrooms","damage_taken":0,"max_hp_gain":0,"max_hp_loss":0,"event_name":"Mushrooms","floor":12,"gold_loss":0},{"damage_healed":0,"gold_gain":0,"player_choice":"Take Damage","damage_taken":19,"relics_obtained":["Golden Idol"],"max_hp_gain":0,"max_hp_loss":0,"event_name":"Golden Idol","floor":13,"gold_loss":0},{"damage_healed":0,"gold_gain":75,"player_choice":"Gather Gold","damage_taken":11,"max_hp_gain":0,"max_hp_loss":0,"event_name":"World of Goop","floor":14,"gold_loss":0},{"damage_healed":0,"gold_gain":0,"player_choice":"Forge","damage_taken":0,"max_hp_gain":0,"max_hp_loss":0,"event_name":"Accursed Blacksmith","floor":20,"gold_loss":0,"cards_upgraded":["Expertise"]},{"damage_healed":0,"gold_gain":0,"player_choice":"Obtained Relic","damage_taken":0,"relics_obtained":["Ancient Tea Set"],"max_hp_gain":0,"max_hp_loss":0,"event_name":"Addict","floor":28,"gold_loss":85},{"damage_healed":0,"gold_gain":0,"player_choice":"Max HP","damage_taken":0,"max_hp_gain":0,"max_hp_loss":3,"event_name":"Winding Halls","floor":36,"gold_loss":0},{"damage_healed":0,"gold_gain":0,"player_choice":"Memory 3","damage_taken":10,"max_hp_gain":0,"max_hp_loss":0,"event_name":"SensoryStone","floor":38,"gold_loss":0},{"damage_healed":0,"gold_gain":0,"player_choice":"Ignored","damage_taken":0,"max_hp_gain":0,"max_hp_loss":0,"event_name":"The Moai Head","floor":48,"gold_loss":0}],"is_beta":false,"boss_relics":[{"not_picked":["Calling Bell","Philosopher\u0027s Stone"],"picked":"Runic Pyramid"},{"not_picked":["Astrolabe","Lizard Tail"],"picked":"Sozu"}],"items_purged_floors":[4,19,39],"is_endless":false,"potions_floor_spawned":[2,10,12,16,18,22,24,35,40,42,46],"ascension_level":20}