{"gold_per_floor":[110,128,128,147,163,163,198,198,280,313,313,313,324,344,344,446,446,427,443,443,443,443],"floor_reached":22,"playtime":1466,"items_purged":[],"score":235,"play_id":"62ce0d12-2fc4-49cc-8b09-e9a1aff0ee2e","local_time":"20190506155720","is_ascension_mode":true,"campfire_choices":[{"data":"Dodge and Roll","floor":6,"key":"SMITH"},{"data":"Dodge and Roll","floor":8,"key":"SMITH"},{"floor":15,"key":"REST"}],"neow_cost":"NONE","seed_source_timestamp":978481111463910,"circlet_count":0,"master_deck":["Defend_G","Defend_G","Defend_G","Defend_G","Defend_G","Strike_G","Strike_G","Strike_G","Strike_G","Survivor","Neutralize+1","Infinite Blades","Dodge and Roll+1","Dodge and Roll+1","Adrenaline","Backflip","Footwork"],"relics":["Ring of the Snake","Pocketwatch","Shuriken","Omamori","WristBlade","Pen Nib","Turnip"],"potions_floor_usage":[10,10,10,19,22,22],"damage_taken":[{"damage":2,"enemies":"Cultist","floor":1,"turns":4},{"damage":0,"enemies":"2 Louse","floor":2,"turns":3},{"damage":0,"enemies":"Small Slimes","floor":4,"turns":5},{"damage":5,"enemies":"Exordium Wildlife","floor":5,"turns":6},{"damage":35,"enemies":"3 Sentries","floor":7,"turns":16},{"damage":1,"enemies":"Gremlin Nob","floor":10,"turns":3},{"damage":0,"enemies":"Looter","floor":13,"turns":4},{"damage":0,"enemies":"2 Fungi Beasts","floor":14,"turns":4},{"damage":15,"enemies":"The Guardian","floor":16,"turns":16},{"damage":13,"enemies":"2 Thieves","floor":18,"turns":4},{"damage":37,"enemies":"Spheric Guardian","floor":19,"turns":8},{"damage":40,"enemies":"3 Cultists","floor":22,"turns":6}],"seed_played":"7192118695354250969","potions_obtained":[{"floor":1,"key":"FearPotion"},{"floor":4,"key":"Strength Potion"},{"floor":5,"key":"Poison Potion"},{"floor":14,"key":"Swift Potion"},{"floor":16,"key":"Fruit Juice"},{"floor":18,"key":"Poison Potion"},{"floor":19,"key":"SneckoOil"}],"is_trial":false,"path_per_floor":["M","M","?","M","M","R","E","R","T","E","?","?","M","M","R","B",null,"M","M","?","?","M"],"character_chosen":"THE_SILENT","items_purchased":[],"campfire_rested":1,"item_purchase_floors":[],"current_hp_per_floor":[75,75,75,75,70,70,35,35,35,34,34,34,34,34,57,42,77,64,27,27,27,0],"gold":443,"neow_bonus":"TEN_PERCENT_HP_BONUS","is_prod":false,"is_daily":false,"chose_seed":false,"campfire_upgraded":2,"win_rate":0,"timestamp":1557151040,"path_taken":["M","?","?","M","?","R","E","R","T","E","?","?","M","?","R","BOSS","M","M","?","?","?"],"build_version":"2019-01-23","purchased_purges":0,"victory":false,"max_hp_per_floor":[77,77,77,77,77,77,77,77,77,77,77,77,77,77,77,77,77,77,77,77,77,82],"card_choices":[{"not_picked":["Accuracy","PiercingWail"],"picked":"Infinite Blades","floor":1},{"not_picked":["Blade Dance","PiercingWail"],"picked":"Dodge and Roll","floor":2},{"not_picked":["Dagger Spray","Tactician","Concentrate"],"picked":"SKIP","floor":4},{"not_picked":["Crippling Poison","Prepared"],"picked":"Dodge and Roll","floor":5},{"not_picked":["PiercingWail","Eviscerate","Dagger Throw"],"picked":"SKIP","floor":7},{"not_picked":["Heel Hook","Slice"],"picked":"Adrenaline","floor":10},{"not_picked":["Dagger Throw","Acrobatics"],"picked":"Backflip","floor":13},{"not_picked":["Eviscerate","Quick Slash","Dagger Throw"],"picked":"SKIP","floor":14},{"not_picked":["Sucker Punch","Dash"],"picked":"Footwork","floor":18},{"not_picked":["Sucker Punch","Dodge and Roll","Acrobatics"],"picked":"SKIP","floor":19}],"player_experience":158842,"relics_obtained":[{"floor":7,"key":"Pocketwatch"},{"floor":9,"key":"Shuriken"},{"floor":10,"key":"Omamori"}],"event_choices":[{"damage_healed":0,"gold_gain":0,"player_choice":"Upgraded","damage_taken":0,"max_hp_gain":0,"max_hp_loss":0,"event_name":"Upgrade Shrine","floor":3,"gold_loss":0,"cards_upgraded":["Neutralize"]},{"damage_healed":0,"gold_gain":0,"player_choice":"Ignored","damage_taken":0,"max_hp_gain":0,"max_hp_loss":0,"event_name":"Shining Light","floor":11,"gold_loss":0},{"cards_removed":["Strike_G"],"damage_healed":0,"gold_gain":0,"player_choice":"Forget","damage_taken":0,"max_hp_gain":0,"max_hp_loss":0,"event_name":"Living Wall","floor":12,"gold_loss":0},{"damage_healed":0,"gold_gain":0,"player_choice":"Opened","damage_taken":0,"relics_obtained":["Pen Nib"],"max_hp_gain":0,"max_hp_loss":0,"event_name":"The Mausoleum","floor":20,"gold_loss":0,"cards_obtained":["Writhe"]},{"damage_healed":0,"gold_gain":0,"player_choice":"Gave Potion","damage_taken":0,"relics_obtained":["Turnip"],"max_hp_gain":0,"max_hp_loss":0,"event_name":"WeMeetAgain","floor":21,"gold_loss":0}],"is_beta":false,"boss_relics":[{"not_picked":["Tiny House","Coffee Dripper"],"picked":"WristBlade"}],"items_purged_floors":[],"is_endless":false,"potions_floor_spawned":[1,4,5,14,16,18,19],"killed_by":"3 Cultists","ascension_level":4}