{"gold_per_floor":[119,131,56,131,131,159,159,188,188,188,205,45,45,75,75,149,149,161,261,271,288,358,358,384,464,464,483,511,511,511,531,531,608,608,623,1622,610,627,577,595,595,627,673,673,723,751,751,786,786,786,786,786,786,2,29,29],"floor_reached":57,"playtime":2878,"items_purged":["Normality","Normality","Sword Boomerang"],"score":3459,"play_id":"f22e8916-3517-4d7f-a2db-1d5fcbd1dad0","local_time":"20190412125004","is_ascension_mode":true,"campfire_choices":[{"data":"Armaments","floor":7.0,"key":"SMITH"},{"data":"Flex","floor":10.0,"key":"SMITH"},{"data":"Pommel Strike","floor":13.0,"key":"SMITH"},{"data":"Bash","floor":15.0,"key":"SMITH"},{"floor":23.0,"key":"REST"},{"data":"Dual Wield","floor":30.0,"key":"SMITH"},{"floor":32.0,"key":"REST"},{"data":"Offering","floor":41.0,"key":"SMITH"},{"floor":49.0,"key":"RECALL"},{"data":"Feel No Pain","floor":53.0,"key":"SMITH"}],"neow_cost":"PERCENT_DAMAGE","seed_source_timestamp":0,"circlet_count":0,"master_deck":["AscendersBane","Defend_R","Defend_R","Defend_R","Defend_R","Bash+1","Impervious","Flex+1","Pommel Strike+1","Armaments+1","Shrug It Off","Offering+1","Immolate","Second Wind","Dual Wield+1","True Grit+1","Feel No Pain+1","Power Through+1"],"special_seed":0,"relics":["Burning Blood","Ornamental Fan","Pear","Mercury Hourglass","Bag of Preparation","Smiling Mask","White Beast Statue","Ice Cream","The Courier","Bottled Lightning","Bird Faced Urn","Darkstone Periapt","Gremlin Horn","Sozu","Sundial","ClockworkSouvenir","Meat on the Bone","Anchor","Charon\u0027s Ashes","Singing Bowl","Vajra","Shovel","Mango","Ancient Tea Set","Boot","Paper Frog","Sling","Bottled Tornado","Art of War"],"potions_floor_usage":[56],"damage_taken":[{"damage":2.0,"enemies":"Jaw Worm","floor":1.0,"turns":6.0},{"damage":0.0,"enemies":"2 Louse","floor":2.0,"turns":4.0},{"damage":32.0,"enemies":"Gremlin Nob","floor":6.0,"turns":4.0},{"damage":10.0,"enemies":"Lagavulin","floor":8.0,"turns":7.0},{"damage":0.0,"enemies":"Small Slimes","floor":11.0,"turns":3.0},{"damage":11.0,"enemies":"Gremlin Nob","floor":14.0,"turns":4.0},{"damage":12.0,"enemies":"Hexaghost","floor":16.0,"turns":9.0},{"damage":6.0,"enemies":"Spheric Guardian","floor":18.0,"turns":3.0},{"damage":32.0,"enemies":"Colosseum Slavers","floor":19.0,"turns":4.0},{"damage":30.0,"enemies":"Colosseum Nobs","floor":19.0,"turns":6.0},{"damage":0.0,"enemies":"Chosen","floor":20.0,"turns":3.0},{"damage":17.0,"enemies":"Sentry and Sphere","floor":21.0,"turns":4.0},{"damage":27.0,"enemies":"Slavers","floor":24.0,"turns":3.0},{"damage":0.0,"enemies":"Snake Plant","floor":27.0,"turns":4.0},{"damage":6.0,"enemies":"Gremlin Leader","floor":28.0,"turns":5.0},{"damage":9.0,"enemies":"Centurion and Healer","floor":31.0,"turns":6.0},{"damage":19.0,"enemies":"Collector","floor":33.0,"turns":17.0},{"damage":6.0,"enemies":"Orb Walker","floor":35.0,"turns":3.0},{"damage":6.0,"enemies":"3 Darklings","floor":38.0,"turns":1.0},{"damage":10.0,"enemies":"Spire Growth","floor":40.0,"turns":5.0},{"damage":6.0,"enemies":"Nemesis","floor":42.0,"turns":3.0},{"damage":13.0,"enemies":"2 Orb Walkers","floor":45.0,"turns":3.0},{"damage":6.0,"enemies":"Giant Head","floor":46.0,"turns":5.0},{"damage":6.0,"enemies":"Reptomancer","floor":48.0,"turns":3.0},{"damage":6.0,"enemies":"Donu and Deca","floor":50.0,"turns":5.0},{"damage":6.0,"enemies":"Time Eater","floor":51.0,"turns":15.0},{"damage":6.0,"enemies":"Shield and Spear","floor":55.0,"turns":5.0},{"damage":29,"enemies":"The Heart","floor":56,"turns":11}],"seed_played":"-6026655395707445199","potions_obtained":[{"floor":6.0,"key":"PowerPotion"},{"floor":14.0,"key":"FearPotion"},{"floor":16.0,"key":"Ancient Potion"},{"floor":18.0,"key":"Dexterity Potion"},{"floor":20.0,"key":"LiquidBronze"},{"floor":21.0,"key":"SteroidPotion"},{"floor":24.0,"key":"Energy Potion"},{"floor":27.0,"key":"Fire Potion"},{"floor":28.0,"key":"FearPotion"},{"floor":33.0,"key":"Dexterity Potion"}],"is_trial":false,"path_per_floor":["M","M","?","?","?","E","R","E","T","R","M","$","R","E","R","B",null,"M","?","M","M","T","R","E","T","T","M","E","?","R","M","R","B",null,"M","?","$","M","$","M","R","E","T","?","?","E","?","E","R","B","B",null,"R","$","E","B",null],"character_chosen":"IRONCLAD","items_purchased":["Bag of Preparation","Sundial","ClockworkSouvenir","Meat on the Bone","Anchor","Charon\u0027s Ashes","Boot","Paper Frog","Sling","Bottled Tornado"],"campfire_rested":2,"item_purchase_floors":[12,37,37,37,37,37,54,54,54,54],"current_hp_per_floor":[54,60,60,49,42,16,16,22,22,22,28,28,28,23,23,17,68,68,18,24,13,13,38,17,17,17,23,23,23,23,22,47,38,73,75,87,87,87,87,85,85,89,89,89,86,104,104,108,108,110,113,113,113,113,115,102],"gold":29,"neow_bonus":"TRANSFORM_TWO_CARDS","is_prod":false,"is_daily":false,"chose_seed":false,"campfire_upgraded":7,"win_rate":0,"timestamp":1555044604,"path_taken":["M","M","?","?","?","E","R","E","T","R","M","$","R","E","R","BOSS","M","?","M","M","?","R","E","?","T","M","E","?","R","M","R","BOSS","M","?","$","M","$","M","R","E","T","?","?","E","?","E","R","BOSS","BOSS","R","$","E","BOSS"],"build_version":"2019-01-23","purchased_purges":3,"victory":true,"max_hp_per_floor":[75,75,75,75,75,75,75,85,85,85,85,85,85,85,85,85,85,85,85,85,85,85,85,85,85,85,85,85,85,85,85,85,85,85,85,97,97,97,97,97,97,99,99,99,101,117,111,113,113,113,113,113,113,113,115,115],"card_choices":[{"not_picked":["Pommel Strike","Twin Strike"],"picked":"Flex","floor":1.0},{"not_picked":["Iron Wave","Headbutt"],"picked":"Pommel Strike","floor":2.0},{"not_picked":["Carnage","Shockwave"],"picked":"Armaments","floor":6.0},{"not_picked":["Flex","Armaments"],"picked":"Shrug It Off","floor":8.0},{"not_picked":["Flame Barrier","Clothesline","Hemokinesis"],"picked":"SKIP","floor":11.0},{"not_picked":["Flame Barrier","Clothesline","Hemokinesis"],"picked":"SKIP","floor":11.0},{"not_picked":["Iron Wave","Infernal Blade"],"picked":"Offering","floor":14.0},{"not_picked":["Dark Embrace","Double Tap"],"picked":"Immolate","floor":16.0},{"not_picked":["Burning Pact","Infernal Blade"],"picked":"Second Wind","floor":18.0},{"not_picked":["Pummel","Headbutt"],"picked":"Dual Wield","floor":19.0},{"not_picked":["Rupture","Rage"],"picked":"True Grit+1","floor":20.0},{"not_picked":["Iron Wave","Pummel"],"picked":"Sword Boomerang","floor":21.0},{"not_picked":["Armaments","Double Tap","Intimidate"],"picked":"SKIP","floor":24.0},{"not_picked":["Anger+1","Rampage","Heavy Blade"],"picked":"SKIP","floor":27.0},{"not_picked":["Flame Barrier","Rupture"],"picked":"Feel No Pain","floor":28.0},{"not_picked":["Headbutt","Havoc"],"picked":"Power Through+1","floor":31.0},{"not_picked":["Disarm","Rupture","Searing Blow"],"picked":"SKIP","floor":35.0},{"not_picked":["Flex+1","Clash","Heavy Blade"],"picked":"SKIP","floor":38.0},{"not_picked":["Headbutt","True Grit","Iron Wave+1"],"picked":"SKIP","floor":40.0},{"not_picked":["Warcry","Spot Weakness","Exhume"],"picked":"Singing Bowl","floor":42.0},{"not_picked":["Disarm","Shrug It Off","Flex"],"picked":"Singing Bowl","floor":45.0},{"not_picked":["Battle Trance","Body Slam","Heavy Blade"],"picked":"Singing Bowl","floor":46.0},{"not_picked":["Bludgeon","Wild Strike","Reckless Charge"],"picked":"Singing Bowl","floor":48.0},{"not_picked":["Wild Strike+1","Pommel Strike","Headbutt"],"picked":"Singing Bowl","floor":55.0}],"player_experience":2956383,"relics_obtained":[{"floor":6.0,"key":"Ornamental Fan"},{"floor":8.0,"key":"Pear"},{"floor":9.0,"key":"Mercury Hourglass"},{"floor":14.0,"key":"Smiling Mask"},{"floor":19.0,"key":"Ice Cream"},{"floor":19.0,"key":"The Courier"},{"floor":22.0,"key":"Bottled Lightning"},{"floor":24.0,"key":"Bird Faced Urn"},{"floor":25.0,"key":"Darkstone Periapt"},{"floor":28.0,"key":"Gremlin Horn"},{"floor":42.0,"key":"Singing Bowl"},{"floor":43.0,"key":"Vajra"},{"floor":45.0,"key":"Shovel"},{"floor":46.0,"key":"Mango"},{"floor":48.0,"key":"Ancient Tea Set"},{"floor":55.0,"key":"Art of War"}],"event_choices":[{"cards_removed":["Strike_R"],"damage_healed":0.0,"max_hp_gain":0.0,"max_hp_loss":0.0,"gold_gain":0.0,"event_name":"The Cleric","player_choice":"Card Removal","floor":3.0,"gold_loss":75.0,"damage_taken":0.0},{"damage_healed":0.0,"max_hp_gain":0.0,"max_hp_loss":0.0,"gold_gain":75.0,"event_name":"World of Goop","player_choice":"Gather Gold","floor":4.0,"gold_loss":0.0,"damage_taken":11.0},{"cards_removed":["Strike_R"],"damage_healed":0.0,"max_hp_gain":0.0,"max_hp_loss":0.0,"gold_gain":0.0,"event_name":"Golden Wing","player_choice":"Card Removal","floor":5.0,"gold_loss":0.0,"damage_taken":7.0},{"damage_healed":0.0,"max_hp_gain":0.0,"max_hp_loss":0.0,"gold_gain":0.0,"event_name":"Colosseum","player_choice":"Fight","floor":19.0,"gold_loss":0.0,"damage_taken":0.0},{"damage_healed":0.0,"max_hp_gain":0.0,"max_hp_loss":0.0,"gold_gain":0.0,"event_name":"Colosseum","player_choice":"Fought Nobs","floor":19.0,"gold_loss":0.0,"damage_taken":0.0},{"cards_removed":["Strike_R"],"damage_healed":0.0,"max_hp_gain":0.0,"max_hp_loss":0.0,"gold_gain":0.0,"event_name":"Back to Basics","player_choice":"Elegance","floor":29.0,"gold_loss":0.0,"damage_taken":0.0},{"damage_healed":0.0,"max_hp_gain":0.0,"max_hp_loss":0.0,"gold_gain":999.0,"event_name":"MindBloom","player_choice":"Gold","floor":36.0,"gold_loss":0.0,"damage_taken":0.0,"cards_obtained":["Normality","Normality"]},{"cards_removed":["Headbutt"],"damage_healed":0.0,"max_hp_gain":0.0,"max_hp_loss":0.0,"gold_gain":0.0,"event_name":"Falling","player_choice":"Removed Attack","floor":44.0,"gold_loss":0.0,"damage_taken":0.0},{"damage_healed":0.0,"max_hp_gain":0.0,"max_hp_loss":0.0,"gold_gain":0.0,"event_name":"Mysterious Sphere","player_choice":"Fight","floor":45.0,"gold_loss":0.0,"damage_taken":0.0},{"damage_healed":0.0,"max_hp_gain":0.0,"max_hp_loss":6.0,"gold_gain":0.0,"event_name":"Winding Halls","player_choice":"Max HP","floor":47.0,"gold_loss":0.0,"damage_taken":0.0}],"is_beta":false,"boss_relics":[{"not_picked":["Eternal Feather","Velvet Choker"],"picked":"White Beast Statue"},{"not_picked":["Astrolabe","Calling Bell"],"picked":"Sozu"}],"items_purged_floors":[37,39,54],"is_endless":false,"potions_floor_spawned":[6,14,16,18,19,19,20,21,24,27,28,31,33,35,38,40,42,45,46,48,55],"ascension_level":20}