{"gold_per_floor":[119,135,46,0,0,0,20,40,63,63,63,63,81,6,6,79,79,79,79,25,25,0,0,0,0,0,0,0,0],"floor_reached":29,"playtime":915,"items_purged":["Strike_G"],"score":608,"play_id":"a1d7328b-542a-4592-b640-19dd72e325f5","local_time":"20190220114604","is_ascension_mode":true,"campfire_choices":[{"data":"Bouncing Flask","floor":6.0,"key":"SMITH"},{"data":"Neutralize","floor":10.0,"key":"SMITH"},{"data":"Survivor","floor":12.0,"key":"SMITH"},{"data":"Catalyst","floor":15.0,"key":"SMITH"},{"data":"Acrobatics","floor":23.0,"key":"SMITH"},{"data":"Adrenaline","floor":28.0,"key":"SMITH"}],"neow_cost":"","seed_source_timestamp":0,"circlet_count":0,"master_deck":["AscendersBane","Defend_G+1","Defend_G+1","Defend_G+1","Defend_G+1","Defend_G+1","Strike_G+1","Strike_G+1","Strike_G+1","Strike_G+1","Survivor+1","Neutralize+1","Cloak And Dagger","Bouncing Flask+1","Catalyst+1","Backflip+1","Adrenaline+1","Backflip+1","Acrobatics+1"],"special_seed":0,"relics":["Ring of the Snake","Anchor","Bag of Marbles","Ectoplasm","Omamori","Mummified Hand"],"potions_floor_usage":[29,29],"damage_taken":[{"damage":0.0,"enemies":"Jaw Worm","floor":1.0,"turns":5.0},{"damage":0.0,"enemies":"2 Louse","floor":2.0,"turns":4.0},{"damage":0.0,"enemies":"Cultist","floor":7.0,"turns":3.0},{"damage":0.0,"enemies":"2 Fungi Beasts","floor":8.0,"turns":3.0},{"damage":0.0,"enemies":"Looter","floor":13.0,"turns":2.0},{"damage":0.0,"enemies":"The Guardian","floor":16.0,"turns":8.0},{"damage":0.0,"enemies":"3 Byrds","floor":18.0,"turns":6.0},{"damage":0.0,"enemies":"2 Thieves","floor":22.0,"turns":4.0},{"damage":0.0,"enemies":"Gremlin Leader","floor":25.0,"turns":5.0},{"damage":12,"enemies":"Slavers","floor":29,"turns":4}],"seed_played":"-709670809023885655","potions_obtained":[{"floor":2.0,"key":"FearPotion"},{"floor":13.0,"key":"EssenceOfSteel"},{"floor":16.0,"key":"Explosive Potion"},{"floor":22.0,"key":"GhostInAJar"},{"floor":25.0,"key":"GamblersBrew"}],"is_trial":true,"path_per_floor":["M","M","$","?","?","R","M","M","T","R","?","R","M","$","R","B",null,"M","?","$","?","M","R","?","E","T","?","R","E"],"character_chosen":"THE_SILENT","items_purchased":["Catalyst","SpeedPotion"],"campfire_rested":0,"item_purchase_floors":[3,20],"current_hp_per_floor":[1,1,1,1,1,1,1,1,1,1,1,1,1,1,1,1,1,1,1,1,1,1,1,1,1,1,1,1,0],"gold":0,"neow_bonus":"","is_prod":false,"is_daily":false,"chose_seed":false,"campfire_upgraded":6,"win_rate":0,"timestamp":1550634364,"path_taken":["M","M","$","?","?","R","M","?","T","R","?","R","M","$","R","BOSS","M","?","$","?","?","R","?","E","T","?","R","E"],"build_version":"2019-01-23","purchased_purges":1,"victory":false,"max_hp_per_floor":[1,1,1,1,1,1,1,1,1,1,1,1,1,1,1,1,1,1,1,1,1,1,1,1,1,1,1,1,1],"card_choices":[{"not_picked":["Eviscerate","Reflex"],"picked":"Cloak And Dagger","floor":1.0},{"not_picked":["Prepared","Calculated Gamble"],"picked":"Bouncing Flask","floor":2.0},{"not_picked":["Dodge and Roll","Dash","Slice"],"picked":"SKIP","floor":7.0},{"not_picked":["Sucker Punch","Bane"],"picked":"Backflip","floor":8.0},{"not_picked":["Sucker Punch","Caltrops","Flying Knee"],"picked":"SKIP","floor":13.0},{"not_picked":["Envenom","A Thousand Cuts"],"picked":"Adrenaline","floor":16.0},{"not_picked":["Bane","Prepared","Dagger Throw+1"],"picked":"SKIP","floor":18.0},{"not_picked":["Infinite Blades","Dodge and Roll"],"picked":"Acrobatics","floor":22.0},{"not_picked":["Underhanded Strike","Deflect","Prepared"],"picked":"SKIP","floor":25.0}],"player_experience":2642302,"relics_obtained":[{"floor":9.0,"key":"Bag of Marbles"},{"floor":25.0,"key":"Omamori"},{"floor":26.0,"key":"Mummified Hand"}],"event_choices":[{"damage_healed":0.0,"max_hp_gain":0.0,"max_hp_loss":0.0,"gold_gain":0.0,"event_name":"World of Goop","player_choice":"Left Gold","floor":4.0,"gold_loss":46.0,"damage_taken":0.0},{"damage_healed":0.0,"max_hp_gain":0.0,"max_hp_loss":0.0,"gold_gain":0.0,"event_name":"WeMeetAgain","player_choice":"Gave Potion","floor":5.0,"gold_loss":0.0,"damage_taken":0.0,"relics_obtained":["Anchor"]},{"damage_healed":0.0,"max_hp_gain":0.0,"max_hp_loss":0.0,"gold_gain":0.0,"event_name":"Shining Light","player_choice":"Entered Light","floor":11.0,"gold_loss":0.0,"damage_taken":0.0,"cards_upgraded":["Backflip","Defend_G"]},{"damage_healed":0.0,"max_hp_gain":0.0,"max_hp_loss":0.0,"gold_gain":0.0,"event_name":"Back to Basics","player_choice":"Simplicity","floor":19.0,"gold_loss":0.0,"damage_taken":0.0,"cards_upgraded":["Defend_G","Defend_G","Defend_G","Defend_G","Strike_G","Strike_G","Strike_G","Strike_G"]},{"damage_healed":0.0,"max_hp_gain":0.0,"max_hp_loss":0.0,"gold_gain":0.0,"event_name":"Duplicator","player_choice":"Copied","floor":21.0,"gold_loss":0.0,"damage_taken":0.0,"cards_obtained":["Backflip"]},{"damage_healed":0.0,"max_hp_gain":0.0,"max_hp_loss":0.0,"gold_gain":0.0,"event_name":"Beggar","player_choice":"Ignored","floor":24.0,"gold_loss":0.0,"damage_taken":0.0},{"damage_healed":0.0,"max_hp_gain":0.0,"max_hp_loss":0.0,"gold_gain":0.0,"event_name":"Cursed Tome","player_choice":"Ignored","floor":27.0,"gold_loss":0.0,"damage_taken":0.0}],"is_beta":false,"boss_relics":[{"not_picked":["White Beast Statue","Astrolabe"],"picked":"Ectoplasm"}],"items_purged_floors":[14],"is_endless":false,"potions_floor_spawned":[2,13,16,22,25],"killed_by":"Slavers","ascension_level":20}