{"gold_per_floor":[119,129,129,149,2,33,33,62,62,95,95,95,143,154,154,255,255,275,80,80,91,91],"floor_reached":22,"playtime":734,"items_purged":["Strike_B"],"score":232,"play_id":"11f367c6-aa6c-49da-997d-f83b7a1d3bc1","local_time":"25611110001558","is_ascension_mode":true,"campfire_choices":[{"data":"Lockon","floor":7.0,"key":"SMITH"},{"floor":11.0,"key":"REST"},{"data":"Auto Shields","floor":15.0,"key":"SMITH"}],"neow_cost":"NONE","seed_source_timestamp":30278353574940,"circlet_count":0,"master_deck":["Strike_B","Strike_B","Defend_B","Defend_B+1","Defend_B","Zap","Dualcast","Loop","Auto Shields+1","Recycle+1","Rebound","Lockon+1","Seek","White Noise","Glacier","Lockon","Amplify","Go for the Eyes+1","Self Repair","Steam Power","RitualDagger","Genetic Algorithm+1"],"special_seed":0,"relics":["Cracked Core","Dream Catcher","Oddly Smooth Stone","Juzu Bracelet","Darkstone Periapt","Lantern","War Paint","Vajra","Nuclear Battery"],"potions_floor_usage":[],"damage_taken":[{"damage":0.0,"enemies":"Cultist","floor":1.0,"turns":3.0},{"damage":2.0,"enemies":"Jaw Worm","floor":2.0,"turns":4.0},{"damage":0.0,"enemies":"Small Slimes","floor":4.0,"turns":3.0},{"damage":22.0,"enemies":"3 Sentries","floor":6.0,"turns":6.0},{"damage":6.0,"enemies":"Gremlin Nob","floor":8.0,"turns":3.0},{"damage":22.0,"enemies":"3 Sentries","floor":10.0,"turns":6.0},{"damage":11.0,"enemies":"Looter","floor":14.0,"turns":3.0},{"damage":9.0,"enemies":"Hexaghost","floor":16.0,"turns":13.0},{"damage":23.0,"enemies":"2 Thieves","floor":18.0,"turns":4.0},{"damage":23.0,"enemies":"Chosen","floor":21.0,"turns":6.0},{"damage":35,"enemies":"Snecko","floor":22,"turns":4}],"seed_played":"1907989107767498878","potions_obtained":[{"floor":2.0,"key":"Weak Potion"},{"floor":4.0,"key":"Explosive Potion"},{"floor":8.0,"key":"GamblersBrew"},{"floor":14.0,"key":"SpeedPotion"}],"is_trial":false,"path_per_floor":["M","M","M","?","M","$","E","R","E","T","E","R","?","T","M","R","B",null,"M","$","?","M","M"],"character_chosen":"DEFECT","items_purchased":["Oddly Smooth Stone","Self Repair","Steam Power"],"campfire_rested":1,"item_purchase_floors":[5,19,19],"current_hp_per_floor":[75,73,73,73,73,51,51,45,45,23,45,38,38,27,27,18,75,52,52,46,30,0],"gold":91,"neow_bonus":"RANDOM_COMMON_RELIC","is_prod":false,"is_daily":false,"chose_seed":false,"campfire_upgraded":2,"win_rate":0,"timestamp":1541783758,"path_taken":["M","M","?","M","?","E","R","E","T","E","R","?","?","M","R","BOSS","M","$","?","M","M"],"build_version":"2018-11-08","purchased_purges":1,"victory":false,"max_hp_per_floor":[75,75,75,75,75,75,75,75,75,75,75,75,75,75,75,75,75,75,75,75,75,75],"card_choices":[{"not_picked":["Hologram","Sunder"],"picked":"Loop","floor":1.0},{"not_picked":["Rebound","Capacitor"],"picked":"Auto Shields","floor":2.0},{"not_picked":["Heatsinks","Coolheaded"],"picked":"Rebound","floor":4.0},{"not_picked":["Aggregate","Darkness"],"picked":"Lockon","floor":6.0},{"not_picked":["Turbo","Leap"],"picked":"Seek","floor":8.0},{"not_picked":["Compile Driver","Cold Snap"],"picked":"White Noise","floor":10.0},{"not_picked":["Coolheaded","Loop"],"picked":"Glacier","floor":11.0},{"not_picked":["Turbo","Steam"],"picked":"Lockon","floor":14.0},{"not_picked":["Biased Cognition","Hyperbeam"],"picked":"Amplify","floor":16.0},{"not_picked":["Cold Snap+1","Turbo+1"],"picked":"Go for the Eyes+1","floor":18.0},{"not_picked":["Cold Snap+1","Defragment"],"picked":"Genetic Algorithm+1","floor":21.0}],"player_experience":94952,"relics_obtained":[{"floor":6.0,"key":"Juzu Bracelet"},{"floor":8.0,"key":"Darkstone Periapt"},{"floor":9.0,"key":"Lantern"},{"floor":10.0,"key":"War Paint"},{"floor":13.0,"key":"Vajra"}],"event_choices":[{"damage_healed":0.0,"max_hp_gain":0.0,"max_hp_loss":0.0,"gold_gain":0.0,"cards_transformed":["Defend_B"],"event_name":"Transmorgrifier","player_choice":"Transformed","floor":3.0,"gold_loss":0.0,"damage_taken":0.0,"cards_obtained":["Recycle"]},{"cards_removed":["Strike_B"],"damage_healed":0.0,"max_hp_gain":0.0,"max_hp_loss":0.0,"gold_gain":0.0,"event_name":"Golden Wing","player_choice":"Card Removal","floor":12.0,"gold_loss":0.0,"damage_taken":7.0},{"damage_healed":0.0,"max_hp_gain":0.0,"max_hp_loss":0.0,"gold_gain":0.0,"event_name":"Nest","player_choice":"Joined the Cult","floor":20.0,"gold_loss":0.0,"damage_taken":6.0,"cards_obtained":["RitualDagger"]}],"is_beta":false,"boss_relics":[{"not_picked":["Runic Pyramid","Runic Dome"],"picked":"Nuclear Battery"}],"items_purged_floors":[19],"is_endless":false,"potions_floor_spawned":[2,4,8,14],"killed_by":"Snecko","ascension_level":3}