{"gold_per_floor":[114,114,132,132,152,152,183,183,183,200,216,216,226,226,226,323,323,338,84,99,99],"floor_reached":21,"playtime":2493,"items_purged":[],"score":199,"play_id":"16ab011e-f9c0-4c62-a177-2f25763184dd","local_time":"20181016211952","is_ascension_mode":true,"campfire_choices":[{"data":"Zap","floor":6,"key":"SMITH"},{"data":"Chill","floor":8,"key":"SMITH"},{"data":"Glacier","floor":15,"key":"SMITH"}],"neow_cost":"NONE","seed_source_timestamp":199084397923129,"circlet_count":0,"master_deck":["Strike_B","Strike_B","Strike_B","Defend_B","Defend_B","Defend_B","Defend_B","Zap+1","Dualcast+1","Leap","Coolheaded+1","Chill+1","Chill","Cold Snap","Glacier+1","Multi-Cast","Redo"],"relics":["Cracked Core","Orichalcum","Meat on the Bone","Dodecahedron","Girya","Runic Pyramid","Sundial"],"potions_floor_usage":[7,16,18],"damage_taken":[{"damage":0,"enemies":"Small Slimes","floor":1,"turns":2},{"damage":2,"enemies":"Jaw Worm","floor":3,"turns":4},{"damage":0,"enemies":"Cultist","floor":5,"turns":3},{"damage":20,"enemies":"Gremlin Nob","floor":7,"turns":5},{"damage":0,"enemies":"Lots of Slimes","floor":10,"turns":5},{"damage":1,"enemies":"Blue Slaver","floor":11,"turns":2},{"damage":2,"enemies":"Looter","floor":13,"turns":3},{"damage":16,"enemies":"The Guardian","floor":16,"turns":21},{"damage":3,"enemies":"3 Byrds","floor":18,"turns":7},{"damage":9,"enemies":"Spheric Guardian","floor":20,"turns":6},{"damage":100,"enemies":"Centurion and Healer","floor":21,"turns":17}],"seed_played":"-7520271228815329181","potions_obtained":[{"floor":1,"key":"FearPotion"},{"floor":10,"key":"Block Potion"},{"floor":16,"key":"Swift Potion"},{"floor":20,"key":"FairyPotion"}],"is_trial":false,"path_per_floor":["M","?","M","?","M","R","E","R","T","M","M","?","M","?","R","B",null,"M","$","M"],"character_chosen":"DEFECT","items_purchased":["Sundial"],"campfire_rested":0,"item_purchase_floors":[19],"current_hp_per_floor":[75,68,66,54,54,54,46,46,46,46,45,50,48,32,32,28,80,77,77,68,0],"gold":99,"neow_bonus":"RANDOM_COMMON_RELIC","is_prod":false,"is_daily":false,"chose_seed":false,"campfire_upgraded":3,"win_rate":0,"timestamp":1539739192,"path_taken":["M","?","M","?","M","R","E","R","T","M","?","?","M","?","R","BOSS","M","$","M","M"],"build_version":"2018-10-11","purchased_purges":0,"victory":false,"max_hp_per_floor":[75,75,75,75,75,75,75,75,75,75,75,80,80,80,80,80,80,80,80,80,80],"card_choices":[{"not_picked":["Lockon","Fusion"],"picked":"Leap","floor":1},{"not_picked":["Beam Cell","Cold Snap"],"picked":"Coolheaded","floor":3},{"not_picked":["Barrage","Compile Driver","Hologram"],"picked":"SKIP","floor":5},{"not_picked":["Barrage","Melter"],"picked":"Chill","floor":7},{"not_picked":["Compile Driver","Rip and Tear"],"picked":"Chill","floor":10},{"not_picked":["Scrape","Sweeping Beam"],"picked":"Cold Snap","floor":11},{"not_picked":["Cold Snap","Stack"],"picked":"Glacier","floor":13},{"not_picked":["Reboot","All For One"],"picked":"Multi-Cast","floor":16},{"not_picked":["Force Field+1","Sunder"],"picked":"Redo","floor":18},{"not_picked":["Lockon","Cold Snap","BootSequence+1"],"picked":"SKIP","floor":20}],"player_experience":66904,"relics_obtained":[{"floor":7,"key":"Dodecahedron"},{"floor":9,"key":"Girya"}],"event_choices":[{"event_name":"Golden Wing","player_choice":"Card Removal","floor":2,"damage_taken":0},{"event_name":"Scrap Ooze","player_choice":"success","floor":4,"damage_taken":12},{"event_name":"Big Fish","player_choice":"Donut","floor":12,"damage_taken":0},{"event_name":"Shining Light","player_choice":"Entered Light","floor":14,"damage_taken":0}],"is_beta":false,"boss_relics":[{"not_picked":["Ectoplasm","Empty Cage"],"picked":"Runic Pyramid"}],"items_purged_floors":[],"is_endless":false,"potions_floor_spawned":[1,10,16,20],"killed_by":"Centurion and Healer","ascension_level":2}