{"gold_per_floor":[364,240,240,259,259,259,294,294,294,308,324,349,349,361,361,435,435,450,450,31,48,63,63,63,63,115,128,159,173,88,107,107,186,186,202,248,173,191,191,191,201,201,254,265,299,309,21,36,36,36],"floor_reached":50,"playtime":2448,"items_purged":["Strike_G"],"score":933,"play_id":"56174dcb-0722-44d8-80d3-b7aaf6539c9b","local_time":"20181025131406","is_ascension_mode":true,"campfire_choices":[{"data":"Neutralize","floor":6.0,"key":"SMITH"},{"data":"Sucker Punch","floor":8.0,"key":"SMITH"},{"data":"Cloak And Dagger","floor":13.0,"key":"SMITH"},{"floor":15.0,"key":"REST"},{"data":"Footwork","floor":23.0,"key":"SMITH"},{"floor":25.0,"key":"REST"},{"floor":32.0,"key":"REST"},{"data":"Cloak And Dagger","floor":40.0,"key":"SMITH"},{"data":"Blade Dance","floor":42.0,"key":"SMITH"},{"floor":49.0,"key":"REST"}],"neow_cost":"PERCENT_DAMAGE","seed_source_timestamp":37659093134027,"circlet_count":0,"master_deck":["Defend_G","Defend_G+1","Defend_G","Defend_G","Defend_G","Strike_G+1","Survivor","Neutralize+1","AscendersBane","Quick Slash","Deflect","Sucker Punch+1","Blade Dance+1","Blur","Cloak And Dagger+1","Die Die Die","Endless Agony+1","Prepared+1","Predator+1","PiercingWail","Dagger Spray","Footwork+1","Flash of Steel","Backstab","Dagger Throw","Finisher","Cloak And Dagger+1","Cloak And Dagger+1","Leg Sweep+1","Burst","Backflip+1","Writhe","Dodge and Roll+1","Choke+1","Parasite","Noxious Fumes","Well Laid Plans"],"special_seed":0,"relics":["Ring of the Snake","Shuriken","Mummified Hand","Odd Mushroom","Astrolabe","Paper Crane","Oddly Smooth Stone","Bag of Preparation","Prayer Wheel","WristBlade","Shovel","Centennial Puzzle","Anchor","Kunai"],"potions_floor_usage":[50,50],"damage_taken":[{"damage":1.0,"enemies":"2 Louse","floor":1.0,"turns":4.0},{"damage":0.0,"enemies":"Jaw Worm","floor":4.0,"turns":4.0},{"damage":37.0,"enemies":"Gremlin Nob","floor":7.0,"turns":6.0},{"damage":0.0,"enemies":"Small Slimes","floor":10.0,"turns":3.0},{"damage":0.0,"enemies":"Looter","floor":11.0,"turns":3.0},{"damage":6.0,"enemies":"The Mushroom Lair","floor":12.0,"turns":3.0},{"damage":0.0,"enemies":"Exordium Thugs","floor":14.0,"turns":4.0},{"damage":22.0,"enemies":"The Guardian","floor":16.0,"turns":15.0},{"damage":0.0,"enemies":"3 Byrds","floor":18.0,"turns":4.0},{"damage":0.0,"enemies":"Chosen","floor":21.0,"turns":3.0},{"damage":20.0,"enemies":"Snake Plant","floor":22.0,"turns":6.0},{"damage":14.0,"enemies":"Colosseum Slavers","floor":24.0,"turns":4.0},{"damage":5.0,"enemies":"3 Cultists","floor":27.0,"turns":4.0},{"damage":0.0,"enemies":"Slavers","floor":28.0,"turns":3.0},{"damage":0.0,"enemies":"Shelled Parasite and Fungi","floor":29.0,"turns":4.0},{"damage":0.0,"enemies":"Centurion and Healer","floor":31.0,"turns":5.0},{"damage":26.0,"enemies":"Collector","floor":33.0,"turns":12.0},{"damage":0.0,"enemies":"3 Shapes","floor":35.0,"turns":6.0},{"damage":5.0,"enemies":"2 Orb Walkers","floor":36.0,"turns":6.0},{"damage":0.0,"enemies":"Orb Walker","floor":38.0,"turns":2.0},{"damage":34.0,"enemies":"Spire Growth","floor":41.0,"turns":5.0},{"damage":6.0,"enemies":"Transient","floor":44.0,"turns":5.0},{"damage":21.0,"enemies":"Giant Head","floor":45.0,"turns":8.0},{"damage":0.0,"enemies":"Writhing Mass","floor":46.0,"turns":13.0},{"damage":0.0,"enemies":"Jaw Worm Horde","floor":48.0,"turns":4.0},{"damage":26,"enemies":"Time Eater","floor":50,"turns":10}],"seed_played":"-3183483767983930034","potions_obtained":[{"floor":7.0,"key":"Explosive Potion"},{"floor":10.0,"key":"GamblersBrew"},{"floor":16.0,"key":"PowerPotion"},{"floor":28.0,"key":"Energy Potion"},{"floor":35.0,"key":"LiquidBronze"},{"floor":36.0,"key":"Poison Potion"},{"floor":45.0,"key":"PowerPotion"},{"floor":48.0,"key":"PowerPotion"}],"is_trial":false,"path_per_floor":["M","$","?","M","?","R","E","R","T","M","M","?","R","M","R","B",null,"M","?","$","M","M","R","?","R","T","M","E","M","?","M","R","B",null,"M","?","$","M","?","R","M","R","T","M","E","M","$","M","R"],"character_chosen":"THE_SILENT","items_purchased":["Regen Potion","Deflect","Dagger Spray","Footwork","Paper Crane","Flash of Steel","Kunai","Well Laid Plans"],"campfire_rested":4,"item_purchase_floors":[2,2,20,20,20,20,47,47],"current_hp_per_floor":[43,43,23,23,45,45,23,23,23,23,23,17,17,17,36,14,53,53,53,53,53,33,33,19,38,38,33,33,33,33,33,52,26,56,56,51,51,51,64,64,30,30,30,24,3,3,3,3,22,0],"gold":36,"neow_bonus":"TWO_FIFTY_GOLD","is_prod":false,"is_daily":false,"chose_seed":false,"campfire_upgraded":6,"win_rate":0,"timestamp":1540498446,"path_taken":["M","$","?","M","?","R","E","R","T","M","?","?","R","M","R","BOSS","M","?","$","M","M","R","?","R","T","?","E","M","?","M","R","BOSS","M","?","$","?","?","R","M","R","T","M","E","M","$","M","R","BOSS"],"build_version":"2018-10-18","purchased_purges":1,"victory":false,"max_hp_per_floor":[66,66,66,66,66,66,66,66,66,66,66,66,66,66,66,66,66,66,66,66,66,66,66,66,66,66,66,66,66,66,66,66,66,66,66,66,66,66,66,66,66,66,66,66,66,66,66,66,66,66],"card_choices":[{"not_picked":["Setup","Deflect"],"picked":"Quick Slash","floor":1.0},{"not_picked":["Slice","Dodge and Roll","Masterful Stab"],"picked":"SKIP","floor":4.0},{"not_picked":["Slice","Dodge and Roll","Masterful Stab"],"picked":"SKIP","floor":4.0},{"not_picked":["Riddle With Holes","Leg Sweep"],"picked":"Sucker Punch","floor":7.0},{"not_picked":["Deflect","Sucker Punch"],"picked":"Blade Dance","floor":10.0},{"not_picked":["Bane","Deadly Poison"],"picked":"Blur","floor":11.0},{"not_picked":["Flying Knee","Bullet Time"],"picked":"Cloak And Dagger","floor":12.0},{"not_picked":["Acrobatics","Outmaneuver","Blade Dance"],"picked":"SKIP","floor":14.0},{"not_picked":["Wraith Form v2","Corpse Explosion"],"picked":"Die Die Die","floor":16.0},{"not_picked":["Crippling Poison","Endless Agony"],"picked":"PiercingWail","floor":18.0},{"not_picked":["Deadly Poison","Poisoned Stab"],"picked":"Backstab","floor":21.0},{"not_picked":["Prepared","Outmaneuver"],"picked":"Dagger Throw","floor":22.0},{"not_picked":["Escape Plan","Prepared+1"],"picked":"Finisher","floor":27.0},{"not_picked":["Poisoned Stab+1","Tactician"],"picked":"Cloak And Dagger+1","floor":28.0},{"not_picked":["Dagger Spray","Dodge and Roll"],"picked":"Cloak And Dagger","floor":29.0},{"not_picked":["Quick Slash","PiercingWail"],"picked":"Leg Sweep+1","floor":31.0},{"not_picked":["Underhanded Strike","Poisoned Stab","Eviscerate"],"picked":"SKIP","floor":31.0},{"not_picked":["Corpse Explosion","Bullet Time"],"picked":"Burst","floor":33.0},{"not_picked":["Blur","Underhanded Strike"],"picked":"Backflip+1","floor":35.0},{"not_picked":["Underhanded Strike","Sucker Punch","Catalyst"],"picked":"SKIP","floor":35.0},{"not_picked":["Slice","Bouncing Flask+1","Bane"],"picked":"SKIP","floor":38.0},{"not_picked":["Prepared","Bane+1","Poisoned Stab"],"picked":"SKIP","floor":38.0},{"not_picked":["Masterful Stab","Flechettes","Tactician"],"picked":"SKIP","floor":41.0},{"not_picked":["Slice+1","Acrobatics","Blade Dance"],"picked":"SKIP","floor":41.0},{"not_picked":["Backstab","Unload"],"picked":"Dodge and Roll+1","floor":44.0},{"not_picked":["Sucker Punch","Crippling Poison","Blade Dance"],"picked":"SKIP","floor":44.0},{"not_picked":["Flying Knee+1","Infinite Blades"],"picked":"Choke+1","floor":45.0},{"not_picked":["Dagger Spray+1","PiercingWail"],"picked":"Noxious Fumes","floor":46.0},{"not_picked":["Slice","Quick Slash","Skewer+1"],"picked":"SKIP","floor":46.0},{"not_picked":["Riddle With Holes","Bouncing Flask","PiercingWail"],"picked":"SKIP","floor":48.0},{"not_picked":["Outmaneuver","Infinite Blades","Dagger Throw"],"picked":"SKIP","floor":48.0}],"player_experience":1464863,"relics_obtained":[{"floor":7.0,"key":"Shuriken"},{"floor":9.0,"key":"Mummified Hand"},{"floor":12.0,"key":"Odd Mushroom"},{"floor":26.0,"key":"Oddly Smooth Stone"},{"floor":28.0,"key":"Bag of Preparation"},{"floor":36.0,"key":"Shovel"},{"floor":43.0,"key":"Centennial Puzzle"},{"floor":45.0,"key":"Anchor"}],"event_choices":[{"damage_healed":0.0,"max_hp_gain":0.0,"max_hp_loss":0.0,"gold_gain":0.0,"event_name":"Shining Light","player_choice":"Entered Light","floor":3.0,"gold_loss":0.0,"damage_taken":20.0,"cards_upgraded":["Defend_G","Strike_G"]},{"damage_healed":22.0,"max_hp_gain":0.0,"max_hp_loss":0.0,"gold_gain":0.0,"event_name":"Big Fish","player_choice":"Banana","floor":5.0,"gold_loss":0.0,"damage_taken":0.0},{"damage_healed":0.0,"max_hp_gain":0.0,"max_hp_loss":0.0,"gold_gain":0.0,"event_name":"Mushrooms","player_choice":"Fought Mushrooms","floor":12.0,"gold_loss":0.0,"damage_taken":0.0},{"damage_healed":0.0,"max_hp_gain":0.0,"max_hp_loss":0.0,"gold_gain":0.0,"event_name":"Ghosts","player_choice":"Ignored","floor":19.0,"gold_loss":0.0,"damage_taken":0.0},{"damage_healed":0.0,"max_hp_gain":0.0,"max_hp_loss":0.0,"gold_gain":0.0,"event_name":"Colosseum","player_choice":"Fight","floor":24.0,"gold_loss":0.0,"damage_taken":0.0},{"damage_healed":0.0,"max_hp_gain":0.0,"max_hp_loss":0.0,"gold_gain":0.0,"event_name":"Colosseum","player_choice":"Fled From Nobs","floor":24.0,"gold_loss":0.0,"damage_taken":0.0},{"damage_healed":0.0,"max_hp_gain":0.0,"max_hp_loss":0.0,"gold_gain":0.0,"event_name":"Addict","player_choice":"Obtained Relic","floor":30.0,"gold_loss":85.0,"damage_taken":0.0,"relics_obtained":["Prayer Wheel"]},{"damage_healed":0.0,"max_hp_gain":0.0,"max_hp_loss":0.0,"gold_gain":0.0,"event_name":"Mysterious Sphere","player_choice":"Fight","floor":36.0,"gold_loss":0.0,"damage_taken":0.0},{"damage_healed":13.0,"max_hp_gain":0.0,"max_hp_loss":0.0,"gold_gain":0.0,"event_name":"Winding Halls","player_choice":"Writhe","floor":39.0,"gold_loss":0.0,"damage_taken":0.0,"cards_obtained":["Writhe"]}],"is_beta":false,"boss_relics":[{"not_picked":["Lizard Tail","Ring of the Serpent"],"picked":"Astrolabe"},{"not_picked":["White Beast Statue","Velvet Choker"],"picked":"WristBlade"}],"items_purged_floors":[37],"is_endless":false,"potions_floor_spawned":[7,10,16,21,22,24,28,35,36,44,45,48],"killed_by":"Time Eater","ascension_level":15}