{"gold_per_floor":[110,128,143,163,180,211,222,222,275,275,350,360,395,8,8,112,112,126,126,145,170,170],"floor_reached":22,"playtime":2415,"items_purged":[],"score":208,"play_id":"f10c49f6-3c5a-4cdf-8a12-803d36e0c126","local_time":"20190508221210","is_ascension_mode":true,"campfire_choices":[{"data":"Bludgeon","floor":8,"key":"SMITH"},{"data":"Seeing Red","floor":10,"key":"SMITH"},{"floor":15,"key":"REST"}],"neow_cost":"NONE","seed_source_timestamp":195838233820065,"circlet_count":0,"master_deck":["Strike_R","Strike_R","Strike_R","Strike_R","Strike_R","Defend_R","Bash","Disarm","Spot Weakness","Seeing Red+1","Perfected Strike","Shrug It Off","Dark Embrace+1","Bludgeon+1","Perfected Strike","Infernal Blade","Juggernaut","Flame Barrier+1","Ghostly Armor+1","Chrysalis+1","Madness+1","Exhume+1","Second Wind+1","Perfected Strike+1"],"relics":["Burning Blood","Matryoshka","Smiling Mask","Orichalcum","Toxic Egg 2","Empty Cage","Kunai","Pen Nib"],"potions_floor_usage":[6,7,16,16,20],"damage_taken":[{"damage":3,"enemies":"Jaw Worm","floor":1,"turns":4},{"damage":3,"enemies":"Cultist","floor":2,"turns":5},{"damage":3,"enemies":"Small Slimes","floor":3,"turns":3},{"damage":12,"enemies":"2 Fungi Beasts","floor":4,"turns":3},{"damage":9,"enemies":"Large Slime","floor":5,"turns":7},{"damage":28,"enemies":"Gremlin Nob","floor":6,"turns":4},{"damage":3,"enemies":"Looter","floor":7,"turns":3},{"damage":0,"enemies":"2 Fungi Beasts","floor":12,"turns":2},{"damage":7,"enemies":"3 Sentries","floor":13,"turns":5},{"damage":10,"enemies":"Hexaghost","floor":16,"turns":9},{"damage":0,"enemies":"Chosen","floor":18,"turns":6},{"damage":30,"enemies":"3 Byrds","floor":20,"turns":6},{"damage":19,"enemies":"Colosseum Slavers","floor":22,"turns":5},{"damage":35,"enemies":"Colosseum Nobs","floor":22,"turns":6}],"seed_played":"-1517141429040611478","potions_obtained":[{"floor":1,"key":"Dexterity Potion"},{"floor":5,"key":"Poison Potion"},{"floor":6,"key":"Ancient Potion"},{"floor":7,"key":"Explosive Potion"},{"floor":13,"key":"EssenceOfSteel"}],"is_trial":false,"path_per_floor":["M","M","M","M","M","E","M","R","T","R","?","M","E","$","R","B",null,"M","?","M","T","?"],"character_chosen":"IRONCLAD","items_purchased":["Flame Barrier+1","Ghostly Armor+1","Chrysalis+1","Madness+1"],"campfire_rested":1,"item_purchase_floors":[14,14,14,14],"current_hp_per_floor":[80,80,80,74,71,49,52,52,52,52,41,47,46,46,70,66,80,80,80,56,56,8],"gold":170,"neow_bonus":"TRANSFORM_CARD","is_prod":false,"is_daily":false,"chose_seed":false,"campfire_upgraded":2,"win_rate":0,"timestamp":1557321130,"path_taken":["M","M","M","M","M","E","M","R","T","R","?","M","E","$","R","BOSS","M","?","?","?","?"],"build_version":"2019-01-23","purchased_purges":0,"victory":false,"max_hp_per_floor":[80,80,80,80,80,80,80,80,80,80,80,80,80,80,80,80,80,80,80,80,80,80],"card_choices":[{"not_picked":["Power Through","Wild Strike"],"picked":"Spot Weakness","floor":1},{"not_picked":["Wild Strike","Cleave"],"picked":"Seeing Red","floor":2},{"not_picked":["Infernal Blade","Warcry"],"picked":"Perfected Strike","floor":3},{"not_picked":["Sword Boomerang","Rampage"],"picked":"Shrug It Off","floor":4},{"not_picked":["Shrug It Off","Twin Strike"],"picked":"Dark Embrace","floor":5},{"not_picked":["Clash","Fire Breathing"],"picked":"Bludgeon","floor":6},{"not_picked":["Flex","Cleave"],"picked":"Perfected Strike","floor":7},{"not_picked":["Body Slam","Havoc"],"picked":"Infernal Blade","floor":12},{"not_picked":["Warcry","Thunderclap"],"picked":"Juggernaut","floor":13},{"not_picked":["Dark Embrace","Juggernaut"],"picked":"Exhume+1","floor":16},{"not_picked":["Iron Wave+1","Anger"],"picked":"Second Wind+1","floor":18},{"not_picked":["Uppercut+1","Fire Breathing"],"picked":"Perfected Strike+1","floor":20}],"player_experience":113457,"relics_obtained":[{"floor":6,"key":"Matryoshka"},{"floor":9,"key":"Smiling Mask"},{"floor":9,"key":"Orichalcum"},{"floor":13,"key":"Toxic Egg 2"},{"floor":21,"key":"Kunai"},{"floor":21,"key":"Pen Nib"}],"event_choices":[{"damage_healed":0,"gold_gain":75,"player_choice":"Gather Gold","damage_taken":11,"max_hp_gain":0,"max_hp_loss":0,"event_name":"World of Goop","floor":11,"gold_loss":0},{"damage_healed":0,"gold_gain":0,"player_choice":"Upgraded","damage_taken":0,"max_hp_gain":0,"max_hp_loss":0,"event_name":"Upgrade Shrine","floor":19,"gold_loss":0,"cards_upgraded":["Dark Embrace"]},{"damage_healed":0,"gold_gain":0,"player_choice":"Fight","damage_taken":0,"max_hp_gain":0,"max_hp_loss":0,"event_name":"Colosseum","floor":22,"gold_loss":0},{"damage_healed":0,"gold_gain":0,"player_choice":"Fought Nobs","damage_taken":0,"max_hp_gain":0,"max_hp_loss":0,"event_name":"Colosseum","floor":22,"gold_loss":0}],"is_beta":false,"boss_relics":[{"not_picked":["Lizard Tail","Snecko Eye"],"picked":"Empty Cage"}],"items_purged_floors":[],"is_endless":false,"potions_floor_spawned":[1,5,6,7,13,22],"killed_by":"Colosseum Nobs","ascension_level":1}