{"gold_per_floor":[215,215,140,9,9,37,37,37,60,72,72,106,125,143,143,216,216,227,277,277,14,29,29,44,44,44,76,91,111,111,125,125,125],"floor_reached":33,"playtime":1041,"items_purged":[],"score":600,"play_id":"31d8a40b-c021-498c-87b0-b64aa71b77ae","local_time":"20181211001628","is_ascension_mode":true,"campfire_choices":[{"floor":8.0,"key":"REST"},{"data":"Beam Cell","floor":11.0,"key":"SMITH"},{"data":"Zap","floor":15.0,"key":"SMITH"},{"data":"Electrodynamics","floor":23.0,"key":"SMITH"},{"data":"Reinforced Body","floor":25.0,"key":"SMITH"},{"data":"Chaos","floor":32,"key":"SMITH"}],"neow_cost":"NONE","seed_source_timestamp":4374748099776,"circlet_count":0,"master_deck":["AscendersBane","Strike_B","Strike_B","Strike_B","Defend_B","Defend_B","Defend_B","Defend_B","Zap+1","Dualcast","Beam Cell+1","Defragment+1","Regret","Hello World","Auto Shields","Ball Lightning","Reinforced Body+1","Electrodynamics+1","Go for the Eyes","Cold Snap+1","Chaos+1"],"special_seed":0,"relics":["Cracked Core","Art of War","FossilizedHelix","PreservedInsect","Bag of Marbles","Nuclear Battery","Meat on the Bone","Bottled Tornado","Unceasing Top"],"potions_floor_usage":[28,31],"damage_taken":[{"damage":0.0,"enemies":"2 Louse","floor":1.0,"turns":2.0},{"damage":35.0,"enemies":"Gremlin Nob","floor":6.0,"turns":4.0},{"damage":3.0,"enemies":"Small Slimes","floor":10.0,"turns":3.0},{"damage":0.0,"enemies":"Lagavulin","floor":12.0,"turns":6.0},{"damage":6.0,"enemies":"Cultist","floor":13.0,"turns":3.0},{"damage":2.0,"enemies":"3 Louse","floor":14.0,"turns":4.0},{"damage":21.0,"enemies":"The Guardian","floor":16.0,"turns":10.0},{"damage":18.0,"enemies":"2 Thieves","floor":18.0,"turns":3.0},{"damage":1.0,"enemies":"Shell Parasite","floor":22.0,"turns":4.0},{"damage":20.0,"enemies":"Centurion and Healer","floor":24.0,"turns":5.0},{"damage":21.0,"enemies":"Book of Stabbing","floor":27.0,"turns":4.0},{"damage":14,"enemies":"Shelled Parasite and Fungi","floor":28,"turns":4},{"damage":12,"enemies":"Chosen and Byrds","floor":29,"turns":4},{"damage":3,"enemies":"Cultist and Chosen","floor":31,"turns":5},{"damage":40,"enemies":"Automaton","floor":33,"turns":6}],"seed_played":"6439418915094397401","potions_obtained":[{"floor":6.0,"key":"Swift Potion"},{"floor":13.0,"key":"LiquidBronze"},{"floor":16.0,"key":"SkillPotion"},{"floor":24.0,"key":"Ancient Potion"},{"floor":29,"key":"SkillPotion"},{"floor":31,"key":"Energy Potion"}],"is_trial":false,"path_per_floor":["M","?","?","$","?","E","?","R","T","M","R","E","M","M","R","B",null,"M","?","?","$","M","R","M","R","T","E","M","M","?","M","R","B"],"character_chosen":"DEFECT","items_purchased":["Defragment","Poison Potion","Meat on the Bone"],"campfire_rested":1,"item_purchase_floors":[4,4,21],"current_hp_per_floor":[64,64,64,64,64,29,29,50,50,47,47,47,41,39,39,18,58,40,40,40,40,39,39,31,31,31,22,20,20,20,29,29,0],"gold":125,"neow_bonus":"HUNDRED_GOLD","is_prod":false,"is_daily":false,"chose_seed":false,"campfire_upgraded":5,"win_rate":0,"timestamp":1544458588,"path_taken":["M","?","?","$","?","E","?","R","T","M","R","E","M","?","R","BOSS","M","?","?","$","M","R","M","R","T","E","?","?","?","M","R","BOSS"],"build_version":"2018-12-06","purchased_purges":0,"victory":false,"max_hp_per_floor":[71,71,71,71,71,71,71,71,71,71,71,71,71,71,71,71,71,71,71,71,71,71,71,71,71,71,71,71,71,71,71,71,71],"card_choices":[{"not_picked":["Heatsinks","Compile Driver"],"picked":"Beam Cell","floor":1.0},{"not_picked":["Hologram","Genetic Algorithm"],"picked":"Hello World","floor":6.0},{"not_picked":["Scrape","Go for the Eyes"],"picked":"Auto Shields","floor":10.0},{"not_picked":["Machine Learning","Conserve Battery"],"picked":"Ball Lightning","floor":12.0},{"not_picked":["Streamline","Go for the Eyes"],"picked":"Reinforced Body","floor":13.0},{"not_picked":["Streamline","Double Energy","Turbo"],"picked":"SKIP","floor":14.0},{"not_picked":["Streamline","Double Energy","Turbo"],"picked":"SKIP","floor":14.0},{"not_picked":["Amplify","Creative AI"],"picked":"Electrodynamics","floor":16.0},{"not_picked":["Fusion+1","Conserve Battery","Sweeping Beam"],"picked":"SKIP","floor":18.0},{"not_picked":["Melter","Beam Cell","Sunder"],"picked":"SKIP","floor":22.0},{"not_picked":["Darkness+1","Storm","Compile Driver"],"picked":"SKIP","floor":24.0},{"not_picked":["Steam","Streamline"],"picked":"Go for the Eyes","floor":27.0},{"not_picked":["Aggregate","Sunder","Beam Cell"],"picked":"SKIP","floor":28},{"not_picked":["Beam Cell","Static Discharge"],"picked":"Cold Snap+1","floor":29},{"not_picked":["Stack","Hyperbeam"],"picked":"Chaos","floor":31}],"player_experience":2359172,"relics_obtained":[{"floor":6.0,"key":"FossilizedHelix"},{"floor":9.0,"key":"PreservedInsect"},{"floor":12.0,"key":"Bag of Marbles"},{"floor":26.0,"key":"Bottled Tornado"},{"floor":27.0,"key":"Unceasing Top"}],"event_choices":[{"damage_healed":0.0,"max_hp_gain":0.0,"max_hp_loss":0.0,"gold_gain":0.0,"event_name":"Shining Light","player_choice":"Ignored","floor":2.0,"gold_loss":0.0,"damage_taken":0.0},{"cards_removed":["Strike_B"],"damage_healed":0.0,"max_hp_gain":0.0,"max_hp_loss":0.0,"gold_gain":0.0,"event_name":"The Cleric","player_choice":"Card Removal","floor":3.0,"gold_loss":75.0,"damage_taken":0.0},{"damage_healed":0.0,"max_hp_gain":0.0,"max_hp_loss":0.0,"gold_gain":0.0,"event_name":"Big Fish","player_choice":"Box","floor":5.0,"gold_loss":0.0,"damage_taken":0.0,"relics_obtained":["Art of War"],"cards_obtained":["Regret"]},{"damage_healed":0.0,"max_hp_gain":0.0,"max_hp_loss":0.0,"gold_gain":0.0,"event_name":"Upgrade Shrine","player_choice":"Upgraded","floor":7.0,"gold_loss":0.0,"damage_taken":0.0,"cards_upgraded":["Defragment"]},{"damage_healed":0.0,"max_hp_gain":0.0,"max_hp_loss":0.0,"gold_gain":50.0,"event_name":"Nest","player_choice":"Stole From Cult","floor":19.0,"gold_loss":0.0,"damage_taken":0.0},{"damage_healed":0.0,"max_hp_gain":0.0,"max_hp_loss":0.0,"gold_gain":0.0,"event_name":"N\u0027loth","player_choice":"Ignored","floor":20.0,"gold_loss":0.0,"damage_taken":0.0},{"damage_healed":0,"gold_gain":0,"player_choice":"Ignored","damage_taken":0,"max_hp_gain":0,"max_hp_loss":0,"event_name":"Cursed Tome","floor":30,"gold_loss":0}],"is_beta":false,"boss_relics":[{"not_picked":["Lizard Tail","Busted Crown"],"picked":"Nuclear Battery"}],"items_purged_floors":[],"is_endless":false,"potions_floor_spawned":[6,13,16,18,24,29,31],"killed_by":"Automaton","ascension_level":20}