{"path_per_floor":["M","M","M","M","?","R","?","E","T","M","?","?","E","M","R","B",null,"M","M","M","M","?","$","R","?","T","$","R","?","E","M","R","B",null,"M","?","M","M","M","R","E","R","T","E","$","M","M","?","R","B"],"character_chosen":"DEFECT","items_purchased":["Question Card","Force Field","Heatsinks","Barrage+1","Compile Driver+1","Loop","Bronze Scales"],"gold_per_floor":[112,125,145,163,163,163,163,197,197,209,209,209,241,255,255,359,359,373,392,404,415,415,169,169,169,169,134,134,134,164,174,174,278,278,292,292,308,324,341,341,366,366,366,397,90,106,125,125,125,125],"floor_reached":51,"campfire_rested":2,"playtime":4414,"item_purchase_floors":[23,27,45,45,45,45,45],"current_hp_per_floor":[56,50,50,41,26,26,26,25,25,31,31,56,20,28,28,34,65,65,64,63,60,46,46,46,46,46,46,46,46,43,38,38,38,70,62,62,45,38,50,74,79,79,79,64,64,52,51,51,77,65],"items_purged":[],"gold":125,"score":953,"play_id":"b3bda768-7d44-45e5-aba1-44c3fd3d3312","local_time":"20180614130110","is_prod":false,"is_daily":false,"chose_seed":false,"is_ascension_mode":true,"campfire_upgraded":6,"win_rate":0,"timestamp":1529006470,"campfire_choices":[{"data":"Dualcast","floor":6.0,"key":"SMITH"},{"data":"White Noise","floor":15,"key":"SMITH"},{"data":"Defragment","floor":24,"key":"SMITH"},{"data":"Hologram","floor":28,"key":"SMITH"},{"data":"Hologram","floor":32,"key":"SMITH"},{"floor":40,"key":"REST"},{"data":"Capacitor","floor":42,"key":"SMITH"},{"floor":49,"key":"REST"}],"path_taken":["M","M","M","M","?","R","?","E","T","?","?","?","E","M","R","BOSS","M","M","M","M","?","$","R","?","T","$","R","?","E","M","R","BOSS","M","?","M","M","M","R","E","R","T","E","$","?","M","?","R","BOSS"],"build_version":"2018-06-07v3","seed_source_timestamp":18554618337897,"purchased_purges":0,"victory":true,"master_deck":["Zap+1","Dualcast+1","Coolheaded+1","Go for the Eyes","Conserve Battery","White Noise+1","Conserve Battery","Defragment+1","Glacier","Hologram+1","Biased Cognition","Steam","Rip and Tear","Stack","Gash","Go for the Eyes","Auto Shields","Sweeping Beam","White Noise+1","Ball Lightning","Static Discharge","Leap+1","Force Field","Hologram+1","Capacitor+1","Creative AI","Go for the Eyes+1","Flash of Steel+1","FTL+1","Conserve Battery+1","FTL+1","Compile Driver+1","Streamline+1","Heatsinks","Barrage+1","Compile Driver+1","Loop","Heatsinks"],"max_hp_per_floor":[75,75,75,75,75,75,75,75,75,75,75,75,75,75,75,75,75,75,75,75,75,80,80,80,80,80,80,80,80,80,80,80,80,80,80,80,80,80,80,80,85,85,85,85,85,87,87,87,87,87],"relics":["Cracked Core","Ancient Tea Set","Meat on the Bone","Mummified Hand","Vajra","Pandora\u0027s Box","Question Card","Torii","Molten Egg 2","Du-Vu Doll","Philosopher\u0027s Stone","Anchor","The Courier","Singing Bowl","Bronze Scales"],"card_choices":[{"not_picked":["Barrage","Steam"],"picked":"Coolheaded","floor":1.0},{"not_picked":["Glacier","Ball Lightning"],"picked":"Go for the Eyes","floor":2.0},{"not_picked":["Hologram","Darkness"],"picked":"Conserve Battery","floor":3.0},{"not_picked":["Coolheaded","Turbo"],"picked":"White Noise","floor":4.0},{"not_picked":["Sweeping Beam","Scrape"],"picked":"Conserve Battery","floor":8.0},{"not_picked":["Rebound","Streamline"],"picked":"Defragment","floor":10.0},{"not_picked":["Melter","Conserve Battery"],"picked":"Glacier","floor":13},{"not_picked":["Skim","Chill"],"picked":"Hologram","floor":14},{"not_picked":["All For One","Machine Learning"],"picked":"Biased Cognition","floor":16},{"not_picked":["Sweeping Beam","Go for the Eyes+1"],"picked":"White Noise+1","floor":18},{"not_picked":["Cold Snap","Rebound"],"picked":"Ball Lightning","floor":19},{"not_picked":["Ball Lightning","Rip and Tear"],"picked":"Static Discharge","floor":20},{"not_picked":["Sweeping Beam","Heatsinks"],"picked":"Leap+1","floor":21},{"not_picked":["Thunder Strike+1","Redo","Doom and Gloom+1"],"picked":"Hologram","floor":30},{"not_picked":["Undo+1","Compile Driver+1","Barrage+1"],"picked":"Capacitor","floor":31},{"not_picked":["Multi-Cast","Machine Learning","Reboot"],"picked":"Creative AI","floor":33},{"not_picked":["Redo+1","Undo+1","Steam Power+1"],"picked":"Go for the Eyes+1","floor":35},{"not_picked":["Madness","Enlightenment","Good Instincts"],"picked":"Flash of Steel+1","floor":36},{"not_picked":["Scrape+1","Rebound+1","Cold Snap+1"],"picked":"FTL+1","floor":37},{"not_picked":["Stack","Sunder+1","Steam"],"picked":"Conserve Battery+1","floor":38},{"not_picked":["Steam Power+1","Consume","Cold Snap+1"],"picked":"FTL+1","floor":39},{"not_picked":["Leap","Hyperbeam+1","Stack+1"],"picked":"Compile Driver+1","floor":41},{"not_picked":["Gash+1","Compile Driver+1","Loop+1"],"picked":"Streamline+1","floor":44},{"not_picked":["Steam+1","Barrage+1","Gash+1","Static Discharge+1"],"picked":"Singing Bowl","floor":46},{"not_picked":["Doom and Gloom+1","Static Discharge","Hyperbeam+1"],"picked":"Heatsinks","floor":47}],"player_experience":522351,"potions_floor_usage":[13,30,38,41],"damage_taken":[{"damage":12.0,"enemies":"Jaw Worm","floor":1.0,"turns":3.0},{"damage":6.0,"enemies":"2 Louse","floor":2.0,"turns":3.0},{"damage":0.0,"enemies":"Cultist","floor":3.0,"turns":3.0},{"damage":9.0,"enemies":"Exordium Wildlife","floor":4.0,"turns":6.0},{"damage":1.0,"enemies":"Lagavulin","floor":8.0,"turns":7.0},{"damage":6.0,"enemies":"Gremlin Gang","floor":10.0,"turns":4.0},{"damage":48,"enemies":"Gremlin Nob","floor":13,"turns":5},{"damage":4,"enemies":"Lots of Slimes","floor":14,"turns":6},{"damage":6,"enemies":"The Guardian","floor":16,"turns":12},{"damage":0,"enemies":"3 Byrds","floor":18,"turns":4},{"damage":1,"enemies":"Spheric Guardian","floor":19,"turns":5},{"damage":1,"enemies":"Centurion and Healer","floor":20,"turns":9},{"damage":3,"enemies":"Chosen and Byrds","floor":21,"turns":5},{"damage":3,"enemies":"Gremlin Leader","floor":30,"turns":8},{"damage":17,"enemies":"Snake Plant","floor":31,"turns":2},{"damage":12,"enemies":"Automaton","floor":33,"turns":9},{"damage":8,"enemies":"3 Shapes","floor":35,"turns":5},{"damage":29,"enemies":"3 Darklings","floor":37,"turns":5},{"damage":19,"enemies":"4 Shapes","floor":38,"turns":4},{"damage":0,"enemies":"Maw","floor":39,"turns":8},{"damage":0,"enemies":"Giant Head","floor":41,"turns":9},{"damage":15,"enemies":"Nemesis","floor":44,"turns":7},{"damage":14,"enemies":"3 Darklings","floor":46,"turns":4},{"damage":1,"enemies":"4 Shapes","floor":47,"turns":5},{"damage":12,"enemies":"Donu and Deca","floor":50,"turns":8}],"relics_obtained":[{"floor":8.0,"key":"Meat on the Bone"},{"floor":9.0,"key":"Mummified Hand"},{"floor":13,"key":"Vajra"},{"floor":26,"key":"Torii"},{"floor":30,"key":"Du-Vu Doll"},{"floor":41,"key":"Anchor"},{"floor":43,"key":"The Courier"},{"floor":44,"key":"Singing Bowl"}],"event_choices":[{"event_name":"Shining Light","player_choice":"Entered Light","floor":5.0,"damage_taken":0.0},{"event_name":"Purifier","player_choice":"One Purge","floor":7.0,"damage_taken":0.0},{"event_name":"Liars Game","player_choice":"disagreed","floor":11.0,"damage_taken":0.0},{"event_name":"Big Fish","player_choice":"Banana","floor":12.0,"damage_taken":0.0},{"event_name":"Forgotten Altar","player_choice":"Shed Blood","floor":22,"damage_taken":0},{"event_name":"Drug Dealer","player_choice":"Ignored","floor":25,"damage_taken":0},{"event_name":"The Mausoleum","player_choice":"Yes","floor":29,"damage_taken":0},{"event_name":"SensoryStone","player_choice":"Memory 1","floor":36,"damage_taken":0},{"event_name":"Purifier","player_choice":"One Purge","floor":48,"damage_taken":0}],"boss_relics":[{"not_picked":["Calling Bell","Ectoplasm"],"picked":"Pandora\u0027s Box"},{"not_picked":["Velvet Choker","Sozu"],"picked":"Philosopher\u0027s Stone"}],"items_purged_floors":[],"potions_floor_spawned":[3,4,14,20,21,30,37,38,39],"seed_played":"3260832295787791374","ascension_level":6,"potions_obtained":[{"floor":3.0,"key":"AttackPotion"},{"floor":4.0,"key":"FearPotion"},{"floor":14,"key":"FearPotion"},{"floor":20,"key":"SteroidPotion"},{"floor":21,"key":"Poison Potion"},{"floor":30,"key":"Explosive Potion"},{"floor":37,"key":"Fire Potion"},{"floor":38,"key":"Ancient Potion"},{"floor":39,"key":"Fruit Juice"}],"is_trial":false}