{"gold_per_floor":[109,109,124,143,68,83,83,111,111,111,129,129,147,222,222,296,296,315,240,140,152,27,27,45,79,79,79,79,79,79,99,99,170,170,181,31,0,0,16,16,35,64,64,64,112,130,130,130,130,130],"floor_reached":50,"playtime":1269,"items_purged":["Strike_R","Hemokinesis","Strike_R+1","Headbutt"],"score":1026,"play_id":"c63ace71-584a-4245-b983-790ce3ed489a","local_time":"20190121145508","is_ascension_mode":true,"campfire_choices":[{"data":"Searing Blow","floor":7.0,"key":"SMITH"},{"data":"Searing Blow+1","floor":10.0,"key":"SMITH"},{"data":"Searing Blow+2","floor":12.0,"key":"SMITH"},{"data":"Searing Blow+3","floor":15.0,"key":"SMITH"},{"data":"Searing Blow+4","floor":23.0,"key":"SMITH"},{"data":"Searing Blow+5","floor":27.0,"key":"SMITH"},{"data":"Searing Blow+6","floor":30.0,"key":"SMITH"},{"data":"Armaments","floor":32.0,"key":"SMITH"},{"data":"Searing Blow+7","floor":40.0,"key":"SMITH"},{"data":"Searing Blow+8","floor":44.0,"key":"SMITH"},{"data":"Searing Blow+9","floor":47.0,"key":"SMITH"},{"data":"Searing Blow+10","floor":49.0,"key":"SMITH"}],"neow_cost":"NONE","seed_source_timestamp":0,"circlet_count":0,"master_deck":["AscendersBane","Defend_R","Defend_R","Defend_R","Bash+1","Searing Blow+11","Second Wind","Armaments+1","Clash","Ghostly","Ghostly","Ghostly","Offering"],"special_seed":0,"relics":["Burning Blood","NeowsBlessing","Red Skull","Whetstone","Empty Cage","Mercury Hourglass","Matryoshka","Runic Dome","Red Mask","Potion Belt","Dream Catcher","Thread and Needle","Peace Pipe"],"potions_floor_usage":[],"damage_taken":[{"damage":0.0,"enemies":"Small Slimes","floor":1.0,"turns":1.0},{"damage":0.0,"enemies":"Jaw Worm","floor":3.0,"turns":1.0},{"damage":0.0,"enemies":"2 Louse","floor":4.0,"turns":1.0},{"damage":5.0,"enemies":"2 Fungi Beasts","floor":6.0,"turns":4.0},{"damage":14.0,"enemies":"Gremlin Nob","floor":8.0,"turns":3.0},{"damage":9.0,"enemies":"Looter","floor":11.0,"turns":2.0},{"damage":16.0,"enemies":"Blue Slaver","floor":13.0,"turns":2.0},{"damage":12.0,"enemies":"Slime Boss","floor":16.0,"turns":6.0},{"damage":18.0,"enemies":"2 Thieves","floor":18.0,"turns":3.0},{"damage":21.0,"enemies":"Shell Parasite","floor":21.0,"turns":4.0},{"damage":6.0,"enemies":"Snake Plant","floor":24.0,"turns":3.0},{"damage":24.0,"enemies":"Book of Stabbing","floor":25.0,"turns":4.0},{"damage":0.0,"enemies":"Sentry and Sphere","floor":31.0,"turns":4.0},{"damage":26.0,"enemies":"Champ","floor":33.0,"turns":7.0},{"damage":3.0,"enemies":"Orb Walker","floor":35.0,"turns":3.0},{"damage":1.0,"enemies":"3 Shapes","floor":39.0,"turns":2.0},{"damage":1.0,"enemies":"Jaw Worm Horde","floor":41.0,"turns":3.0},{"damage":7.0,"enemies":"Reptomancer","floor":42.0,"turns":3.0},{"damage":1.0,"enemies":"2 Orb Walkers","floor":45.0,"turns":2.0},{"damage":1.0,"enemies":"Transient","floor":46.0,"turns":6.0},{"damage":23,"enemies":"Awakened One","floor":50,"turns":4}],"seed_played":"4629516791310114360","potions_obtained":[{"floor":1.0,"key":"Explosive Potion"},{"floor":18.0,"key":"SkillPotion"},{"floor":24.0,"key":"Ancient Potion"},{"floor":42.0,"key":"Strength Potion"}],"is_trial":false,"path_per_floor":["M","?","M","M","$","M","R","E","T","R","M","R","M","?","R","B",null,"M","?","$","M","$","R","M","E","T","R","?","?","R","M","R","B",null,"M","$","?","$","M","R","M","E","T","R","?","M","R","?","R","B"],"character_chosen":"IRONCLAD","items_purchased":[],"campfire_rested":0,"item_purchase_floors":[],"current_hp_per_floor":[74,74,75,75,75,75,75,67,67,67,64,64,54,43,43,37,66,54,54,54,39,39,39,39,21,21,21,21,21,21,27,27,7,30,33,33,33,33,37,37,37,36,36,36,37,37,37,37,37,14],"gold":130,"neow_bonus":"THREE_ENEMY_KILL","is_prod":false,"is_daily":false,"chose_seed":false,"campfire_upgraded":12,"win_rate":0,"timestamp":1548053708,"path_taken":["M","?","M","M","$","M","R","E","T","R","M","R","M","?","R","BOSS","M","?","$","M","$","R","M","E","T","R","?","?","R","?","R","BOSS","M","$","?","?","M","R","M","E","T","R","?","M","R","?","R","BOSS"],"build_version":"2019-01-17v2","purchased_purges":4,"victory":false,"max_hp_per_floor":[75,75,75,75,75,75,75,75,75,75,75,75,75,75,75,75,75,75,75,75,75,75,75,75,75,75,75,75,37,37,37,37,37,37,37,37,37,37,37,37,37,37,37,37,37,37,37,37,37,37],"card_choices":[{"not_picked":["Headbutt","Thunderclap"],"picked":"Hemokinesis","floor":1.0},{"not_picked":["Clothesline","Sword Boomerang"],"picked":"Searing Blow","floor":3.0},{"not_picked":["Twin Strike","Wild Strike"],"picked":"Headbutt","floor":4.0},{"not_picked":["Headbutt","Dual Wield","Pommel Strike"],"picked":"SKIP","floor":6.0},{"not_picked":["Thunderclap","Reaper"],"picked":"Second Wind","floor":8.0},{"not_picked":["Thunderclap","Seeing Red","True Grit"],"picked":"SKIP","floor":11.0},{"not_picked":["Thunderclap","Seeing Red","True Grit"],"picked":"SKIP","floor":11.0},{"not_picked":["Fire Breathing","Clothesline","Anger"],"picked":"SKIP","floor":13.0},{"not_picked":["Rage","Corruption"],"picked":"Armaments","floor":18.0},{"not_picked":["Wild Strike","Sword Boomerang","Inflame"],"picked":"SKIP","floor":21.0},{"not_picked":["True Grit","Iron Wave+1"],"picked":"Clash","floor":24.0},{"not_picked":["Body Slam","Feel No Pain","Whirlwind"],"picked":"SKIP","floor":25.0},{"not_picked":["Iron Wave","True Grit"],"picked":"Battle Trance","floor":31.0},{"not_picked":["Bludgeon","Fiend Fire"],"picked":"Offering","floor":33.0},{"not_picked":["Thunderclap","Sword Boomerang","Searing Blow"],"picked":"SKIP","floor":35.0},{"not_picked":["Corruption","Cleave","Havoc"],"picked":"SKIP","floor":39.0},{"not_picked":["Clothesline+1","Wild Strike","Sentinel"],"picked":"SKIP","floor":41.0},{"not_picked":["Warcry","Dual Wield","Clash"],"picked":"SKIP","floor":42.0},{"not_picked":["Havoc","Shockwave","Pummel"],"picked":"SKIP","floor":46.0}],"player_experience":2574714,"relics_obtained":[{"floor":8.0,"key":"Red Skull"},{"floor":9.0,"key":"Whetstone"},{"floor":25.0,"key":"Mercury Hourglass"},{"floor":26.0,"key":"Matryoshka"},{"floor":42.0,"key":"Potion Belt"},{"floor":43.0,"key":"Dream Catcher"},{"floor":43.0,"key":"Thread and Needle"},{"floor":45.0,"key":"Peace Pipe"}],"event_choices":[{"damage_healed":0.0,"max_hp_gain":0.0,"max_hp_loss":0.0,"gold_gain":0.0,"event_name":"Liars Game","player_choice":"Ignored","floor":2.0,"gold_loss":0.0,"damage_taken":0.0},{"damage_healed":0.0,"max_hp_gain":0.0,"max_hp_loss":0.0,"gold_gain":75.0,"event_name":"World of Goop","player_choice":"Gather Gold","floor":14.0,"gold_loss":0.0,"damage_taken":11.0},{"cards_removed":["Strike_R"],"damage_healed":0.0,"max_hp_gain":0.0,"max_hp_loss":0.0,"gold_gain":0.0,"event_name":"Beggar","player_choice":"Gave Gold","floor":19.0,"gold_loss":75.0,"damage_taken":0.0},{"cards_removed":["Defend_R"],"damage_healed":0.0,"max_hp_gain":0.0,"max_hp_loss":0.0,"gold_gain":0.0,"event_name":"Back to Basics","player_choice":"Elegance","floor":28.0,"gold_loss":0.0,"damage_taken":0.0},{"damage_healed":0.0,"max_hp_gain":0.0,"max_hp_loss":38.0,"gold_gain":0.0,"event_name":"Ghosts","player_choice":"Became a Ghost","floor":29.0,"gold_loss":0.0,"damage_taken":0.0,"cards_obtained":["Ghostly","Ghostly","Ghostly"]},{"damage_healed":0.0,"max_hp_gain":0.0,"max_hp_loss":0.0,"gold_gain":0.0,"event_name":"Tomb of Lord Red Mask","player_choice":"Paid","floor":37.0,"gold_loss":31.0,"damage_taken":0.0,"relics_obtained":["Red Mask"]},{"damage_healed":0.0,"max_hp_gain":0.0,"max_hp_loss":0.0,"gold_gain":0.0,"event_name":"Mysterious Sphere","player_choice":"Fight","floor":45.0,"gold_loss":0.0,"damage_taken":0.0},{"cards_removed":["Battle Trance"],"damage_healed":0.0,"max_hp_gain":0.0,"max_hp_loss":0.0,"gold_gain":0.0,"event_name":"Falling","player_choice":"Removed Skill","floor":48.0,"gold_loss":0.0,"damage_taken":0.0}],"is_beta":false,"boss_relics":[{"not_picked":["White Beast Statue","Runic Pyramid"],"picked":"Empty Cage"},{"not_picked":["Black Blood","Tiny House"],"picked":"Runic Dome"}],"items_purged_floors":[5,20,22,36],"is_endless":false,"potions_floor_spawned":[1,18,24,42],"killed_by":"Awakened One","ascension_level":20}