{"gold_per_floor":[113,113,113,9,27,53,53,88,88,123,123,139,162,176,176,249,249,260,260,260,160,160,160,195,214,214,115,148,148,148,177,177,177],"floor_reached":33,"playtime":1061,"items_purged":["Pain","Defend_R"],"score":684,"play_id":"ecf3662d-594d-4982-9340-c85c976ab1d1","local_time":"20181201204837","is_ascension_mode":true,"campfire_choices":[{"data":"Wild Strike","floor":7,"key":"SMITH"},{"data":"Entrench","floor":11,"key":"SMITH"},{"data":"Perfected Strike","floor":15,"key":"SMITH"},{"data":"Rage","floor":23,"key":"SMITH"},{"data":"Barricade","floor":29,"key":"SMITH"},{"data":"PanicButton","floor":32,"key":"SMITH"}],"neow_cost":"NONE","seed_source_timestamp":14160204930757,"circlet_count":0,"master_deck":["AscendersBane","Strike_R","Strike_R","Strike_R","Strike_R","Defend_R","Defend_R","Bash","Headbutt","Perfected Strike+1","Wild Strike+1","Rage+1","Entrench+1","Power Through","Sever Soul","Twin Strike","Berserk","Barricade+1","PanicButton+1","True Grit+1"],"relics":["Burning Blood","NeowsBlessing","WarpedTongs","Orichalcum","Meat on the Bone","Letter Opener","Pear","Odd Mushroom","Sozu","Enchiridion","Matryoshka","Ornamental Fan","Thread and Needle","Juzu Bracelet","Darkstone Periapt"],"potions_floor_usage":[16,28],"damage_taken":[{"damage":0,"enemies":"Small Slimes","floor":1,"turns":2},{"damage":0,"enemies":"Cultist","floor":5,"turns":1},{"damage":0,"enemies":"Lagavulin","floor":6,"turns":1},{"damage":2,"enemies":"Gremlin Nob","floor":8,"turns":3},{"damage":24,"enemies":"Lagavulin","floor":10,"turns":7},{"damage":0,"enemies":"Jaw Worm","floor":12,"turns":4},{"damage":8,"enemies":"The Mushroom Lair","floor":13,"turns":4},{"damage":7,"enemies":"Blue Slaver","floor":14,"turns":2},{"damage":35,"enemies":"Hexaghost","floor":16,"turns":9},{"damage":2,"enemies":"2 Thieves","floor":18,"turns":3},{"damage":24,"enemies":"Gremlin Leader","floor":24,"turns":6},{"damage":0,"enemies":"3 Byrds","floor":25,"turns":7},{"damage":27,"enemies":"Book of Stabbing","floor":28,"turns":5},{"damage":20,"enemies":"Slavers","floor":31,"turns":8},{"damage":56,"enemies":"Collector","floor":33,"turns":15}],"seed_played":"2281496299032878784","potions_obtained":[{"floor":1,"key":"GamblersBrew"},{"floor":8,"key":"GamblersBrew"}],"is_trial":false,"path_per_floor":["M","?","?","$","M","E","R","E","T","E","R","M","?","M","R","B",null,"M","?","?","$","?","R","E","M","T","$","E","R","?","E","R","B"],"character_chosen":"IRONCLAD","items_purchased":["Perfected Strike","PanicButton"],"campfire_rested":0,"item_purchase_floors":[4,27],"current_hp_per_floor":[74,67,67,67,73,75,75,75,75,67,67,73,71,70,70,53,77,81,81,60,60,60,60,54,60,60,60,51,51,51,49,49,0],"gold":177,"neow_bonus":"THREE_ENEMY_KILL","is_prod":false,"is_daily":false,"chose_seed":false,"campfire_upgraded":6,"win_rate":0,"timestamp":1543668517,"path_taken":["M","?","?","$","?","E","R","E","T","E","R","M","?","M","R","BOSS","M","?","?","$","?","R","E","?","T","?","E","R","?","E","R","BOSS"],"build_version":"2018-11-15","purchased_purges":2,"victory":false,"max_hp_per_floor":[75,75,75,75,75,75,75,75,75,85,85,85,85,85,85,85,85,85,85,85,85,85,85,85,85,85,85,85,85,85,85,85,85],"card_choices":[{"not_picked":["Pommel Strike","Clothesline"],"picked":"Headbutt","floor":1},{"not_picked":["Twin Strike","Body Slam"],"picked":"Wild Strike","floor":5},{"not_picked":["Wild Strike","Flex","Shrug It Off"],"picked":"SKIP","floor":6},{"not_picked":["Corruption","Body Slam"],"picked":"Rage","floor":8},{"not_picked":["Rage","Wild Strike"],"picked":"Entrench","floor":10},{"not_picked":["Blood for Blood","Twin Strike"],"picked":"Power Through","floor":12},{"not_picked":["Reckless Charge","Ghostly Armor"],"picked":"Sever Soul","floor":13},{"not_picked":["Flame Barrier","Iron Wave"],"picked":"Twin Strike","floor":14},{"not_picked":["Limit Break","Fiend Fire"],"picked":"Berserk","floor":16},{"not_picked":["Shrug It Off","Iron Wave","Heavy Blade"],"picked":"SKIP","floor":18},{"not_picked":["Rage","Double Tap"],"picked":"Barricade","floor":24},{"not_picked":["Inflame+1","Combust","Reckless Charge"],"picked":"SKIP","floor":25},{"not_picked":["Thunderclap+1","Headbutt"],"picked":"True Grit+1","floor":28},{"not_picked":["Infernal Blade","Headbutt","Wild Strike+1"],"picked":"SKIP","floor":31}],"player_experience":2244539,"relics_obtained":[{"floor":6,"key":"Orichalcum"},{"floor":8,"key":"Meat on the Bone"},{"floor":9,"key":"Letter Opener"},{"floor":10,"key":"Pear"},{"floor":13,"key":"Odd Mushroom"},{"floor":20,"key":"Enchiridion"},{"floor":24,"key":"Matryoshka"},{"floor":26,"key":"Ornamental Fan"},{"floor":26,"key":"Thread and Needle"},{"floor":28,"key":"Juzu Bracelet"},{"floor":31,"key":"Darkstone Periapt"}],"event_choices":[{"cards_removed":["Strike_R"],"damage_healed":0,"gold_gain":0,"player_choice":"Card Removal","damage_taken":7,"max_hp_gain":0,"max_hp_loss":0,"event_name":"Golden Wing","floor":2,"gold_loss":0},{"damage_healed":0,"gold_gain":0,"player_choice":"Rummage","damage_taken":0,"relics_obtained":["WarpedTongs"],"max_hp_gain":0,"max_hp_loss":0,"event_name":"Accursed Blacksmith","floor":3,"gold_loss":0,"cards_obtained":["Pain"]},{"damage_healed":0,"gold_gain":0,"player_choice":"Fought Mushrooms","damage_taken":0,"max_hp_gain":0,"max_hp_loss":0,"event_name":"Mushrooms","floor":13,"gold_loss":0},{"damage_healed":0,"gold_gain":0,"player_choice":"Ignored","damage_taken":0,"max_hp_gain":0,"max_hp_loss":0,"event_name":"Ghosts","floor":19,"gold_loss":0},{"damage_healed":0,"gold_gain":0,"player_choice":"Obtained Book","damage_taken":21,"max_hp_gain":0,"max_hp_loss":0,"event_name":"Cursed Tome","floor":20,"gold_loss":0},{"cards_removed":["Defend_R"],"damage_healed":0,"gold_gain":0,"player_choice":"Purged","damage_taken":0,"max_hp_gain":0,"max_hp_loss":0,"event_name":"Purifier","floor":22,"gold_loss":0},{"damage_healed":0,"gold_gain":0,"player_choice":"Ignored","damage_taken":0,"max_hp_gain":0,"max_hp_loss":0,"event_name":"The Mausoleum","floor":30,"gold_loss":0}],"is_beta":false,"boss_relics":[{"not_picked":["Lizard Tail","Snecko Eye"],"picked":"Sozu"}],"items_purged_floors":[4,21],"is_endless":false,"potions_floor_spawned":[1,8,10,18,28,31],"killed_by":"Collector","ascension_level":20}