{"gold_per_floor":[117,132,152,152,152,152,186,186,186,219],"floor_reached":10,"playtime":280,"items_purged":[],"score":152,"play_id":"44595948-ba32-420d-b420-42cbabafbf71","local_time":"20181228201637","daily_mods":["SealedDeck","DeadlyEvents"],"is_ascension_mode":true,"campfire_choices":[{"data":"Spot Weakness","floor":6.0,"key":"SMITH"},{"floor":8,"key":"REST"}],"neow_cost":"","seed_source_timestamp":0,"circlet_count":0,"master_deck":["AscendersBane","Second Wind","Clothesline","Heavy Blade","True Grit","Shrug It Off","Havoc+1","Disarm","Flame Barrier","Body Slam","Spot Weakness+1","Armaments+1","Shrug It Off","Sentinel"],"special_seed":0,"relics":["Snecko Eye","Golden Idol","Pear","Toxic Egg 2","Anchor"],"potions_floor_usage":[],"damage_taken":[{"damage":0.0,"enemies":"Jaw Worm","floor":1.0,"turns":2.0},{"damage":0.0,"enemies":"Small Slimes","floor":2.0,"turns":2.0},{"damage":3.0,"enemies":"2 Louse","floor":3.0,"turns":2.0},{"damage":34,"enemies":"Gremlin Nob","floor":7,"turns":4},{"damage":17,"enemies":"3 Sentries","floor":10,"turns":7}],"seed_played":"899793681915615474","potions_obtained":[{"floor":1.0,"key":"Dexterity Potion"},{"floor":10,"key":"Dexterity Potion"}],"is_trial":true,"path_per_floor":["M","M","M","?","?","R","E","R","T","E"],"character_chosen":"IRONCLAD","items_purchased":[],"campfire_rested":1,"item_purchase_floors":[],"current_hp_per_floor":[68,68,65,42,42,42,18,41,41,24],"gold":219,"neow_bonus":"","is_prod":false,"is_daily":false,"chose_seed":true,"campfire_upgraded":1,"win_rate":0,"timestamp":1546056997,"path_taken":["M","M","M","?","?","R","E","R","T","E"],"build_version":"2018-12-20","purchased_purges":0,"victory":false,"max_hp_per_floor":[75,75,75,75,68,68,78,78,78,78],"card_choices":[{"not_picked":["Evolve","Anger"],"picked":"Armaments","floor":1.0},{"not_picked":["Heavy Blade","Cleave"],"picked":"Shrug It Off","floor":2.0},{"not_picked":["Rage","Flex","Clothesline"],"picked":"SKIP","floor":3.0},{"not_picked":["Twin Strike","Seeing Red"],"picked":"Sentinel","floor":7},{"not_picked":["Thunderclap","Fire Breathing","Sword Boomerang"],"picked":"SKIP","floor":10}],"player_experience":1909943,"relics_obtained":[{"floor":7,"key":"Pear"},{"floor":9,"key":"Toxic Egg 2"},{"floor":10,"key":"Anchor"}],"event_choices":[{"damage_healed":0.0,"max_hp_gain":0.0,"max_hp_loss":0.0,"gold_gain":0.0,"event_name":"Shining Light","player_choice":"Entered Light","floor":4.0,"gold_loss":0.0,"damage_taken":23.0,"cards_upgraded":["Havoc","Armaments"]},{"damage_healed":0.0,"max_hp_gain":0.0,"max_hp_loss":7.0,"gold_gain":0.0,"event_name":"Golden Idol","player_choice":"Lose Max HP","floor":5.0,"gold_loss":0.0,"damage_taken":0.0,"relics_obtained":["Golden Idol"]}],"is_beta":false,"boss_relics":[],"items_purged_floors":[],"is_endless":false,"potions_floor_spawned":[1,10],"killed_by":"3 Sentries","ascension_level":20}