{"gold_per_floor":[112,123,48,61,72,72,106,126,153,153,169,169,205,280,280,405,468,468,489,489,513,532,532,532,33,333,357,407,407],"floor_reached":29,"playtime":860,"items_purged":["Injury","Strike_R"],"score":359,"play_id":"7b8cad75-1a7b-4e0c-b004-4b245029cd31","local_time":"25610724190339","is_ascension_mode":true,"campfire_choices":[{"data":"Armaments","floor":6,"key":"SMITH"},{"data":"Shockwave","floor":10,"key":"SMITH"},{"floor":15,"key":"REST"},{"data":"Iron Wave","floor":24,"key":"SMITH"}],"neow_cost":"CURSE","seed_source_timestamp":26424337751029,"circlet_count":0,"master_deck":["Strike_R","Strike_R","Strike_R","Strike_R","Defend_R","Defend_R","Defend_R","Defend_R","Bash","Seeing Red+1","Shockwave+1","Armaments+1","Clash","Flex+1","Iron Wave+1","Injury","Spot Weakness+1","Shrug It Off+1","Sentinel","Perfected Strike"],"relics":["Burning Blood","Charon\u0027s Ashes","Smiling Mask","Lantern","Golden Idol","Bag of Marbles","Tiny House","War Paint","Peace Pipe","Old Coin"],"potions_floor_usage":[7,16,18,19,21,23],"damage_taken":[{"damage":15,"enemies":"2 Louse","floor":1,"turns":3},{"damage":0,"enemies":"Small Slimes","floor":2,"turns":3},{"damage":2,"enemies":"Jaw Worm","floor":4,"turns":3},{"damage":8,"enemies":"Exordium Wildlife","floor":5,"turns":4},{"damage":22,"enemies":"Lagavulin","floor":7,"turns":6},{"damage":4,"enemies":"Looter","floor":8,"turns":3},{"damage":1,"enemies":"Exordium Thugs","floor":11,"turns":4},{"damage":4,"enemies":"3 Sentries","floor":13,"turns":5},{"damage":15,"enemies":"The Guardian","floor":16,"turns":8},{"damage":28,"enemies":"Spheric Guardian","floor":18,"turns":5},{"damage":47,"enemies":"Shell Parasite","floor":19,"turns":6},{"damage":19,"enemies":"Snake Plant","floor":21,"turns":4},{"damage":12,"enemies":"3 Cultists","floor":22,"turns":6},{"damage":5,"enemies":"Gremlin Leader","floor":23,"turns":2},{"damage":21,"enemies":"Chosen and Byrds","floor":27,"turns":6},{"damage":55,"enemies":"Slavers","floor":29,"turns":4}],"seed_played":"8888953692189925405","potions_obtained":[{"floor":2,"key":"FearPotion"},{"floor":8,"key":"SmokeBomb"},{"floor":13,"key":"Strength Potion"},{"floor":16,"key":"BloodPotion"},{"floor":17,"key":"SmokeBomb"},{"floor":19,"key":"Fire Potion"}],"is_trial":false,"path_per_floor":["M","M","$","M","M","R","E","M","T","R","M","?","E","?","R","B",null,"M","M","?","M","M","E","R","$","T","M","?"],"character_chosen":"IRONCLAD","items_purchased":["War Paint","Peace Pipe"],"campfire_rested":1,"item_purchase_floors":[25,25],"current_hp_per_floor":[63,69,69,73,71,71,55,57,57,57,62,62,64,53,77,68,82,60,27,95,82,76,77,77,77,77,62,62,7],"gold":407,"neow_bonus":"ONE_RARE_RELIC","is_prod":false,"is_daily":false,"chose_seed":false,"campfire_upgraded":3,"win_rate":0,"timestamp":1532433819,"path_taken":["M","M","$","M","M","R","E","M","T","R","M","?","E","?","R","BOSS","M","M","?","?","M","E","R","$","T","M","?","E"],"build_version":"2018-07-19v2","purchased_purges":2,"victory":false,"max_hp_per_floor":[80,80,80,80,80,80,80,80,80,80,80,80,80,80,80,80,85,85,85,95,95,95,95,95,95,95,95,95,95],"card_choices":[{"not_picked":["Pommel Strike","Inflame"],"picked":"Seeing Red","floor":1},{"not_picked":["Body Slam","Iron Wave"],"picked":"Shockwave","floor":2},{"not_picked":["Reckless Charge","Shrug It Off"],"picked":"Armaments","floor":4},{"not_picked":["Headbutt","Armaments","Blood for Blood"],"picked":"SKIP","floor":5},{"not_picked":["Pommel Strike","Wild Strike"],"picked":"Clash","floor":7},{"not_picked":["Sword Boomerang","Exhume"],"picked":"Flex","floor":8},{"not_picked":["Body Slam","Perfected Strike"],"picked":"Iron Wave","floor":11},{"not_picked":["Anger","Warcry"],"picked":"Spot Weakness","floor":13},{"not_picked":["Reaper","Barricade"],"picked":"Demon Form","floor":16},{"not_picked":["Clash","Sword Boomerang+1"],"picked":"Shrug It Off+1","floor":19},{"not_picked":["Reckless Charge+1","Entrench+1","Sever Soul+1"],"picked":"SKIP","floor":21},{"not_picked":["Burning Pact","Searing Blow"],"picked":"Sentinel","floor":22},{"not_picked":["Combust","Warcry"],"picked":"Perfected Strike","floor":27}],"player_experience":130960,"relics_obtained":[{"floor":7,"key":"Smiling Mask"},{"floor":9,"key":"Lantern"},{"floor":13,"key":"Bag of Marbles"},{"floor":26,"key":"Old Coin"}],"event_choices":[{"event_name":"Golden Idol","player_choice":"Take Wound","floor":12,"damage_taken":0},{"event_name":"World of Goop","player_choice":"Gather Gold","floor":14,"damage_taken":0},{"event_name":"Bonfire Elementals","player_choice":"RARE","floor":20,"damage_taken":0},{"event_name":"The Joust","player_choice":"Bet on Murderer","floor":28,"damage_taken":0}],"is_beta":false,"boss_relics":[{"not_picked":["Pandora\u0027s Box","Velvet Choker"],"picked":"Tiny House"}],"items_purged_floors":[3,25],"is_endless":false,"potions_floor_spawned":[2,8,13,16,18,19,23],"killed_by":"Slavers","ascension_level":6}