{"gold_per_floor":[117,117,128,63,76,76,88,104,130,145,155,186,186,197,197,300,300,319,88,163,173,173,173,113,128,128,145,145,75,85,101,101,205,205,218,218,318,318,337,337,337,350,350,28,28,40,40,56,56,56],"floor_reached":50,"playtime":5571,"items_purged":["Strike_R"],"score":470,"play_id":"bde53dda-55e2-430b-b90c-3ab0ace82322","local_time":"20190318014730","is_ascension_mode":true,"campfire_choices":[{"data":"Seeing Red","floor":6,"key":"SMITH"},{"data":"True Grit","floor":13,"key":"SMITH"},{"data":"Immolate","floor":15,"key":"SMITH"},{"data":"Armaments","floor":23,"key":"SMITH"},{"data":"Second Wind","floor":28,"key":"SMITH"},{"data":"Corruption","floor":32,"key":"SMITH"},{"floor":40,"key":"REST"},{"data":"Magnetism","floor":45,"key":"SMITH"},{"floor":47,"key":"REST"},{"floor":49,"key":"REST"}],"neow_cost":"PERCENT_DAMAGE","seed_source_timestamp":135210073536389,"circlet_count":0,"master_deck":["Strike_R+1","Defend_R","Defend_R","Defend_R","Defend_R","Bash","Immolate+1","Uppercut","Seeing Red+1","Thunderclap+1","True Grit+1","Power Through","Feed","Armaments+1","Headbutt","Juggernaut","Rampage","Second Wind+1","Feel No Pain","Barricade","Corruption+1","Bludgeon","Entrench+1","Immolate+1","Flex+1","Magnetism+1","Rage+1"],"relics":["Burning Blood","Bronze Scales","Oddly Smooth Stone","Whetstone","Snecko Eye","Pen Nib","Mummified Hand","Dead Branch","Lizard Tail","StoneCalendar","Blue Candle","Boot"],"potions_floor_usage":[8,16,21,30,50,50],"damage_taken":[{"damage":0,"enemies":"2 Louse","floor":1,"turns":1},{"damage":5,"enemies":"Small Slimes","floor":3,"turns":2},{"damage":1,"enemies":"Cultist","floor":5,"turns":3},{"damage":0,"enemies":"Lots of Slimes","floor":7,"turns":1},{"damage":0,"enemies":"Exordium Wildlife","floor":8,"turns":2},{"damage":1,"enemies":"Blue Slaver","floor":10,"turns":3},{"damage":0,"enemies":"Large Slime","floor":11,"turns":4},{"damage":18,"enemies":"3 Sentries","floor":12,"turns":5},{"damage":0,"enemies":"Gremlin Gang","floor":14,"turns":1},{"damage":29,"enemies":"Slime Boss","floor":16,"turns":10},{"damage":6,"enemies":"Chosen","floor":18,"turns":3},{"damage":0,"enemies":"3 Byrds","floor":21,"turns":2},{"damage":1,"enemies":"Snake Plant","floor":25,"turns":4},{"damage":0,"enemies":"Snecko","floor":27,"turns":2},{"damage":15,"enemies":"Shelled Parasite and Fungi","floor":30,"turns":4},{"damage":0,"enemies":"Snake Plant","floor":31,"turns":2},{"damage":57,"enemies":"Automaton","floor":33,"turns":10},{"damage":0,"enemies":"3 Shapes","floor":35,"turns":3},{"damage":0,"enemies":"Mind Bloom Boss Battle","floor":37,"turns":4},{"damage":23,"enemies":"3 Darklings","floor":39,"turns":3},{"damage":4,"enemies":"4 Shapes","floor":42,"turns":2},{"damage":21,"enemies":"Spire Growth","floor":46,"turns":5},{"damage":18,"enemies":"Sphere and 2 Shapes","floor":48,"turns":5},{"damage":134,"enemies":"Awakened One","floor":50,"turns":12}],"seed_played":"6870179880720529508","potions_obtained":[{"floor":1,"key":"Block Potion"},{"floor":3,"key":"Ancient Potion"},{"floor":10,"key":"SpeedPotion"},{"floor":12,"key":"Explosive Potion"},{"floor":18,"key":"LiquidBronze"},{"floor":21,"key":"AttackPotion"},{"floor":31,"key":"SteroidPotion"},{"floor":33,"key":"SkillPotion"},{"floor":48,"key":"GamblersBrew"}],"is_trial":false,"path_per_floor":["M","?","M","?","M","R","M","M","T","M","M","E","R","M","R","B",null,"M","$","?","M","?","R","?","M","T","M","R","$","M","M","R","B",null,"M","?","?","?","M","R","?","M","T","$","R","M","R","M","R","B"],"character_chosen":"IRONCLAD","items_purchased":["Pen Nib","Feel No Pain","Magnetism","Boot"],"campfire_rested":3,"item_purchase_floors":[19,29,44,44],"current_hp_per_floor":[62,55,56,56,61,61,67,73,73,78,80,68,68,74,74,51,80,80,80,72,78,78,78,78,80,80,80,80,80,71,77,77,26,80,80,80,80,80,63,80,80,80,80,80,80,65,80,68,80,0],"gold":56,"neow_bonus":"THREE_RARE_CARDS","is_prod":false,"is_daily":false,"chose_seed":false,"campfire_upgraded":7,"win_rate":0,"timestamp":1552873650,"path_taken":["M","?","M","?","M","R","?","M","T","?","M","E","R","M","R","BOSS","M","$","?","?","?","R","?","?","T","M","R","$","M","M","R","BOSS","M","?","?","?","M","R","?","M","T","$","R","?","R","M","R","BOSS"],"build_version":"2019-01-23","purchased_purges":1,"victory":false,"max_hp_per_floor":[80,80,80,80,80,80,80,80,80,80,80,80,80,80,80,80,80,80,80,80,80,80,80,80,80,80,80,80,80,80,80,80,80,80,80,80,80,80,80,80,80,80,80,80,80,80,80,80,80,80],"card_choices":[{"not_picked":["Barricade","Exhume"],"picked":"Immolate","floor":0},{"not_picked":["Shrug It Off","Sword Boomerang"],"picked":"Uppercut","floor":1},{"not_picked":["Uppercut","Clash"],"picked":"Seeing Red","floor":3},{"not_picked":["Wild Strike","Headbutt"],"picked":"Thunderclap","floor":5},{"not_picked":["Wild Strike","Thunderclap","Perfected Strike"],"picked":"SKIP","floor":7},{"not_picked":["Blood for Blood","Body Slam","Pommel Strike"],"picked":"SKIP","floor":8},{"not_picked":["Uppercut","Perfected Strike","Seeing Red"],"picked":"SKIP","floor":10},{"not_picked":["Anger","Iron Wave"],"picked":"True Grit","floor":11},{"not_picked":["Body Slam","Feel No Pain"],"picked":"Power Through","floor":12},{"not_picked":["Sentinel","Spot Weakness","Hemokinesis"],"picked":"SKIP","floor":14},{"not_picked":["Impervious","Fiend Fire"],"picked":"Feed","floor":16},{"not_picked":["Pummel+1","Heavy Blade+1"],"picked":"Armaments","floor":18},{"not_picked":["Whirlwind+1","Iron Wave","Armaments"],"picked":"SKIP","floor":21},{"not_picked":["Pommel Strike+1","Armaments+1"],"picked":"Rampage","floor":25},{"not_picked":["Warcry","Armaments"],"picked":"Second Wind","floor":27},{"not_picked":["Combust+1","Evolve"],"picked":"Barricade","floor":30},{"not_picked":["Body Slam","Anger"],"picked":"Corruption","floor":31},{"not_picked":["Fiend Fire","Feed"],"picked":"Bludgeon","floor":33},{"not_picked":["Shrug It Off+1","Power Through+1"],"picked":"Entrench+1","floor":35},{"not_picked":["Fire Breathing+1","Perfected Strike+1","Evolve+1"],"picked":"SKIP","floor":39},{"not_picked":["Cleave+1","Thunderclap+1"],"picked":"Flex+1","floor":42},{"not_picked":["Entrench","Carnage","Thunderclap+1"],"picked":"SKIP","floor":46},{"not_picked":["Evolve","Berserk"],"picked":"Rage+1","floor":48}],"player_experience":399544,"relics_obtained":[{"floor":9,"key":"Oddly Smooth Stone"},{"floor":12,"key":"Whetstone"},{"floor":26,"key":"Dead Branch"},{"floor":37,"key":"StoneCalendar"},{"floor":43,"key":"Blue Candle"}],"event_choices":[{"cards_removed":["Strike_R"],"damage_healed":0,"gold_gain":0,"player_choice":"Card Removal","damage_taken":7,"max_hp_gain":0,"max_hp_loss":0,"event_name":"Golden Wing","floor":2,"gold_loss":0},{"damage_healed":0,"gold_gain":0,"player_choice":"Paid Gold","damage_taken":0,"relics_obtained":["Bronze Scales"],"max_hp_gain":0,"max_hp_loss":0,"event_name":"WeMeetAgain","floor":4,"gold_loss":65},{"damage_healed":0,"gold_gain":75,"player_choice":"Touch","damage_taken":8,"max_hp_gain":0,"max_hp_loss":0,"event_name":"FaceTrader","floor":20,"gold_loss":0},{"damage_healed":0,"gold_gain":0,"player_choice":"Opened","damage_taken":0,"relics_obtained":["Mummified Hand"],"max_hp_gain":0,"max_hp_loss":0,"event_name":"The Mausoleum","floor":22,"gold_loss":0},{"damage_healed":0,"gold_gain":0,"cards_transformed":["Strike_R","Strike_R"],"player_choice":"Transformed Cards","damage_taken":0,"max_hp_gain":0,"max_hp_loss":0,"event_name":"Designer","floor":24,"gold_loss":60,"cards_obtained":["Headbutt","Juggernaut"]},{"damage_healed":0,"gold_gain":0,"player_choice":"Ignored","damage_taken":0,"max_hp_gain":0,"max_hp_loss":0,"event_name":"Tomb of Lord Red Mask","floor":36,"gold_loss":0},{"damage_healed":0,"gold_gain":0,"player_choice":"Fight","damage_taken":0,"max_hp_gain":0,"max_hp_loss":0,"event_name":"MindBloom","floor":37,"gold_loss":0},{"damage_healed":0,"gold_gain":0,"player_choice":"Ignored","damage_taken":0,"max_hp_gain":0,"max_hp_loss":0,"event_name":"Mysterious Sphere","floor":38,"gold_loss":0},{"damage_healed":0,"gold_gain":0,"player_choice":"Copied","damage_taken":0,"max_hp_gain":0,"max_hp_loss":0,"event_name":"Duplicator","floor":41,"gold_loss":0,"cards_obtained":["Immolate"]}],"is_beta":false,"boss_relics":[{"not_picked":["Coffee Dripper","Tiny House"],"picked":"Snecko Eye"},{"not_picked":["Mark of Pain","Black Star"],"picked":"Lizard Tail"}],"items_purged_floors":[19],"is_endless":false,"potions_floor_spawned":[1,3,10,12,18,21,31,33,37,42,48],"killed_by":"Awakened One","ascension_level":1}