{"gold_per_floor":[116,116,127,1,21,21,84,99,126,126,126,146,172,191,191,269,269,285,45,62,62,62,62,112,122,149,27,44,61,91,104,104,182,182,200,213,213,19,38,38,48,78,78,89,209,12,12,22,22,22],"floor_reached":50,"playtime":2425,"items_purged":[],"score":911,"play_id":"a4417bfa-8389-46e0-946f-547bc5fdc7ac","local_time":"20181027191152","is_ascension_mode":true,"campfire_choices":[{"data":"Go for the Eyes","floor":6.0,"key":"SMITH"},{"data":"Streamline","floor":10.0,"key":"SMITH"},{"data":"Hologram","floor":15.0,"key":"SMITH"},{"data":"Defragment","floor":23.0,"key":"SMITH"},{"floor":32,"key":"REST"},{"floor":40,"key":"REST"},{"floor":47,"key":"REST"},{"data":"Discovery","floor":49,"key":"SMITH"}],"neow_cost":"NONE","seed_source_timestamp":39335308855047,"circlet_count":0,"master_deck":["Strike_B+1","Strike_B+1","Strike_B+1","Strike_B+1","Defend_B+1","Defend_B+1","Defend_B+1","Defend_B+1","Zap+1","Dualcast","AscendersBane","Beam Cell","Conserve Battery","Rebound","Go for the Eyes+1","Consume","Streamline+1","Hologram+1","Ball Lightning+1","Steam","Biased Cognition","FTL","Defragment+1","Undo","Leap","Sweeping Beam","Self Repair","Ball Lightning+1","White Noise+1","Buffer","Fusion+1","Discovery+1","HandOfGreed","Sweeping Beam","Compile Driver+1","Leap+1","Recycle+1","All For One","The Bomb","Blind","Skim"],"special_seed":0,"relics":["Cracked Core","DataDisk","Tiny Chest","Strawberry","Symbiotic Virus","Regal Pillow","Sozu","The Courier","Omamori","Bag of Preparation","Whetstone","Snecko Eye","Matryoshka","Ornamental Fan","Orichalcum","Ginger"],"potions_floor_usage":[],"damage_taken":[{"damage":2.0,"enemies":"Jaw Worm","floor":1.0,"turns":3.0},{"damage":0.0,"enemies":"2 Louse","floor":3.0,"turns":2.0},{"damage":1.0,"enemies":"Cultist","floor":5.0,"turns":3.0},{"damage":20.0,"enemies":"3 Sentries","floor":7.0,"turns":7.0},{"damage":0.0,"enemies":"Large Slime","floor":8.0,"turns":3.0},{"damage":4.0,"enemies":"Exordium Wildlife","floor":12.0,"turns":2.0},{"damage":18.0,"enemies":"Lagavulin","floor":13.0,"turns":6.0},{"damage":2.0,"enemies":"2 Fungi Beasts","floor":14.0,"turns":3.0},{"damage":14.0,"enemies":"Hexaghost","floor":16.0,"turns":7.0},{"damage":8.0,"enemies":"Chosen","floor":18.0,"turns":4.0},{"damage":15.0,"enemies":"3 Byrds","floor":20.0,"turns":5.0},{"damage":17.0,"enemies":"3 Cultists","floor":25.0,"turns":5.0},{"damage":21.0,"enemies":"Snake Plant","floor":28.0,"turns":4.0},{"damage":0.0,"enemies":"Cultist and Chosen","floor":29.0,"turns":3.0},{"damage":15.0,"enemies":"Slavers","floor":30.0,"turns":4.0},{"damage":5,"enemies":"Snecko","floor":31,"turns":5},{"damage":26,"enemies":"Champ","floor":33,"turns":11},{"damage":24,"enemies":"3 Darklings","floor":35,"turns":6},{"damage":0,"enemies":"3 Shapes","floor":36,"turns":4},{"damage":30,"enemies":"Spire Growth","floor":39,"turns":6},{"damage":30,"enemies":"Transient","floor":41,"turns":5},{"damage":19,"enemies":"Nemesis","floor":42,"turns":7},{"damage":0,"enemies":"Maw","floor":44,"turns":7},{"damage":6,"enemies":"Mind Bloom Boss Battle","floor":45,"turns":10},{"damage":0,"enemies":"Writhing Mass","floor":48,"turns":5},{"damage":89,"enemies":"Donu and Deca","floor":50,"turns":7}],"seed_played":"-7437038582831288718","potions_obtained":[{"floor":3.0,"key":"Fire Potion"},{"floor":12.0,"key":"SkillPotion"}],"is_trial":false,"path_per_floor":["M","?","M","$","M","R","E","M","T","R","T","M","E","M","R","B",null,"M","$","M","?","T","R","?","M","T","$","M","M","E","M","R","B",null,"M","M","?","$","M","R","M","E","T","M","?","$","R","M","R"],"character_chosen":"DEFECT","items_purchased":["Regen Potion","Rebound","Defragment","Undo","Leap","Sweeping Beam","Bag of Preparation","HandOfGreed","Sweeping Beam","The Bomb","Blind"],"campfire_rested":3,"item_purchase_floors":[4,4,19,19,19,19,27,38,38,46,46],"current_hp_per_floor":[62,62,62,62,61,61,41,41,48,48,48,44,26,24,24,25,65,57,57,42,42,42,42,42,25,25,25,11,18,10,5,43,24,65,48,55,55,55,32,70,47,35,35,42,43,43,78,78,78,0],"gold":22,"neow_bonus":"RANDOM_COMMON_RELIC","is_prod":false,"is_daily":false,"chose_seed":false,"campfire_upgraded":5,"win_rate":0,"timestamp":1540692712,"path_taken":["M","?","M","$","M","R","E","M","T","R","?","M","E","?","R","BOSS","M","$","M","?","?","R","?","M","T","$","M","M","E","M","R","BOSS","M","M","?","$","M","R","M","E","T","?","?","$","R","M","R","BOSS"],"build_version":"2018-10-25v2","purchased_purges":0,"victory":false,"max_hp_per_floor":[71,71,71,71,71,71,71,71,78,78,78,78,78,78,78,78,78,78,78,78,78,78,78,78,78,78,78,78,78,78,78,78,78,78,78,78,78,78,78,78,78,78,78,78,78,78,78,78,78,78],"card_choices":[{"not_picked":["Storm","Rebound"],"picked":"Beam Cell","floor":1.0},{"not_picked":["Barrage","Coolheaded"],"picked":"Conserve Battery","floor":3.0},{"not_picked":["Conserve Battery","Redo"],"picked":"Go for the Eyes","floor":5.0},{"not_picked":["Amplify","Barrage"],"picked":"Consume","floor":7.0},{"not_picked":["Turbo","Leap"],"picked":"Streamline","floor":8.0},{"not_picked":["Reprogram","Beam Cell"],"picked":"Hologram","floor":12.0},{"not_picked":["Heatsinks","Streamline"],"picked":"Ball Lightning","floor":13.0},{"not_picked":["Blizzard","Hologram"],"picked":"Steam","floor":14.0},{"not_picked":["Core Surge","Multi-Cast"],"picked":"Biased Cognition","floor":16.0},{"not_picked":["Sunder","Rip and Tear+1"],"picked":"FTL","floor":18.0},{"not_picked":["Go for the Eyes","Recycle","Hologram"],"picked":"SKIP","floor":20.0},{"not_picked":["Storm","Hello World"],"picked":"Self Repair","floor":25.0},{"not_picked":["Steam Power","Gash"],"picked":"Ball Lightning","floor":28.0},{"not_picked":["Gash","Melter","Undo"],"picked":"SKIP","floor":29.0},{"not_picked":["Turbo","Melter+1","Ball Lightning+1"],"picked":"SKIP","floor":30.0},{"not_picked":["Loop","Cold Snap"],"picked":"White Noise+1","floor":31},{"not_picked":["Seek","Rainbow"],"picked":"Buffer","floor":33},{"not_picked":["Rebound","Go for the Eyes+1","FTL"],"picked":"SKIP","floor":35},{"not_picked":["Streamline","Gash+1"],"picked":"Fusion+1","floor":36},{"not_picked":["Dark Shackles","PanicButton"],"picked":"Discovery","floor":37},{"not_picked":["Redo","Turbo"],"picked":"Compile Driver+1","floor":39},{"not_picked":["Coolheaded","Conserve Battery"],"picked":"Leap+1","floor":41},{"not_picked":["Scrape","Go for the Eyes"],"picked":"Recycle+1","floor":42},{"not_picked":["Coolheaded+1","Redo"],"picked":"All For One","floor":44},{"not_picked":["Ball Lightning","Compile Driver"],"picked":"Skim","floor":48}],"player_experience":1495196,"relics_obtained":[{"floor":7.0,"key":"Tiny Chest"},{"floor":9.0,"key":"Strawberry"},{"floor":11.0,"key":"Symbiotic Virus"},{"floor":13.0,"key":"Regal Pillow"},{"floor":22.0,"key":"The Courier"},{"floor":26.0,"key":"Omamori"},{"floor":30.0,"key":"Whetstone"},{"floor":42,"key":"Matryoshka"},{"floor":43,"key":"Ornamental Fan"},{"floor":43,"key":"Orichalcum"},{"floor":45,"key":"Ginger"}],"event_choices":[{"damage_healed":0.0,"max_hp_gain":0.0,"max_hp_loss":0.0,"gold_gain":0.0,"event_name":"Living Wall","player_choice":"Grow","floor":2.0,"gold_loss":0.0,"damage_taken":0.0,"cards_upgraded":["Zap"]},{"damage_healed":0.0,"max_hp_gain":0.0,"max_hp_loss":0.0,"gold_gain":0.0,"event_name":"Back to Basics","player_choice":"Simplicity","floor":21.0,"gold_loss":0.0,"damage_taken":0.0,"cards_upgraded":["Strike_B","Strike_B","Strike_B","Strike_B","Defend_B","Defend_B","Defend_B","Defend_B"]},{"damage_healed":0.0,"max_hp_gain":0.0,"max_hp_loss":0.0,"gold_gain":50.0,"event_name":"Nest","player_choice":"Stole From Cult","floor":24.0,"gold_loss":0.0,"damage_taken":0.0},{"damage_healed":0,"gold_gain":0,"player_choice":"Memory 1","damage_taken":0,"max_hp_gain":0,"max_hp_loss":0,"event_name":"SensoryStone","floor":37,"gold_loss":0},{"damage_healed":0,"gold_gain":0,"player_choice":"Fight","damage_taken":0,"max_hp_gain":0,"max_hp_loss":0,"event_name":"MindBloom","floor":45,"gold_loss":0}],"is_beta":false,"boss_relics":[{"not_picked":["Pandora\u0027s Box","Astrolabe"],"picked":"Sozu"},{"not_picked":["Tiny House","Philosopher\u0027s Stone"],"picked":"Snecko Eye"}],"items_purged_floors":[],"is_endless":false,"potions_floor_spawned":[3,12,13,25,28,30,31,35,42,44,48],"killed_by":"Donu and Deca","ascension_level":15}