{"gold_per_floor":[109,23,23,33,33,65,85,85,132,157,176,47,47,79,79,180,180,196,196,196,96,96,96,131,141,141,141,141,73,93,125,125,230,230,248,54,54,54,54,81,81,109,136,136,136,136,166,186,186,186,186,186,13,44,44],"floor_reached":56,"playtime":2783,"items_purged":["Strike_R","Defend_R","Defend_R"],"score":1491,"play_id":"32a15b90-7361-4b17-9176-a8a9c9a7366f","local_time":"20190113001403","is_ascension_mode":true,"campfire_choices":[{"data":"Pommel Strike","floor":8.0,"key":"SMITH"},{"data":"True Grit","floor":15.0,"key":"SMITH"},{"data":"Dark Embrace","floor":23.0,"key":"SMITH"},{"data":"Evolve","floor":27.0,"key":"SMITH"},{"data":"Burning Pact","floor":32.0,"key":"SMITH"},{"data":"Offering","floor":45,"key":"SMITH"},{"floor":49,"key":"RECALL"},{"data":"Barricade","floor":52,"key":"SMITH"}],"neow_cost":"PERCENT_DAMAGE","seed_source_timestamp":29345317816585,"circlet_count":0,"master_deck":["Strike_R+1","Bash","Madness+1","Shrug It Off+1","Pommel Strike+1","True Grit+1","Disarm","Evolve+1","Metallicize","Iron Wave","Burning Pact+1","Barricade+1","Madness+1","Flash of Steel","Offering+1"],"special_seed":0,"relics":["Burning Blood","Strawberry","Orichalcum","Gremlin Horn","Mark of Pain","Juzu Bracelet","Nloth\u0027s Gift","Vajra","Turnip","Boot","Coffee Dripper","DollysMirror","Shuriken","Blue Candle","Omamori","Frozen Egg 2","Paper Frog"],"potions_floor_usage":[55,55,55],"damage_taken":[{"damage":1.0,"enemies":"Cultist","floor":1.0,"turns":3.0},{"damage":0.0,"enemies":"Small Slimes","floor":4.0,"turns":3.0},{"damage":22.0,"enemies":"3 Sentries","floor":6.0,"turns":11.0},{"damage":0.0,"enemies":"2 Louse","floor":7.0,"turns":2.0},{"damage":8.0,"enemies":"Gremlin Nob","floor":10.0,"turns":4.0},{"damage":0.0,"enemies":"Exordium Wildlife","floor":11.0,"turns":3.0},{"damage":2.0,"enemies":"3 Sentries","floor":14.0,"turns":10.0},{"damage":30.0,"enemies":"Slime Boss","floor":16.0,"turns":13.0},{"damage":6.0,"enemies":"3 Byrds","floor":18.0,"turns":7.0},{"damage":18.0,"enemies":"Slavers","floor":24.0,"turns":6.0},{"damage":23.0,"enemies":"2 Thieves","floor":25.0,"turns":4.0},{"damage":0.0,"enemies":"Cultist and Chosen","floor":30.0,"turns":5.0},{"damage":10.0,"enemies":"Book of Stabbing","floor":31.0,"turns":4.0},{"damage":0.0,"enemies":"Champ","floor":33.0,"turns":9.0},{"damage":8.0,"enemies":"3 Darklings","floor":35.0,"turns":6.0},{"damage":0.0,"enemies":"Giant Head","floor":40.0,"turns":4.0},{"damage":13.0,"enemies":"Nemesis","floor":42.0,"turns":3.0},{"damage":0,"enemies":"Giant Head","floor":47,"turns":2},{"damage":6,"enemies":"3 Shapes","floor":48,"turns":2},{"damage":13,"enemies":"Awakened One","floor":50,"turns":3},{"damage":0,"enemies":"Shield and Spear","floor":54,"turns":2},{"damage":6,"enemies":"The Heart","floor":55,"turns":5}],"seed_played":"-3208694740426499602","potions_obtained":[{"floor":1.0,"key":"BloodPotion"},{"floor":4.0,"key":"Dexterity Potion"},{"floor":10.0,"key":"Block Potion"},{"floor":25.0,"key":"GamblersBrew"},{"floor":30.0,"key":"SteroidPotion"},{"floor":42.0,"key":"LiquidBronze"},{"floor":47,"key":"BloodPotion"},{"floor":48,"key":"Regen Potion"}],"is_trial":false,"path_per_floor":["M","$","?","M","?","E","M","R","T","E","M","$","?","E","R","B",null,"M","?","T","$","?","R","E","M","T","R","?","$","M","E","R","B",null,"M","$","T","?","?","E","?","E","T","?","R","?","E","M","R","B",null,"R","$","E","B",null],"character_chosen":"IRONCLAD","items_purchased":["Madness","True Grit","Burning Pact","DollysMirror","PowerPotion"],"campfire_rested":0,"item_purchase_floors":[2,12,29,36,53],"current_hp_per_floor":[61,61,61,67,51,50,56,56,56,54,60,60,60,64,64,40,87,87,87,87,87,87,87,75,58,58,58,58,58,64,60,60,66,87,85,85,85,85,75,81,81,74,74,74,74,74,80,80,80,73,83,83,83,83,83],"gold":44,"neow_bonus":"REMOVE_TWO","is_prod":false,"is_daily":false,"chose_seed":false,"campfire_upgraded":7,"win_rate":0,"timestamp":1547309643,"path_taken":["M","$","?","?","?","E","M","R","T","E","M","$","?","E","R","BOSS","M","?","?","$","?","R","E","M","T","R","?","$","M","E","R","BOSS","M","$","?","?","?","E","?","E","T","?","R","?","E","M","R","BOSS","R","$","E","BOSS"],"build_version":"2019-01-10","purchased_purges":3,"victory":true,"max_hp_per_floor":[80,80,80,80,80,87,87,87,87,87,87,87,87,87,87,87,87,87,87,87,87,87,87,87,87,87,87,87,87,87,87,87,87,87,87,87,87,87,87,87,87,87,87,87,87,83,83,83,83,83,83,83,83,83,83],"card_choices":[{"not_picked":["Rampage","Body Slam","Wild Strike"],"picked":"SKIP","floor":1.0},{"not_picked":["Perfected Strike","Sword Boomerang"],"picked":"Clash","floor":4.0},{"not_picked":["Immolate","Heavy Blade"],"picked":"Shrug It Off","floor":6.0},{"not_picked":["Reckless Charge","Evolve"],"picked":"Pommel Strike","floor":7.0},{"not_picked":["Body Slam","Shrug It Off","Infernal Blade"],"picked":"SKIP","floor":10.0},{"not_picked":["Twin Strike","Iron Wave","Anger"],"picked":"SKIP","floor":11.0},{"not_picked":["Bloodletting","Power Through","Fiend Fire"],"picked":"SKIP","floor":14.0},{"not_picked":["Impervious","Feed"],"picked":"Dark Embrace","floor":16.0},{"not_picked":["Rampage","Inflame"],"picked":"Disarm","floor":18.0},{"not_picked":["Berserk","Thunderclap+1","Cleave"],"picked":"SKIP","floor":24.0},{"not_picked":["Spot Weakness","Power Through","Carnage"],"picked":"SKIP","floor":25.0},{"not_picked":["Fire Breathing+1","Havoc","Clothesline"],"picked":"SKIP","floor":30.0},{"not_picked":["Pommel Strike+1","Clothesline","Berserk"],"picked":"SKIP","floor":31.0},{"not_picked":["Demon Form","Offering"],"picked":"Barricade","floor":33.0},{"not_picked":["Flex+1","Metallicize+1","Havoc+1"],"picked":"SKIP","floor":35.0},{"not_picked":["Dramatic Entrance","Dark Shackles"],"picked":"Flash of Steel","floor":39.0},{"not_picked":["Battle Trance","Clothesline+1","Wild Strike"],"picked":"SKIP","floor":40.0},{"not_picked":["Brutality","Anger","Carnage+1"],"picked":"SKIP","floor":42.0},{"not_picked":["Brutality","Anger","Carnage+1"],"picked":"SKIP","floor":42.0},{"not_picked":["Rampage+1","Anger","Thunderclap"],"picked":"SKIP","floor":47},{"not_picked":["Twin Strike","Uppercut","Rampage"],"picked":"SKIP","floor":48},{"not_picked":["Warcry+1","Sentinel+1","Perfected Strike"],"picked":"SKIP","floor":54}],"player_experience":2520953,"relics_obtained":[{"floor":6.0,"key":"Strawberry"},{"floor":9.0,"key":"Orichalcum"},{"floor":10.0,"key":"Gremlin Horn"},{"floor":14.0,"key":"War Paint"},{"floor":20.0,"key":"Juzu Bracelet"},{"floor":24.0,"key":"Vajra"},{"floor":26.0,"key":"Turnip"},{"floor":31.0,"key":"Boot"},{"floor":37.0,"key":"Shuriken"},{"floor":40.0,"key":"Blue Candle"},{"floor":42.0,"key":"Omamori"},{"floor":47,"key":"Frozen Egg 2"},{"floor":54,"key":"Paper Frog"}],"event_choices":[{"cards_removed":["Strike_R"],"damage_healed":0.0,"max_hp_gain":0.0,"max_hp_loss":0.0,"gold_gain":0.0,"event_name":"Bonfire Elementals","player_choice":"Offered Basic","floor":3.0,"gold_loss":0.0,"damage_taken":0.0},{"damage_healed":0.0,"max_hp_gain":0.0,"max_hp_loss":0.0,"gold_gain":0.0,"event_name":"Shining Light","player_choice":"Entered Light","floor":5.0,"gold_loss":0.0,"damage_taken":16.0,"cards_upgraded":["Strike_R","Defend_R"]},{"damage_healed":0.0,"max_hp_gain":0.0,"max_hp_loss":0.0,"gold_gain":0.0,"event_name":"Liars Game","player_choice":"Ignored","floor":13.0,"gold_loss":0.0,"damage_taken":0.0},{"damage_healed":0.0,"max_hp_gain":0.0,"max_hp_loss":0.0,"gold_gain":0.0,"cards_transformed":["Clash","Strike_R"],"event_name":"Drug Dealer","player_choice":"Became Test Subject","floor":19.0,"gold_loss":0.0,"damage_taken":0.0,"cards_obtained":["Evolve","Metallicize"]},{"damage_healed":0.0,"max_hp_gain":0.0,"max_hp_loss":0.0,"gold_gain":0.0,"event_name":"N\u0027loth","player_choice":"Traded Relic","floor":22.0,"relics_lost":["War Paint"],"gold_loss":0.0,"damage_taken":0.0,"relics_obtained":["Nloth\u0027s Gift"]},{"cards_removed":["Dark Embrace"],"damage_healed":0.0,"max_hp_gain":0.0,"max_hp_loss":0.0,"gold_gain":0.0,"event_name":"NoteForYourself","player_choice":"Took Card","floor":28.0,"gold_loss":0.0,"damage_taken":0.0,"cards_obtained":["Iron Wave"]},{"cards_removed":["Defend_R"],"damage_healed":0.0,"max_hp_gain":0.0,"max_hp_loss":0.0,"gold_gain":0.0,"event_name":"Falling","player_choice":"Removed Skill","floor":38.0,"gold_loss":0.0,"damage_taken":0.0},{"damage_healed":0.0,"max_hp_gain":0.0,"max_hp_loss":0.0,"gold_gain":0.0,"event_name":"SensoryStone","player_choice":"Memory 3","floor":39.0,"gold_loss":0.0,"damage_taken":10.0},{"damage_healed":0.0,"max_hp_gain":0.0,"max_hp_loss":0.0,"gold_gain":0.0,"event_name":"Tomb of Lord Red Mask","player_choice":"Ignored","floor":41.0,"gold_loss":0.0,"damage_taken":0.0},{"damage_healed":0,"gold_gain":0,"player_choice":"1 cards matched","damage_taken":0,"max_hp_gain":0,"max_hp_loss":0,"event_name":"Match and Keep!","floor":44,"gold_loss":0,"cards_obtained":["Offering"]},{"damage_healed":0,"gold_gain":0,"player_choice":"Max HP","damage_taken":0,"max_hp_gain":0,"max_hp_loss":4,"event_name":"Winding Halls","floor":46,"gold_loss":0}],"is_beta":false,"boss_relics":[{"not_picked":["Snecko Eye","Tiny House"],"picked":"Mark of Pain"},{"not_picked":["Lizard Tail","Black Blood"],"picked":"Coffee Dripper"}],"items_purged_floors":[12,21,53],"is_endless":false,"potions_floor_spawned":[1,4,10,25,30,42,47,48,54],"ascension_level":1}