{"gold_per_floor":[110,126,141,141,106,106,123,123,200,29,64,64,64,98,98,197,197,217,233,251,271,126,126,139,139,216,230,74,101,120,45,45,148,148,162,162,162,175,185,185,185,185,208,70,89,106,126,160,160,160],"floor_reached":51,"playtime":2978,"items_purged":["Decay","Shame"],"score":1071,"play_id":"7e0208cd-1240-41f8-b89c-511aa250a60f","local_time":"20181117121548","is_ascension_mode":true,"campfire_choices":[{"data":"Crippling Poison","floor":6.0,"key":"SMITH"},{"data":"Skewer","floor":8.0,"key":"SMITH"},{"data":"Footwork","floor":15.0,"key":"SMITH"},{"data":"Adrenaline","floor":23.0,"key":"SMITH"},{"data":"Crippling Poison","floor":25.0,"key":"SMITH"},{"floor":32.0,"key":"REST"},{"data":"Prepared","floor":40.0,"key":"SMITH"},{"data":"Tools of the Trade","floor":49,"key":"SMITH"}],"neow_cost":"NONE","seed_source_timestamp":0,"circlet_count":0,"master_deck":["AscendersBane","Defend_G","Defend_G","Defend_G","Defend_G","Defend_G","Strike_G","Strike_G","Strike_G","Survivor","Neutralize","Dramatic Entrance","Crippling Poison+1","Deadly Poison","Skewer+1","Deadly Poison","Adrenaline+1","Footwork+1","Crippling Poison+1","Well Laid Plans","Tools of the Trade+1","Footwork+1","Prepared+1","Crippling Poison+1","PiercingWail","Dodge and Roll+1","Blur","PiercingWail","A Thousand Cuts+1","Sadistic Nature+1","Calculated Gamble+1","Dodge and Roll+1","Madness","Madness","Escape Plan","Prepared","Bouncing Flask+1","Caltrops+1","Deflect+1"],"special_seed":0,"relics":["Ring of the Snake","Juzu Bracelet","Meat on the Bone","Tough Bandages","StoneCalendar","Bag of Preparation","Cursed Key","Blood Vial","Tiny Chest","Frozen Egg 2","Coffee Dripper","PreservedInsect","Torii"],"potions_floor_usage":[50,50],"damage_taken":[{"damage":0.0,"enemies":"Small Slimes","floor":1.0,"turns":3.0},{"damage":5.0,"enemies":"2 Louse","floor":2.0,"turns":3.0},{"damage":0.0,"enemies":"Jaw Worm","floor":3.0,"turns":4.0},{"damage":6.0,"enemies":"Gremlin Gang","floor":7.0,"turns":3.0},{"damage":14.0,"enemies":"Gremlin Nob","floor":11.0,"turns":5.0},{"damage":22.0,"enemies":"Lagavulin","floor":14.0,"turns":7.0},{"damage":20.0,"enemies":"Slime Boss","floor":16.0,"turns":7.0},{"damage":0.0,"enemies":"3 Byrds","floor":18.0,"turns":3.0},{"damage":16.0,"enemies":"2 Thieves","floor":19.0,"turns":3.0},{"damage":0.0,"enemies":"Sentry and Sphere","floor":20.0,"turns":3.0},{"damage":6.0,"enemies":"Cultist and Chosen","floor":21.0,"turns":7.0},{"damage":1.0,"enemies":"Shelled Parasite and Fungi","floor":24.0,"turns":4.0},{"damage":19.0,"enemies":"Centurion and Healer","floor":27.0,"turns":5.0},{"damage":2.0,"enemies":"Gremlin Leader","floor":29.0,"turns":6.0},{"damage":3.0,"enemies":"Snake Plant","floor":30.0,"turns":4.0},{"damage":18.0,"enemies":"Automaton","floor":33.0,"turns":12.0},{"damage":0.0,"enemies":"3 Shapes","floor":35.0,"turns":4.0},{"damage":0.0,"enemies":"Orb Walker","floor":38.0,"turns":3.0},{"damage":0.0,"enemies":"Maw","floor":39.0,"turns":7.0},{"damage":1.0,"enemies":"3 Darklings","floor":45.0,"turns":2.0},{"damage":0.0,"enemies":"Spire Growth","floor":46.0,"turns":7.0},{"damage":0.0,"enemies":"Maw","floor":47.0,"turns":7.0},{"damage":31,"enemies":"Nemesis","floor":48,"turns":7},{"damage":21,"enemies":"Awakened One","floor":50,"turns":14}],"seed_played":"7470420884873299172","potions_obtained":[{"floor":1.0,"key":"Strength Potion"},{"floor":7.0,"key":"SneckoOil"},{"floor":11.0,"key":"Energy Potion"},{"floor":19.0,"key":"Swift Potion"},{"floor":24.0,"key":"Weak Potion"},{"floor":33.0,"key":"PowerPotion"},{"floor":38.0,"key":"Dexterity Potion"}],"is_trial":false,"path_per_floor":["M","M","M","?","?","R","M","R","T","$","E","T","?","E","R","B",null,"M","M","M","M","$","R","M","R","T","M","$","E","M","?","R","B",null,"M","?","?","M","M","R","?","?","T","$","M","M","M","M","E","R","B",null],"character_chosen":"THE_SILENT","items_purchased":["Adrenaline","Footwork","Blood Vial","Blur","Escape Plan"],"campfire_rested":1,"item_purchase_floors":[10,10,22,28,44],"current_hp_per_floor":[63,58,58,51,68,68,62,62,62,62,48,48,53,43,43,35,65,65,49,49,43,43,43,44,44,44,39,39,39,38,38,60,44,67,69,69,69,71,73,73,64,64,64,64,65,67,69,40,40,33],"gold":160,"neow_bonus":"RANDOM_COLORLESS","is_prod":false,"is_daily":false,"chose_seed":false,"campfire_upgraded":7,"win_rate":0,"timestamp":1542453348,"path_taken":["M","M","M","?","?","R","M","R","T","$","E","?","?","E","R","BOSS","M","M","M","M","$","R","M","R","T","M","$","E","M","?","R","BOSS","M","?","?","M","M","R","?","?","T","$","M","M","M","E","R","BOSS"],"build_version":"2018-11-15","purchased_purges":2,"victory":true,"max_hp_per_floor":[70,70,70,70,70,70,70,70,70,70,70,70,75,75,75,75,75,75,75,75,75,75,75,75,75,75,75,75,75,75,75,75,75,75,75,75,75,75,75,75,75,75,75,75,75,75,75,75,75,75],"card_choices":[{"not_picked":["Terror","Eviscerate"],"picked":"Crippling Poison","floor":1.0},{"not_picked":["Deflect","Dagger Throw"],"picked":"Deadly Poison","floor":2.0},{"not_picked":["All Out Attack","Cloak And Dagger"],"picked":"Skewer","floor":3.0},{"not_picked":["Backflip","Cloak And Dagger"],"picked":"Deadly Poison","floor":7.0},{"not_picked":["Backstab","Quick Slash"],"picked":"Crippling Poison","floor":11.0},{"not_picked":["Dagger Throw","Endless Agony"],"picked":"Well Laid Plans","floor":14.0},{"not_picked":["Doppelganger","After Image"],"picked":"Tools of the Trade","floor":16.0},{"not_picked":["Deadly Poison","Prepared+1"],"picked":"Footwork","floor":18.0},{"not_picked":["Flying Knee","Sucker Punch"],"picked":"Prepared","floor":19.0},{"not_picked":["Acrobatics+1","Underhanded Strike+1"],"picked":"Crippling Poison+1","floor":20.0},{"not_picked":["Poisoned Stab","Quick Slash","Predator"],"picked":"SKIP","floor":21.0},{"not_picked":["Flying Knee","Dodge and Roll"],"picked":"PiercingWail","floor":24.0},{"not_picked":["Acrobatics","Doppelganger"],"picked":"Dodge and Roll+1","floor":27.0},{"not_picked":["Blade Dance","Bane+1"],"picked":"PiercingWail","floor":29.0},{"not_picked":["Sucker Punch","Heel Hook","Deflect"],"picked":"SKIP","floor":30.0},{"not_picked":["Night Terror","Malaise"],"picked":"A Thousand Cuts+1","floor":33.0},{"not_picked":["Dagger Spray+1","Dagger Throw","Riddle With Holes"],"picked":"SKIP","floor":35.0},{"not_picked":["PanicButton","Trip"],"picked":"Sadistic Nature+1","floor":36.0},{"not_picked":["Flying Knee+1","Cloak And Dagger"],"picked":"Calculated Gamble+1","floor":38.0},{"not_picked":["Heel Hook","Backflip"],"picked":"Dodge and Roll+1","floor":39.0},{"not_picked":["PiercingWail","Flying Knee+1"],"picked":"Prepared","floor":45.0},{"not_picked":["Distraction+1","Slice+1"],"picked":"Bouncing Flask+1","floor":46.0},{"not_picked":["Well Laid Plans+1","Reflex"],"picked":"Caltrops+1","floor":47},{"not_picked":["Tactician","Bane+1"],"picked":"Deflect+1","floor":48}],"player_experience":343914,"relics_obtained":[{"floor":9.0,"key":"Meat on the Bone"},{"floor":11.0,"key":"Tough Bandages"},{"floor":12.0,"key":"StoneCalendar"},{"floor":14.0,"key":"Bag of Preparation"},{"floor":26.0,"key":"Tiny Chest"},{"floor":29.0,"key":"Frozen Egg 2"},{"floor":43.0,"key":"PreservedInsect"},{"floor":48,"key":"Torii"}],"event_choices":[{"damage_healed":0.0,"max_hp_gain":0.0,"max_hp_loss":0.0,"gold_gain":0.0,"event_name":"Scrap Ooze","player_choice":"Success","floor":4.0,"gold_loss":0.0,"damage_taken":7.0,"relics_obtained":["Juzu Bracelet"]},{"damage_healed":17.0,"max_hp_gain":0.0,"max_hp_loss":0.0,"gold_gain":0.0,"event_name":"The Cleric","player_choice":"Healed","floor":5.0,"gold_loss":35.0,"damage_taken":0.0},{"damage_healed":0.0,"max_hp_gain":5.0,"max_hp_loss":0.0,"gold_gain":0.0,"event_name":"Big Fish","player_choice":"Donut","floor":13.0,"gold_loss":0.0,"damage_taken":0.0},{"cards_removed":["Strike_G"],"damage_healed":0.0,"max_hp_gain":0.0,"max_hp_loss":0.0,"gold_gain":0.0,"event_name":"Beggar","player_choice":"Gave Gold","floor":31.0,"gold_loss":75.0,"damage_taken":0.0},{"damage_healed":0.0,"max_hp_gain":0.0,"max_hp_loss":0.0,"gold_gain":0.0,"event_name":"SensoryStone","player_choice":"Memory 1","floor":36.0,"gold_loss":0.0,"damage_taken":0.0},{"damage_healed":0.0,"max_hp_gain":0.0,"max_hp_loss":0.0,"gold_gain":0.0,"event_name":"Upgrade Shrine","player_choice":"Upgraded","floor":37.0,"gold_loss":0.0,"damage_taken":0.0,"cards_upgraded":["Footwork"]},{"damage_healed":0.0,"max_hp_gain":0.0,"max_hp_loss":0.0,"gold_gain":0.0,"event_name":"Winding Halls","player_choice":"Embrace Madness","floor":41.0,"gold_loss":0.0,"damage_taken":9.0,"cards_obtained":["Madness","Madness"]},{"cards_removed":["Strike_G"],"damage_healed":0.0,"max_hp_gain":0.0,"max_hp_loss":0.0,"gold_gain":0.0,"event_name":"Purifier","player_choice":"Purged","floor":42.0,"gold_loss":0.0,"damage_taken":0.0}],"is_beta":false,"boss_relics":[{"not_picked":["Empty Cage","Fusion Hammer"],"picked":"Cursed Key"},{"not_picked":["Snecko Eye","HoveringKite"],"picked":"Coffee Dripper"}],"items_purged_floors":[28,44],"is_endless":false,"potions_floor_spawned":[1,7,11,19,21,24,33,38,39,45,47],"ascension_level":11}