{"gold_per_floor":[360,290,290,290,365,365,395,409,435,100,100,110,121,106],"floor_reached":14,"playtime":982,"items_purged":[],"score":106,"play_id":"4cb3e24b-6f65-4324-a69f-7ba5ee8680c0","local_time":"20181206184554","is_ascension_mode":true,"campfire_choices":[{"floor":6,"key":"REST"}],"neow_cost":"PERCENT_DAMAGE","seed_source_timestamp":1030287662593243,"circlet_count":0,"master_deck":["Strike_B","Strike_B","Strike_B","Strike_B","Defend_B","Defend_B","Defend_B","Defend_B","Zap","Dualcast","Go for the Eyes","Loop","Go for the Eyes","Reprogram","Melter","Zap","Sunder","Cold Snap","Chill"],"relics":["Cracked Core","Shuriken","Lantern","Blood Vial","Mercury Hourglass"],"potions_floor_usage":[7,8,13],"damage_taken":[{"damage":10,"enemies":"Small Slimes","floor":1,"turns":2},{"damage":45,"enemies":"3 Sentries","floor":7,"turns":10},{"damage":0,"enemies":"Jaw Worm","floor":8,"turns":3},{"damage":0,"enemies":"Cultist","floor":12,"turns":3},{"damage":10,"enemies":"Large Slime","floor":13,"turns":4},{"damage":11,"enemies":"Looter","floor":14,"turns":1}],"seed_played":"2954834216695523104","potions_obtained":[{"floor":1,"key":"PowerPotion"},{"floor":7,"key":"EssenceOfSteel"},{"floor":12,"key":"SteroidPotion"}],"is_trial":false,"path_per_floor":["M","$","?","T","?","R","E","M","T","$","?","M","M","M"],"character_chosen":"DEFECT","items_purchased":["Loop","Mercury Hourglass","Melter"],"campfire_rested":1,"item_purchase_floors":[2,10,10],"current_hp_per_floor":[44,44,44,44,33,55,10,10,10,10,10,12,4,0],"gold":106,"neow_bonus":"TWO_FIFTY_GOLD","is_prod":false,"is_daily":false,"chose_seed":false,"campfire_upgraded":0,"win_rate":0,"timestamp":1544139954,"path_taken":["M","$","?","?","?","R","E","M","T","$","?","M","?","M"],"build_version":"2018-11-15","purchased_purges":0,"victory":false,"max_hp_per_floor":[75,75,75,75,75,75,75,75,75,75,75,75,75,75],"card_choices":[{"not_picked":["Steam Power","Beam Cell"],"picked":"Go for the Eyes","floor":1},{"not_picked":["Lockon","Steam"],"picked":"Go for the Eyes","floor":7},{"not_picked":["Skim","Leap"],"picked":"Reprogram","floor":8},{"not_picked":["Heatsinks","Redo"],"picked":"Cold Snap","floor":12},{"not_picked":["Hello World","Lockon"],"picked":"Chill","floor":13}],"player_experience":179225,"relics_obtained":[{"floor":4,"key":"Shuriken"},{"floor":7,"key":"Lantern"},{"floor":9,"key":"Blood Vial"}],"event_choices":[{"damage_healed":0,"gold_gain":0,"player_choice":"Ignored","damage_taken":0,"max_hp_gain":0,"max_hp_loss":0,"event_name":"Shining Light","floor":3,"gold_loss":0},{"damage_healed":0,"gold_gain":75,"player_choice":"Gather Gold","damage_taken":11,"max_hp_gain":0,"max_hp_loss":0,"event_name":"World of Goop","floor":5,"gold_loss":0},{"damage_healed":0,"gold_gain":0,"player_choice":"2 cards matched","damage_taken":0,"max_hp_gain":0,"max_hp_loss":0,"event_name":"Match and Keep!","floor":11,"gold_loss":0,"cards_obtained":["Zap","Sunder"]}],"is_beta":false,"boss_relics":[],"items_purged_floors":[],"is_endless":false,"potions_floor_spawned":[1,7,12],"killed_by":"Looter","ascension_level":4}