{"gold_per_floor":[113,133,58,58,74,74,106,119,143,93,108,142,154,181,181,276,276,292,292,292,142,162,197,197,177,177,194,5,5,5,15,15,112,112,129,146,146,156,171,171,183,183,209,209,209,11,11,11,11,11],"floor_reached":50,"playtime":3431,"items_purged":["Strike_B","Decay","Strike_B","Defend_B"],"score":480,"play_id":"00fb9065-bb5f-437c-a112-c8995371245c","local_time":"20180702180254","is_ascension_mode":false,"campfire_choices":[{"data":"Zap","floor":6.0,"key":"SMITH"},{"data":"Coolheaded","floor":15.0,"key":"SMITH"},{"data":"Go for the Eyes","floor":24.0,"key":"SMITH"},{"data":"Beam Cell","floor":29.0,"key":"SMITH"},{"floor":32.0,"key":"REST"},{"data":"Conserve Battery","floor":40.0,"key":"SMITH"},{"data":"Coolheaded","floor":42.0,"key":"SMITH"},{"data":"Rip and Tear","floor":44.0,"key":"SMITH"},{"floor":47.0,"key":"REST"},{"data":"Leap","floor":49.0,"key":"SMITH"}],"neow_cost":"","seed_source_timestamp":49889154021237,"circlet_count":0,"master_deck":["Strike_B","Defend_B","Defend_B","Defend_B","Zap+1","Dualcast+1","Steam+1","Ball Lightning","Ball Lightning","Leap+1","Leap","Beam Cell+1","Go for the Eyes+1","Coolheaded+1","Compile Driver","Coolheaded+1","Conserve Battery+1","Rip and Tear+1","Compile Driver","Leap+1","Conserve Battery","Cold Snap","Go for the Eyes+1","Ball Lightning+1"],"special_seed":0,"relics":["Cracked Core","Juzu Bracelet","Pen Nib","Regal Pillow","Blood Vial","Sozu","Smiling Mask","Ornamental Fan","Inserter","Strawberry","War Paint"],"potions_floor_usage":[50,50],"damage_taken":[{"damage":0.0,"enemies":"Cultist","floor":1.0,"turns":3.0},{"damage":0.0,"enemies":"2 Louse","floor":2.0,"turns":2.0},{"damage":0.0,"enemies":"Small Slimes","floor":5.0,"turns":3.0},{"damage":5.0,"enemies":"Lagavulin","floor":7.0,"turns":4.0},{"damage":7.0,"enemies":"Gremlin Gang","floor":8.0,"turns":3.0},{"damage":0.0,"enemies":"Lots of Slimes","floor":11.0,"turns":2.0},{"damage":5.0,"enemies":"Gremlin Nob","floor":12.0,"turns":3.0},{"damage":0.0,"enemies":"Exordium Thugs","floor":13.0,"turns":3.0},{"damage":5.0,"enemies":"3 Sentries","floor":14.0,"turns":4.0},{"damage":12.0,"enemies":"The Guardian","floor":16.0,"turns":13.0},{"damage":3.0,"enemies":"3 Byrds","floor":18.0,"turns":5.0},{"damage":3.0,"enemies":"Chosen","floor":22.0,"turns":4.0},{"damage":13.0,"enemies":"Book of Stabbing","floor":23.0,"turns":7.0},{"damage":7.0,"enemies":"Snake Plant","floor":27.0,"turns":3.0},{"damage":2.0,"enemies":"3 Cultists","floor":31.0,"turns":4.0},{"damage":74.0,"enemies":"Champ","floor":33.0,"turns":12.0},{"damage":6.0,"enemies":"3 Shapes","floor":35.0,"turns":6.0},{"damage":42.0,"enemies":"3 Darklings","floor":36.0,"turns":6.0},{"damage":8.0,"enemies":"Maw","floor":38.0,"turns":9.0},{"damage":14.0,"enemies":"Sphere and 2 Shapes","floor":39.0,"turns":7.0},{"damage":10.0,"enemies":"3 Darklings","floor":41.0,"turns":10.0},{"damage":98,"enemies":"Donu and Deca","floor":50,"turns":8}],"seed_played":"4464243460817508370","potions_obtained":[{"floor":5.0,"key":"AttackPotion"},{"floor":8.0,"key":"Regen Potion"},{"floor":11.0,"key":"FearPotion"},{"floor":14.0,"key":"SneckoOil"}],"is_trial":false,"path_per_floor":["M","M","$","?","M","R","E","M","T","$","M","E","M","E","R","B",null,"M","?","?","$","M","E","R","?","T","M","$","R","?","M","R","B",null,"M","M","?","M","M","R","M","R","T","R","?","$","R","?","R"],"character_chosen":"DEFECT","items_purchased":["Leap","Compile Driver","Rip and Tear","Compile Driver","Leap","War Paint"],"campfire_rested":2,"item_purchase_floors":[],"current_hp_per_floor":[75,75,75,68,68,68,63,56,56,56,56,51,51,46,46,36,75,72,72,72,72,71,60,60,60,60,55,55,55,55,55,75,1,75,69,29,66,58,46,46,38,38,45,45,45,45,73,73,73,0],"gold":11,"neow_bonus":"","is_prod":false,"is_daily":false,"chose_seed":false,"campfire_upgraded":8,"win_rate":0,"timestamp":1530579774,"path_taken":["M","M","$","?","M","R","E","M","T","$","M","E","M","E","R","BOSS","M","?","?","$","M","E","R","?","T","M","?","R","?","M","R","BOSS","M","M","?","M","M","R","M","R","T","R","?","$","R","?","R","BOSS"],"build_version":"2018-06-28","purchased_purges":4,"victory":false,"max_hp_per_floor":[75,75,75,75,75,75,75,75,75,75,75,75,75,75,75,75,75,75,75,75,75,75,75,75,75,75,75,75,75,75,75,75,75,75,75,75,66,66,66,66,66,66,73,73,73,73,73,73,73,73],"card_choices":[{"not_picked":["Stack","Skim"],"picked":"Steam","floor":1.0},{"not_picked":["Storm","Cold Snap"],"picked":"Ball Lightning","floor":2.0},{"not_picked":["Sweeping Beam","Barrage"],"picked":"Ball Lightning","floor":5.0},{"not_picked":["Stack","Barrage"],"picked":"Leap","floor":7.0},{"not_picked":["Glacier","Turbo"],"picked":"Sweeping Beam","floor":8.0},{"not_picked":["Loop","Steam","All For One"],"picked":"SKIP","floor":11.0},{"not_picked":["Undo","Gash"],"picked":"Beam Cell","floor":12.0},{"not_picked":["Turbo","Beam Cell"],"picked":"Go for the Eyes","floor":13.0},{"not_picked":["Leap","Hologram"],"picked":"Coolheaded","floor":14.0},{"not_picked":["Genetic Algorithm","Glacier+1","Loop"],"picked":"SKIP","floor":18.0},{"not_picked":["Sweeping Beam+1","Auto Shields"],"picked":"Coolheaded","floor":22.0},{"not_picked":["Reboot","Steam+1","Storm+1"],"picked":"SKIP","floor":23.0},{"not_picked":["Beam Cell","Self Repair"],"picked":"Conserve Battery","floor":27.0},{"not_picked":["Gash","Sweeping Beam","Reinforced Body+1"],"picked":"SKIP","floor":31.0},{"not_picked":["Double Energy","Beam Cell"],"picked":"Conserve Battery","floor":35.0},{"not_picked":["Beam Cell+1","Aggregate"],"picked":"Cold Snap","floor":36.0},{"not_picked":["Stack","Doom and Gloom","Gash"],"picked":"SKIP","floor":38.0},{"not_picked":["Scrape","Tempest"],"picked":"Go for the Eyes+1","floor":39.0},{"not_picked":["Capacitor+1","Conserve Battery"],"picked":"Ball Lightning+1","floor":41.0}],"player_experience":665287,"relics_obtained":[{"floor":7.0,"key":"Juzu Bracelet"},{"floor":9.0,"key":"Pen Nib"},{"floor":12.0,"key":"Regal Pillow"},{"floor":14.0,"key":"Blood Vial"},{"floor":23.0,"key":"Smiling Mask"},{"floor":26.0,"key":"Ornamental Fan"},{"floor":43.0,"key":"Strawberry"}],"event_choices":[{"event_name":"Golden Wing","player_choice":"Card Removal","floor":4.0,"damage_taken":0.0},{"event_name":"Wheel of Change","player_choice":"Curse","floor":19.0,"damage_taken":0.0},{"event_name":"Vampires","player_choice":"Ignored","floor":20.0,"damage_taken":0.0},{"event_name":"The Woman in Blue","player_choice":"Bought 1 Potion","floor":25.0,"damage_taken":0.0},{"event_name":"The Mausoleum","player_choice":"No","floor":30.0,"damage_taken":0.0},{"event_name":"The Moai Head","player_choice":"Heal","floor":37.0,"damage_taken":0.0},{"event_name":"Falling","player_choice":"Removed Attack","floor":45.0,"damage_taken":0.0},{"event_name":"Mysterious Sphere","player_choice":"Ignore","floor":48.0,"damage_taken":0.0}],"boss_relics":[{"not_picked":["Philosopher\u0027s Stone","Black Star"],"picked":"Sozu"},{"not_picked":["Busted Crown","Orrery"],"picked":"Inserter"}],"items_purged_floors":[],"is_endless":false,"potions_floor_spawned":[5,8,11,14,18,33,36],"killed_by":"Donu and Deca","ascension_level":0}