{"gold_per_floor":[109,127,146,165,22,22,47,47,47,47,47,64,64,78,78,149,149,132,150,170,170,170,170,195,195,195,195,207,235,249,249,249,249],"floor_reached":33,"playtime":1248,"items_purged":[],"score":502,"play_id":"9f0493d9-d512-4475-807b-2adf4c84ceec","local_time":"20180924125949","is_ascension_mode":true,"campfire_choices":[{"data":"Endless Agony","floor":6,"key":"SMITH"},{"data":"Cloak And Dagger","floor":8,"key":"SMITH"},{"data":"Masterful Stab","floor":10,"key":"SMITH"},{"data":"Survivor","floor":13,"key":"SMITH"},{"data":"PiercingWail","floor":15,"key":"SMITH"},{"floor":23,"key":"REST"},{"floor":25,"key":"REST"},{"floor":27,"key":"REST"},{"floor":32,"key":"REST"}],"neow_cost":"NONE","seed_source_timestamp":20625517637060,"circlet_count":0,"master_deck":["Defend_G","Defend_G","Defend_G","Defend_G","Defend_G","Strike_G","Strike_G+1","Survivor+1","Neutralize+1","AscendersBane","Dagger Throw","Flying Knee+1","Masterful Stab+1","Endless Agony+1","Cloak And Dagger+1","PiercingWail+1","A Thousand Cuts+1","Deadly Poison+1","Dash+1","Outmaneuver+1","Dodge and Roll","Noxious Fumes","Leg Sweep"],"relics":["Ring of the Snake","Whetstone","Bronze Scales","Vajra","Pear","Astrolabe","Singing Bowl","Unceasing Top","Centennial Puzzle"],"potions_floor_usage":[7,16,24,29],"damage_taken":[{"damage":0,"enemies":"Cultist","floor":1,"turns":4},{"damage":0,"enemies":"2 Louse","floor":2,"turns":3},{"damage":4,"enemies":"Small Slimes","floor":3,"turns":4},{"damage":1,"enemies":"3 Louse","floor":4,"turns":4},{"damage":5,"enemies":"3 Sentries","floor":7,"turns":6},{"damage":0,"enemies":"2 Fungi Beasts","floor":12,"turns":2},{"damage":0,"enemies":"Blue Slaver","floor":14,"turns":2},{"damage":30,"enemies":"The Guardian","floor":16,"turns":16},{"damage":12,"enemies":"2 Thieves","floor":18,"turns":4},{"damage":2,"enemies":"Chosen","floor":19,"turns":5},{"damage":0,"enemies":"Centurion and Healer","floor":20,"turns":7},{"damage":20,"enemies":"Colosseum Slavers","floor":21,"turns":4},{"damage":28,"enemies":"Gremlin Leader","floor":24,"turns":7},{"damage":15,"enemies":"Snake Plant","floor":28,"turns":4},{"damage":30,"enemies":"Book of Stabbing","floor":29,"turns":5},{"damage":5,"enemies":"Snecko","floor":30,"turns":4},{"damage":55,"enemies":"Automaton","floor":33,"turns":6}],"seed_played":"1070480604595132422","potions_obtained":[{"floor":1,"key":"PowerPotion"},{"floor":4,"key":"Dexterity Potion"},{"floor":7,"key":"EssenceOfSteel"},{"floor":16,"key":"Strength Potion"},{"floor":24,"key":"Ancient Potion"}],"is_trial":false,"path_per_floor":["M","M","M","M","$","R","E","R","T","R","?","M","R","M","R","B",null,"M","M","M","?","?","R","E","R","T","R","M","E","M","?","R"],"character_chosen":"THE_SILENT","items_purchased":["Whetstone"],"campfire_rested":4,"item_purchase_floors":[5],"current_hp_per_floor":[59,59,55,54,54,54,49,49,49,49,33,33,33,33,33,3,58,46,44,44,24,24,46,20,43,43,66,53,23,20,20,44,0],"gold":249,"neow_bonus":"UPGRADE_CARD","is_prod":false,"is_daily":false,"chose_seed":false,"campfire_upgraded":5,"win_rate":0,"timestamp":1537819189,"path_taken":["M","M","?","M","$","R","E","R","T","R","?","M","R","M","R","BOSS","M","M","M","?","?","R","E","R","T","R","M","E","?","?","R","BOSS"],"build_version":"2018-09-20","purchased_purges":0,"victory":false,"max_hp_per_floor":[66,66,66,66,66,66,66,66,66,66,76,76,76,76,76,76,76,76,76,76,76,76,76,78,78,78,78,80,80,82,82,82,82],"card_choices":[{"not_picked":["Infinite Blades","PiercingWail"],"picked":"Dagger Throw","floor":1},{"not_picked":["Outmaneuver","Dodge and Roll"],"picked":"Flying Knee","floor":2},{"not_picked":["Underhanded Strike","PiercingWail"],"picked":"Masterful Stab","floor":3},{"not_picked":["Underhanded Strike","Bullet Time"],"picked":"Endless Agony","floor":4},{"not_picked":["Accuracy","Choke"],"picked":"Cloak And Dagger","floor":7},{"not_picked":["Deadly Poison","Quick Slash","Blade Dance"],"picked":"SKIP","floor":12},{"not_picked":["Dodge and Roll","Slice"],"picked":"PiercingWail","floor":14},{"not_picked":["Die Die Die","Corpse Explosion"],"picked":"A Thousand Cuts","floor":16},{"not_picked":["Acrobatics","Sucker Punch"],"picked":"Dodge and Roll","floor":18},{"not_picked":["Flying Knee+1","Prepared"],"picked":"Noxious Fumes","floor":19},{"not_picked":["Infinite Blades","Sucker Punch","Prepared"],"picked":"SKIP","floor":20},{"not_picked":["Crippling Poison","Underhanded Strike","Tactician"],"picked":"Singing Bowl","floor":24},{"not_picked":["Poisoned Stab","Concentrate","Masterful Stab"],"picked":"Singing Bowl","floor":28},{"not_picked":["PiercingWail","Dash"],"picked":"Leg Sweep","floor":29},{"not_picked":["Skewer+1","Corpse Explosion","Dodge and Roll"],"picked":"Singing Bowl","floor":30}],"player_experience":1204516,"relics_obtained":[{"floor":7,"key":"Bronze Scales"},{"floor":9,"key":"Vajra"},{"floor":24,"key":"Singing Bowl"},{"floor":26,"key":"Unceasing Top"},{"floor":29,"key":"Centennial Puzzle"}],"event_choices":[{"event_name":"Scrap Ooze","player_choice":"success","floor":11,"damage_taken":26},{"event_name":"Colosseum","player_choice":"Fight","floor":21,"damage_taken":0},{"event_name":"Colosseum","player_choice":"Fled From Nobs","floor":21,"damage_taken":0},{"event_name":"Accursed Blacksmith","player_choice":"Forge","floor":22,"damage_taken":0},{"event_name":"Cursed Tome","player_choice":"Ignored","floor":31,"damage_taken":0}],"is_beta":false,"boss_relics":[{"not_picked":["Velvet Choker","Runic Dome"],"picked":"Astrolabe"}],"items_purged_floors":[],"is_endless":false,"potions_floor_spawned":[1,4,7,12,16,20,24],"killed_by":"Automaton","ascension_level":15}