{"gold_per_floor":[365,365,56,71,84,109,109,136,136,136,136,147,180,198,198,269,269,287,321,321,335,358,358,391,391,391,51,78,89,45,77,77,152,152,165,0,16,16,16,43,9,34,34,68,68,88,170,185,185,185,185],"floor_reached":52,"playtime":2325,"items_purged":["Shame","Strike_B","Defend_B"],"score":2128,"play_id":"82f7d9c7-9fb5-406d-93e6-5e79a7277fd0","local_time":"20190107185914","is_ascension_mode":true,"campfire_choices":[{"data":"Sunder","floor":7.0,"key":"SMITH"},{"data":"Beam Cell","floor":10.0,"key":"SMITH"},{"data":"Coolheaded","floor":15.0,"key":"SMITH"},{"data":"Electrodynamics","floor":23.0,"key":"SMITH"},{"data":"Dualcast","floor":25.0,"key":"SMITH"},{"data":"Zap","floor":32.0,"key":"SMITH"},{"data":"Defragment","floor":45.0,"key":"SMITH"},{"floor":49.0,"key":"RECALL"}],"neow_cost":"CURSE","seed_source_timestamp":12343853071372,"circlet_count":0,"master_deck":["AscendersBane","Defend_B","Defend_B","Zap+1","Dualcast+1","Reboot","Sunder+1","Self Repair","Beam Cell+1","Coolheaded+1","Cold Snap","Electrodynamics+1","Glacier+1","BootSequence","Seek","Aggregate+1","Recycle+1","Auto Shields+1","Defragment+1","Loop","Blizzard","Skim"],"special_seed":0,"relics":["Cracked Core","Happy Flower","Pantograph","Bird Faced Urn","Emotion Chip","Mummified Hand","Cables","Coffee Dripper","Red Mask","Smiling Mask","Symbiotic Virus","The Courier","Medical Kit","DataDisk","Bronze Scales","Blood Vial","Astrolabe","Bottled Tornado","Centennial Puzzle","Bag of Marbles","Question Card"],"potions_floor_usage":[],"damage_taken":[{"damage":6.0,"enemies":"Cultist","floor":1.0,"turns":3.0},{"damage":2.0,"enemies":"Jaw Worm","floor":4.0,"turns":4.0},{"damage":1.0,"enemies":"2 Louse","floor":5.0,"turns":3.0},{"damage":20.0,"enemies":"Lagavulin","floor":6.0,"turns":8.0},{"damage":14.0,"enemies":"3 Sentries","floor":8.0,"turns":7.0},{"damage":11.0,"enemies":"Blue Slaver","floor":12.0,"turns":4.0},{"damage":11.0,"enemies":"Lagavulin","floor":13.0,"turns":6.0},{"damage":10.0,"enemies":"Exordium Thugs","floor":14.0,"turns":2.0},{"damage":17.0,"enemies":"Hexaghost","floor":16.0,"turns":9.0},{"damage":0.0,"enemies":"Spheric Guardian","floor":18.0,"turns":3.0},{"damage":3.0,"enemies":"Masked Bandits","floor":19.0,"turns":3.0},{"damage":0.0,"enemies":"3 Byrds","floor":21.0,"turns":2.0},{"damage":20.0,"enemies":"Slavers","floor":24.0,"turns":4.0},{"damage":17.0,"enemies":"Book of Stabbing","floor":28.0,"turns":5.0},{"damage":0.0,"enemies":"Centurion and Healer","floor":29.0,"turns":5.0},{"damage":19.0,"enemies":"Gremlin Leader","floor":31.0,"turns":7.0},{"damage":60.0,"enemies":"Champ","floor":33.0,"turns":12.0},{"damage":0.0,"enemies":"Orb Walker","floor":35.0,"turns":3.0},{"damage":0.0,"enemies":"3 Shapes","floor":37.0,"turns":1.0},{"damage":0.0,"enemies":"Reptomancer","floor":40.0,"turns":6.0},{"damage":49.0,"enemies":"Giant Head","floor":42.0,"turns":9.0},{"damage":12.0,"enemies":"Nemesis","floor":44.0,"turns":11.0},{"damage":0.0,"enemies":"Sphere and 2 Shapes","floor":46.0,"turns":1.0},{"damage":0.0,"enemies":"Transient","floor":48.0,"turns":6.0},{"damage":37,"enemies":"Donu and Deca","floor":50,"turns":10},{"damage":21,"enemies":"Time Eater","floor":51,"turns":15}],"seed_played":"-1390592880308801522","potions_obtained":[{"floor":5.0,"key":"Block Potion"},{"floor":6.0,"key":"Strength Potion"},{"floor":13.0,"key":"Poison Potion"},{"floor":21.0,"key":"Regen Potion"},{"floor":24.0,"key":"Energy Potion"},{"floor":31.0,"key":"EssenceOfSteel"},{"floor":33.0,"key":"FocusPotion"},{"floor":42.0,"key":"Weak Potion"},{"floor":46.0,"key":"Energy Potion"},{"floor":48.0,"key":"SmokeBomb"}],"is_trial":false,"path_per_floor":["M","?","$","M","M","E","R","E","T","R","T","M","E","M","R","B",null,"M","?","?","M","T","R","E","R","T","$","E","M","$","E","R","B",null,"M","$","M","?","?","E","$","E","T","E","R","M","T","M","R","B","B",null],"character_chosen":"DEFECT","items_purchased":["Sunder","Happy Flower","Medical Kit","DataDisk","PowerPotion","Defragment","Loop","Blizzard"],"campfire_rested":0,"item_purchase_floors":[3,3,27,27,30,36,36,41],"current_hp_per_floor":[58,58,58,56,55,42,42,35,35,35,35,33,31,30,30,47,65,71,71,71,71,71,71,60,60,60,60,54,65,65,57,57,20,58,60,60,71,71,67,67,67,25,25,30,30,34,34,51,51,37,56],"gold":185,"neow_bonus":"TWO_FIFTY_GOLD","is_prod":false,"is_daily":false,"chose_seed":false,"campfire_upgraded":7,"win_rate":0,"timestamp":1546858754,"path_taken":["M","?","$","M","M","E","R","E","T","R","?","M","E","M","R","BOSS","M","?","?","M","?","R","E","R","T","$","E","?","$","E","R","BOSS","M","$","M","?","?","E","?","E","T","E","R","M","?","M","R","BOSS","BOSS"],"build_version":"2019-01-03v4","purchased_purges":3,"victory":true,"max_hp_per_floor":[71,71,71,71,71,71,71,71,71,71,71,71,71,71,71,71,71,71,71,71,71,71,71,71,71,71,71,71,71,71,71,71,71,71,71,71,71,71,67,67,67,67,67,67,67,67,67,67,67,67,67],"card_choices":[{"not_picked":["Stack","FTL"],"picked":"Cold Snap","floor":1.0},{"not_picked":["Cold Snap","Streamline","Compile Driver"],"picked":"SKIP","floor":4.0},{"not_picked":["Gash","Turbo"],"picked":"Self Repair","floor":5.0},{"not_picked":["All For One","Coolheaded"],"picked":"Beam Cell","floor":6.0},{"not_picked":["Cold Snap","Turbo","Fusion"],"picked":"SKIP","floor":8.0},{"not_picked":["Cold Snap","Turbo","Fusion"],"picked":"SKIP","floor":8.0},{"not_picked":["Gash","Cold Snap"],"picked":"Coolheaded","floor":12.0},{"not_picked":["Skim","Coolheaded","Go for the Eyes"],"picked":"SKIP","floor":13.0},{"not_picked":["Multi-Cast","Rebound"],"picked":"Cold Snap","floor":14.0},{"not_picked":["All For One","Meteor Strike"],"picked":"Electrodynamics","floor":16.0},{"not_picked":["Coolheaded","Scrape+1","Steam Power"],"picked":"SKIP","floor":18.0},{"not_picked":["Auto Shields","Rebound+1","Go for the Eyes"],"picked":"SKIP","floor":21.0},{"not_picked":["Coolheaded","Force Field+1"],"picked":"Glacier+1","floor":24.0},{"not_picked":["Leap","Electrodynamics","Ball Lightning"],"picked":"SKIP","floor":28.0},{"not_picked":["Steam Power","Steam","Stack"],"picked":"SKIP","floor":29.0},{"not_picked":["Ball Lightning+1","Leap"],"picked":"BootSequence","floor":31.0},{"not_picked":["All For One","Rainbow"],"picked":"Seek","floor":33.0},{"not_picked":["Reprogram","Chaos","Rebound"],"picked":"SKIP","floor":35.0},{"not_picked":["Gash","Barrage","Recycle"],"picked":"SKIP","floor":37.0},{"not_picked":["Gash","Barrage","Recycle"],"picked":"SKIP","floor":37.0},{"not_picked":["Hologram","Stack","Redo"],"picked":"SKIP","floor":40.0},{"not_picked":["Hologram","Stack","Redo"],"picked":"SKIP","floor":40.0},{"not_picked":["Beam Cell","Scrape+1","Leap+1"],"picked":"SKIP","floor":42.0},{"not_picked":["Darkness","Fusion","Cold Snap"],"picked":"SKIP","floor":44.0},{"not_picked":["Compile Driver","Double Energy"],"picked":"Skim","floor":46.0},{"not_picked":["Sweeping Beam","Ball Lightning","Hello World","Gash"],"picked":"SKIP","floor":48.0}],"player_experience":2503165,"relics_obtained":[{"floor":6.0,"key":"Pantograph"},{"floor":8.0,"key":"Bird Faced Urn"},{"floor":9.0,"key":"Emotion Chip"},{"floor":11.0,"key":"Mummified Hand"},{"floor":13.0,"key":"Cables"},{"floor":19.0,"key":"Red Mask"},{"floor":22.0,"key":"Smiling Mask"},{"floor":24.0,"key":"Symbiotic Virus"},{"floor":26.0,"key":"The Courier"},{"floor":28.0,"key":"Bronze Scales"},{"floor":31.0,"key":"Blood Vial"},{"floor":40.0,"key":"Bottled Tornado"},{"floor":42.0,"key":"Centennial Puzzle"},{"floor":44.0,"key":"Bag of Marbles"},{"floor":47.0,"key":"Question Card"}],"event_choices":[{"damage_healed":0.0,"max_hp_gain":0.0,"max_hp_loss":0.0,"gold_gain":0.0,"cards_transformed":["Strike_B"],"event_name":"Living Wall","player_choice":"Change","floor":2.0,"gold_loss":0.0,"damage_taken":0.0,"cards_obtained":["Reboot"]},{"damage_healed":0.0,"max_hp_gain":0.0,"max_hp_loss":0.0,"gold_gain":0.0,"event_name":"Masked Bandits","player_choice":"Fought Bandits","floor":19.0,"gold_loss":0.0,"damage_taken":0.0},{"damage_healed":0.0,"max_hp_gain":0.0,"max_hp_loss":0.0,"gold_gain":0.0,"event_name":"Vampires","player_choice":"Ignored","floor":20.0,"gold_loss":0.0,"damage_taken":0.0},{"cards_removed":["Cold Snap"],"damage_healed":0.0,"max_hp_gain":0.0,"max_hp_loss":0.0,"gold_gain":0.0,"event_name":"Falling","player_choice":"Removed Attack","floor":38.0,"gold_loss":0.0,"damage_taken":0.0},{"damage_healed":0.0,"max_hp_gain":0.0,"max_hp_loss":4.0,"gold_gain":0.0,"event_name":"Winding Halls","player_choice":"Max HP","floor":39.0,"gold_loss":0.0,"damage_taken":0.0}],"is_beta":false,"boss_relics":[{"not_picked":["Runic Pyramid","Eternal Feather"],"picked":"Coffee Dripper"},{"not_picked":["Fusion Hammer","Lizard Tail"],"picked":"Astrolabe"}],"items_purged_floors":[3,27,36],"is_endless":false,"potions_floor_spawned":[5,6,13,14,21,24,31,33,35,42,46,48],"ascension_level":20}