{"gold_per_floor":[111,111,124,137,149,149,183,108,108,108,108,151,151,164,164,260,260,280,34,50,50,73,73,112,112,191,191,235,268,311,311,311,406,406,429,429],"floor_reached":36,"playtime":2529,"items_purged":["Strike_R"],"score":921,"play_id":"fcbafd0c-3524-47c1-961f-b93c4aa9ba17","local_time":"20190319070739","is_ascension_mode":true,"campfire_choices":[{"data":"Disarm","floor":6,"key":"SMITH"},{"data":"Headbutt","floor":10,"key":"SMITH"},{"data":"Disarm","floor":13,"key":"SMITH"},{"data":"Bash","floor":15,"key":"SMITH"},{"data":"Immolate","floor":23,"key":"SMITH"},{"floor":25,"key":"REST"},{"floor":27,"key":"REST"},{"data":"Spot Weakness","floor":32,"key":"SMITH"}],"neow_cost":"NONE","seed_source_timestamp":576227243470700,"circlet_count":0,"master_deck":["AscendersBane","Strike_R+1","Strike_R+1","Strike_R+1","Defend_R+1","Defend_R+1","Defend_R+1","Defend_R+1","Bash+1","Rampage","Disarm+1","Headbutt+1","Shockwave","Impervious","Disarm+1","Battle Trance","Immolate+1","Shrug It Off","Feed","Corruption","Shrug It Off","RitualDagger","Spot Weakness+1","Exhume"],"relics":["Burning Blood","Bird Faced Urn","WingedGreaves","FossilizedHelix","Golden Idol","Singing Bowl","Velvet Choker","Bag of Preparation","Du-Vu Doll","Matryoshka","Pear","Eternal Feather"],"potions_floor_usage":[7,7,12,24,24,30],"damage_taken":[{"damage":9,"enemies":"Jaw Worm","floor":1,"turns":4},{"damage":8,"enemies":"2 Louse","floor":3,"turns":3},{"damage":1,"enemies":"Small Slimes","floor":4,"turns":5},{"damage":14,"enemies":"Blue Slaver","floor":5,"turns":5},{"damage":27,"enemies":"3 Sentries","floor":7,"turns":7},{"damage":2,"enemies":"Lagavulin","floor":12,"turns":8},{"damage":0,"enemies":"Large Slime","floor":14,"turns":6},{"damage":18,"enemies":"Hexaghost","floor":16,"turns":12},{"damage":6,"enemies":"3 Byrds","floor":18,"turns":4},{"damage":2,"enemies":"Chosen","floor":20,"turns":5},{"damage":0,"enemies":"Centurion and Healer","floor":22,"turns":5},{"damage":53,"enemies":"Gremlin Leader","floor":24,"turns":10},{"damage":5,"enemies":"Book of Stabbing","floor":28,"turns":7},{"damage":16,"enemies":"Slavers","floor":29,"turns":5},{"damage":10,"enemies":"Gremlin Leader","floor":30,"turns":6},{"damage":34,"enemies":"Champ","floor":33,"turns":13},{"damage":23,"enemies":"3 Shapes","floor":35,"turns":4},{"damage":96,"enemies":"2 Orb Walkers","floor":36,"turns":5}],"seed_played":"3018783592835998483","potions_obtained":[{"floor":0,"key":"Strength Potion"},{"floor":0,"key":"SneckoOil"},{"floor":7,"key":"AttackPotion"},{"floor":12,"key":"AttackPotion"},{"floor":14,"key":"SkillPotion"},{"floor":29,"key":"EssenceOfSteel"},{"floor":30,"key":"SpeedPotion"}],"is_trial":false,"path_per_floor":["M","?","M","M","M","R","E","?","T","R","?","E","R","M","R","B",null,"M","$","M","?","M","R","E","R","T","R","E","E","E","?","R","B",null,"M","?"],"character_chosen":"IRONCLAD","items_purchased":["Feed","Corruption"],"campfire_rested":2,"item_purchase_floors":[19,19],"current_hp_per_floor":[65,60,58,63,55,55,34,34,34,34,34,38,38,44,44,32,59,59,59,63,57,68,68,23,45,45,67,73,70,81,81,81,58,90,80,0],"gold":429,"neow_bonus":"THREE_SMALL_POTIONS","is_prod":false,"is_daily":false,"chose_seed":false,"campfire_upgraded":6,"win_rate":0,"timestamp":1552979259,"path_taken":["M","?","M","M","M","R","E","?","T","R","?","E","R","M","R","BOSS","M","$","M","?","M","R","E","R","T","R","E","E","E","?","R","BOSS","M","?"],"build_version":"2019-01-23","purchased_purges":1,"victory":false,"max_hp_per_floor":[75,75,75,75,75,75,75,75,75,75,68,68,68,68,68,68,68,68,68,68,68,73,73,75,75,75,75,78,83,98,98,98,101,101,106,109],"card_choices":[{"not_picked":["Sword Boomerang","Havoc"],"picked":"Rampage","floor":1},{"not_picked":["Perfected Strike","Sword Boomerang"],"picked":"Disarm","floor":3},{"not_picked":["Sentinel","Wild Strike"],"picked":"Headbutt","floor":4},{"not_picked":["Bloodletting","Burning Pact"],"picked":"Shockwave","floor":5},{"not_picked":["Havoc","Blood for Blood"],"picked":"Impervious","floor":7},{"not_picked":["Havoc","Anger"],"picked":"Disarm","floor":12},{"not_picked":["Sword Boomerang","Heavy Blade"],"picked":"Battle Trance","floor":14},{"not_picked":["Fiend Fire","Demon Form"],"picked":"Immolate","floor":16},{"not_picked":["Body Slam","Pommel Strike"],"picked":"Shrug It Off","floor":18},{"not_picked":["Clothesline","Headbutt"],"picked":"Shrug It Off","floor":20},{"not_picked":["Flex","Ghostly Armor","Uppercut"],"picked":"Singing Bowl","floor":22},{"not_picked":["Twin Strike","Hemokinesis","Combust"],"picked":"Singing Bowl","floor":24},{"not_picked":["Fiend Fire","Ghostly Armor+1"],"picked":"Spot Weakness","floor":28},{"not_picked":["Clothesline","Twin Strike","Ghostly Armor"],"picked":"Singing Bowl","floor":29},{"not_picked":["True Grit","Iron Wave","Seeing Red"],"picked":"Singing Bowl","floor":30},{"not_picked":["Berserk","Feed"],"picked":"Exhume","floor":33},{"not_picked":["Rampage+1","Evolve","Sever Soul"],"picked":"Singing Bowl","floor":35}],"player_experience":2261373,"relics_obtained":[{"floor":7,"key":"WingedGreaves"},{"floor":9,"key":"FossilizedHelix"},{"floor":12,"key":"Singing Bowl"},{"floor":24,"key":"Bag of Preparation"},{"floor":28,"key":"Du-Vu Doll"},{"floor":29,"key":"Matryoshka"},{"floor":30,"key":"Pear"}],"event_choices":[{"damage_healed":0,"gold_gain":0,"player_choice":"Success","damage_taken":5,"relics_obtained":["Bird Faced Urn"],"max_hp_gain":0,"max_hp_loss":0,"event_name":"Scrap Ooze","floor":2,"gold_loss":0},{"cards_removed":["Strike_R"],"damage_healed":0,"gold_gain":0,"player_choice":"Card Removal","damage_taken":0,"max_hp_gain":0,"max_hp_loss":0,"event_name":"The Cleric","floor":8,"gold_loss":75},{"damage_healed":0,"gold_gain":0,"player_choice":"Lose Max HP","damage_taken":0,"relics_obtained":["Golden Idol"],"max_hp_gain":0,"max_hp_loss":7,"event_name":"Golden Idol","floor":11,"gold_loss":0},{"damage_healed":0,"gold_gain":0,"player_choice":"Joined the Cult","damage_taken":6,"max_hp_gain":0,"max_hp_loss":0,"event_name":"Nest","floor":21,"gold_loss":0,"cards_obtained":["RitualDagger"]},{"damage_healed":0,"gold_gain":0,"player_choice":"Simplicity","damage_taken":0,"max_hp_gain":0,"max_hp_loss":0,"event_name":"Back to Basics","floor":31,"gold_loss":0,"cards_upgraded":["Strike_R","Strike_R","Strike_R","Defend_R","Defend_R","Defend_R","Defend_R"]},{"damage_healed":0,"gold_gain":0,"player_choice":"Fight","damage_taken":0,"max_hp_gain":0,"max_hp_loss":0,"event_name":"Mysterious Sphere","floor":36,"gold_loss":0}],"is_beta":false,"boss_relics":[{"not_picked":["Pandora\u0027s Box","Runic Pyramid"],"picked":"Velvet Choker"},{"not_picked":["Sozu","Orrery"],"picked":"Eternal Feather"}],"items_purged_floors":[19],"is_endless":false,"potions_floor_spawned":[3,7,12,14,20,22,29,30],"killed_by":"2 Orb Walkers","ascension_level":20}