{"gold_per_floor":[109,123,123,123,142,142,67,97,121,121,71,103,129,152,164,251,263,286,316,328,340,368,380,405,452,464,526,551,68,68,83,83,162,162,177,16,0,0,19,19,70,105,105,30,30,130,130,143,143,143],"floor_reached":51,"playtime":2197,"items_purged":["Strike_B","Strike_B","Strike_B"],"score":1237,"play_id":"3fe5d39a-1c0a-4ba2-b4e2-fd099f31dbc2","local_time":"20181102135725","is_ascension_mode":true,"campfire_choices":[{"data":"Dualcast","floor":6.0,"key":"SMITH"},{"data":"Cold Snap","floor":10.0,"key":"SMITH"},{"data":"Go for the Eyes","floor":15.0,"key":"SMITH"},{"data":"Hologram","floor":23.0,"key":"SMITH"},{"floor":30.0,"key":"REST"},{"data":"Streamline","floor":32.0,"key":"SMITH"},{"data":"Discovery","floor":40.0,"key":"SMITH"},{"floor":45,"key":"REST"},{"data":"Stack","floor":49,"key":"SMITH"}],"neow_cost":"NONE","seed_source_timestamp":95254244238953,"circlet_count":0,"master_deck":["AscendersBane","Strike_B","Defend_B","Defend_B","Defend_B","Defend_B","Dualcast+1","Compile Driver","Conserve Battery","Cold Snap+1","Cold Snap","Leap","Go for the Eyes+1","Coolheaded","Reboot","Hologram+1","Hello World","Streamline+1","Chill","Compile Driver+1","Ball Lightning","All For One","Discovery+1","Self Repair","Beam Cell+1","Conserve Battery+1","Stack+1","Barrage","Sweeping Beam"],"special_seed":0,"relics":["Cracked Core","DataDisk","Happy Flower","MawBank","Sozu","Ornamental Fan","Smiling Mask","Runic Capacitor","Mummified Hand","Lizard Tail","Red Mask","Dead Branch","Bag of Marbles","Ancient Tea Set","StoneCalendar"],"potions_floor_usage":[],"damage_taken":[{"damage":1.0,"enemies":"Cultist","floor":1.0,"turns":3.0},{"damage":4.0,"enemies":"2 Louse","floor":2.0,"turns":3.0},{"damage":2.0,"enemies":"Jaw Worm","floor":5.0,"turns":3.0},{"damage":18.0,"enemies":"3 Sentries","floor":8.0,"turns":8.0},{"damage":7.0,"enemies":"Lagavulin","floor":12.0,"turns":5.0},{"damage":5.0,"enemies":"Blue Slaver","floor":13.0,"turns":2.0},{"damage":5.0,"enemies":"Large Slime","floor":14.0,"turns":6.0},{"damage":1.0,"enemies":"The Guardian","floor":16.0,"turns":11.0},{"damage":1.0,"enemies":"Shell Parasite","floor":18.0,"turns":8.0},{"damage":2.0,"enemies":"3 Byrds","floor":19.0,"turns":6.0},{"damage":0.0,"enemies":"Shelled Parasite and Fungi","floor":22.0,"turns":9.0},{"damage":7.0,"enemies":"Snake Plant","floor":24.0,"turns":6.0},{"damage":0.0,"enemies":"Book of Stabbing","floor":25.0,"turns":5.0},{"damage":4.0,"enemies":"Centurion and Healer","floor":28.0,"turns":5.0},{"damage":0.0,"enemies":"Shelled Parasite and Fungi","floor":31.0,"turns":5.0},{"damage":24.0,"enemies":"Collector","floor":33.0,"turns":8.0},{"damage":0.0,"enemies":"Orb Walker","floor":35.0,"turns":3.0},{"damage":0.0,"enemies":"3 Shapes","floor":39.0,"turns":6.0},{"damage":25.0,"enemies":"2 Orb Walkers","floor":41.0,"turns":4.0},{"damage":12,"enemies":"Reptomancer","floor":42,"turns":6},{"damage":0,"enemies":"Mind Bloom Boss Battle","floor":46,"turns":4},{"damage":6,"enemies":"Spire Growth","floor":48,"turns":4},{"damage":27,"enemies":"Donu and Deca","floor":50,"turns":10}],"seed_played":"-4811356976070475215","potions_obtained":[{"floor":8.0,"key":"AttackPotion"},{"floor":12.0,"key":"Swift Potion"},{"floor":14.0,"key":"Weak Potion"},{"floor":16.0,"key":"AttackPotion"}],"is_trial":false,"path_per_floor":["M","M","?","?","M","R","$","E","T","R","$","E","M","M","R","B",null,"M","M","?","$","M","R","M","E","T","?","M","$","R","M","R","B",null,"M","$","?","?","M","R","?","E","T","$","R","?","?","M","R","B",null],"character_chosen":"DEFECT","items_purchased":["Cold Snap","Runic Capacitor","Mummified Hand","Discovery","Self Repair","Stack"],"campfire_rested":2,"item_purchase_floors":[11,29,29,36,36,44],"current_hp_per_floor":[63,59,59,59,57,57,57,39,39,39,39,32,27,22,22,21,59,58,56,49,49,49,49,42,42,42,42,38,38,59,59,59,35,62,62,62,62,62,67,67,49,37,37,37,57,64,64,65,65,45],"gold":143,"neow_bonus":"UPGRADE_CARD","is_prod":false,"is_daily":false,"chose_seed":false,"campfire_upgraded":7,"win_rate":0,"timestamp":1541192245,"path_taken":["M","M","?","?","M","R","?","E","T","R","?","E","M","M","R","BOSS","M","M","?","$","M","R","?","E","T","?","?","$","R","M","R","BOSS","M","$","?","?","M","R","?","E","T","$","R","?","?","?","R","BOSS"],"build_version":"2018-11-01","purchased_purges":3,"victory":true,"max_hp_per_floor":[71,71,71,71,71,71,71,71,71,71,71,71,71,71,71,71,71,71,71,71,71,71,71,71,71,71,71,71,71,71,71,71,71,71,71,71,71,67,67,67,67,67,67,67,67,67,67,67,67,67],"card_choices":[{"not_picked":["Barrage","Static Discharge"],"picked":"Compile Driver","floor":1.0},{"not_picked":["Turbo","Tempest"],"picked":"Conserve Battery","floor":2.0},{"not_picked":["Reprogram","Capacitor"],"picked":"Cold Snap","floor":5.0},{"not_picked":["Beam Cell","Chaos","Hyperbeam"],"picked":"SKIP","floor":8.0},{"not_picked":["Barrage","Melter"],"picked":"Leap","floor":12.0},{"not_picked":["Heatsinks","Darkness"],"picked":"Go for the Eyes","floor":13.0},{"not_picked":["Chaos","Stack"],"picked":"Coolheaded","floor":14.0},{"not_picked":["Meteor Strike","Rainbow"],"picked":"Reboot","floor":16.0},{"not_picked":["Rip and Tear","Turbo","Steam Power"],"picked":"SKIP","floor":18.0},{"not_picked":["Leap","Barrage"],"picked":"Hologram","floor":19.0},{"not_picked":["Leap","Static Discharge"],"picked":"Hello World","floor":22.0},{"not_picked":["Turbo","Go for the Eyes"],"picked":"Streamline","floor":24.0},{"not_picked":["Streamline+1","Turbo+1"],"picked":"Chill","floor":25.0},{"not_picked":["Leap","Coolheaded"],"picked":"Compile Driver+1","floor":28.0},{"not_picked":["Conserve Battery","Coolheaded"],"picked":"Ball Lightning","floor":31.0},{"not_picked":["Amplify","Seek"],"picked":"All For One","floor":33.0},{"not_picked":["Turbo","Rebound+1","Steam"],"picked":"SKIP","floor":35.0},{"not_picked":["Chill","Steam"],"picked":"Beam Cell+1","floor":39.0},{"not_picked":["Steam+1","Compile Driver"],"picked":"Conserve Battery+1","floor":42},{"not_picked":["Cold Snap","Gash"],"picked":"Barrage","floor":46},{"not_picked":["Turbo+1","Ball Lightning"],"picked":"Sweeping Beam","floor":48}],"player_experience":1562473,"relics_obtained":[{"floor":8.0,"key":"DataDisk"},{"floor":9.0,"key":"Happy Flower"},{"floor":12.0,"key":"MawBank"},{"floor":25.0,"key":"Ornamental Fan"},{"floor":26.0,"key":"Smiling Mask"},{"floor":41.0,"key":"Dead Branch"},{"floor":42,"key":"Bag of Marbles"},{"floor":43,"key":"Ancient Tea Set"},{"floor":46,"key":"StoneCalendar"}],"event_choices":[{"damage_healed":0.0,"max_hp_gain":0.0,"max_hp_loss":0.0,"gold_gain":0.0,"event_name":"The Cleric","player_choice":"Leave","floor":3.0,"gold_loss":0.0,"damage_taken":0.0},{"damage_healed":0.0,"max_hp_gain":0.0,"max_hp_loss":0.0,"gold_gain":0.0,"event_name":"Golden Idol","player_choice":"Ignored","floor":4.0,"gold_loss":0.0,"damage_taken":0.0},{"damage_healed":0.0,"max_hp_gain":0.0,"max_hp_loss":0.0,"gold_gain":0.0,"event_name":"Knowing Skull","player_choice":"","floor":20.0,"potions_obtained":[],"gold_loss":0.0,"damage_taken":7.0,"cards_obtained":[]},{"damage_healed":0.0,"max_hp_gain":0.0,"max_hp_loss":0.0,"gold_gain":50.0,"event_name":"Golden Shrine","player_choice":"Pray","floor":27.0,"gold_loss":0.0,"damage_taken":0.0},{"damage_healed":0.0,"max_hp_gain":0.0,"max_hp_loss":0.0,"gold_gain":0.0,"event_name":"Tomb of Lord Red Mask","player_choice":"Paid","floor":37.0,"gold_loss":16.0,"damage_taken":0.0,"relics_obtained":["Red Mask"]},{"damage_healed":0.0,"max_hp_gain":0.0,"max_hp_loss":4.0,"gold_gain":0.0,"event_name":"Winding Halls","player_choice":"Max HP","floor":38.0,"gold_loss":0.0,"damage_taken":0.0},{"damage_healed":0.0,"max_hp_gain":0.0,"max_hp_loss":0.0,"gold_gain":0.0,"event_name":"Mysterious Sphere","player_choice":"Fight","floor":41.0,"gold_loss":0.0,"damage_taken":0.0},{"damage_healed":0,"gold_gain":0,"player_choice":"Fight","damage_taken":0,"max_hp_gain":0,"max_hp_loss":0,"event_name":"MindBloom","floor":46,"gold_loss":0},{"cards_removed":["Zap"],"damage_healed":0,"gold_gain":0,"player_choice":"Removed Skill","damage_taken":0,"max_hp_gain":0,"max_hp_loss":0,"event_name":"Falling","floor":47,"gold_loss":0}],"is_beta":false,"boss_relics":[{"not_picked":["Orrery","Runic Dome"],"picked":"Sozu"},{"not_picked":["Tiny House","Busted Crown"],"picked":"Lizard Tail"}],"items_purged_floors":[7,29,44],"is_endless":false,"potions_floor_spawned":[8,12,13,14,16,19,22,24,31,41,42,46,48],"ascension_level":15}