{"gold_per_floor":[215,231,251,401,401,401,132,132,156,176,219,144,179,192,192,290,290,310,335,335,52,64,64,94,94,394,394,408,423,443,474,474,552,552,563,574,574,146,196,196,210,225,225,225,75,0,0],"floor_reached":47,"playtime":2583,"items_purged":["Doubt","Strike_G","Strike_G","Strike_G"],"score":856,"play_id":"79593e82-2469-480e-8eb0-cc8e07e6372e","local_time":"20190420152005","is_ascension_mode":true,"campfire_choices":[{"data":"Sucker Punch","floor":6,"key":"SMITH"},{"data":"Dash","floor":8,"key":"SMITH"},{"data":"Neutralize","floor":15,"key":"SMITH"},{"data":"Noxious Fumes","floor":23,"key":"SMITH"},{"data":"Footwork","floor":25,"key":"SMITH"},{"floor":27,"key":"REST"},{"data":"Night Terror","floor":32,"key":"SMITH"},{"data":"Caltrops","floor":40,"key":"SMITH"}],"neow_cost":"NONE","seed_source_timestamp":128478009418799,"circlet_count":0,"master_deck":["AscendersBane","Defend_G","Defend_G","Defend_G","Defend_G","Defend_G","Survivor","Neutralize+1","Sucker Punch+1","PiercingWail","Bouncing Flask","Dash+1","Caltrops+1","Footwork+1","Adrenaline","Deflect","Blur","Night Terror+1","PiercingWail","Noxious Fumes+1","Backflip","Dodge and Roll","Infinite Blades+1","Corpse Explosion","Poisoned Stab","Deflect","After Image","Parasite","Leg Sweep","Dodge and Roll+1","Masterful Stab"],"relics":["Ring of the Serpent","Bloody Idol","Juzu Bracelet","Centennial Puzzle","Blue Candle","PreservedInsect","Happy Flower","Old Coin","Bronze Scales","Eternal Feather","Snake Skull","Bottled Tornado","Red Mask"],"potions_floor_usage":[13,14,16,28,31,33,42],"damage_taken":[{"damage":0,"enemies":"Small Slimes","floor":1,"turns":3},{"damage":0,"enemies":"2 Louse","floor":2,"turns":3},{"damage":2,"enemies":"Jaw Worm","floor":3,"turns":4},{"damage":17,"enemies":"Exordium Thugs","floor":10,"turns":6},{"damage":2,"enemies":"Lagavulin","floor":11,"turns":7},{"damage":13,"enemies":"Gremlin Nob","floor":13,"turns":5},{"damage":6,"enemies":"Lots of Slimes","floor":14,"turns":4},{"damage":2,"enemies":"The Guardian","floor":16,"turns":12},{"damage":2,"enemies":"Shell Parasite","floor":18,"turns":12},{"damage":3,"enemies":"Chosen","floor":19,"turns":6},{"damage":9,"enemies":"Snecko","floor":22,"turns":7},{"damage":25,"enemies":"Book of Stabbing","floor":24,"turns":7},{"damage":5,"enemies":"Sentry and Sphere","floor":28,"turns":5},{"damage":0,"enemies":"Cultist and Chosen","floor":29,"turns":7},{"damage":13,"enemies":"Snake Plant","floor":30,"turns":5},{"damage":42,"enemies":"Gremlin Leader","floor":31,"turns":10},{"damage":17,"enemies":"Champ","floor":33,"turns":19},{"damage":11,"enemies":"3 Shapes","floor":35,"turns":6},{"damage":10,"enemies":"3 Darklings","floor":36,"turns":6},{"damage":0,"enemies":"Writhing Mass","floor":41,"turns":8},{"damage":44,"enemies":"Jaw Worm Horde","floor":42,"turns":4},{"damage":22,"enemies":"Reptomancer","floor":47,"turns":2}],"seed_played":"7056037065987517951","potions_obtained":[{"floor":1,"key":"FearPotion"},{"floor":2,"key":"Dexterity Potion"},{"floor":13,"key":"FearPotion"},{"floor":19,"key":"Fire Potion"},{"floor":24,"key":"Energy Potion"},{"floor":29,"key":"FearPotion"},{"floor":30,"key":"Regen Potion"},{"floor":31,"key":"Swift Potion"},{"floor":35,"key":"Block Potion"},{"floor":41,"key":"Dexterity Potion"}],"is_trial":false,"path_per_floor":["M","M","M","?","?","R","$","R","T","M","E","?","E","M","R","B",null,"M","M","?","$","M","R","E","R","T","R","M","M","M","E","R","B",null,"M","M","?","$","?","R","M","M","T","?","$","?","E"],"character_chosen":"THE_SILENT","items_purchased":["Bouncing Flask","Dash","Caltrops","Noxious Fumes","PreservedInsect","Snake Skull","After Image"],"campfire_rested":1,"item_purchase_floors":[7,7,7,21,21,38,38],"current_hp_per_floor":[59,59,57,57,57,57,57,57,57,40,38,38,25,19,19,17,49,47,44,44,44,40,40,20,20,25,43,43,48,40,18,18,6,47,41,36,36,36,41,56,60,21,21,21,21,21,0],"gold":0,"neow_bonus":"HUNDRED_GOLD","is_prod":false,"is_daily":false,"chose_seed":false,"campfire_upgraded":7,"win_rate":0,"timestamp":1555798805,"path_taken":["M","M","M","?","?","R","$","R","T","M","E","?","E","M","R","BOSS","M","M","?","$","M","R","E","R","T","R","M","M","M","E","R","BOSS","M","M","?","$","?","R","M","M","T","?","?","?","E"],"build_version":"2019-01-23","purchased_purges":4,"victory":false,"max_hp_per_floor":[66,66,66,66,60,60,60,60,60,60,60,60,60,60,60,60,60,60,60,60,60,60,60,60,60,60,60,60,60,60,60,60,60,60,60,60,60,60,60,60,60,60,60,60,60,60,60],"card_choices":[{"not_picked":["Outmaneuver","Heel Hook"],"picked":"Sucker Punch","floor":1},{"not_picked":["Prepared","Outmaneuver"],"picked":"PiercingWail","floor":2},{"not_picked":["Accuracy","PiercingWail","Masterful Stab"],"picked":"SKIP","floor":3},{"not_picked":["Prepared","Deflect"],"picked":"Footwork","floor":10},{"not_picked":["Bane","Sucker Punch"],"picked":"Adrenaline","floor":11},{"not_picked":["Infinite Blades","Bane"],"picked":"Deflect","floor":13},{"not_picked":["Reflex","Masterful Stab"],"picked":"Blur","floor":14},{"not_picked":["Tools of the Trade","Bullet Time"],"picked":"Night Terror","floor":16},{"not_picked":["Dagger Spray","Bane+1","Outmaneuver"],"picked":"SKIP","floor":18},{"not_picked":["Bane","Outmaneuver"],"picked":"PiercingWail","floor":19},{"not_picked":["Cloak And Dagger","Bane","Dagger Throw"],"picked":"SKIP","floor":22},{"not_picked":["Setup","Sucker Punch+1","Reflex"],"picked":"SKIP","floor":24},{"not_picked":["Flying Knee","A Thousand Cuts","Blade Dance"],"picked":"SKIP","floor":28},{"not_picked":["Sucker Punch","Slice"],"picked":"Backflip","floor":29},{"not_picked":["Underhanded Strike","Outmaneuver"],"picked":"Dodge and Roll","floor":30},{"not_picked":["Phantasmal Killer","Endless Agony"],"picked":"Infinite Blades+1","floor":31},{"not_picked":["Grand Finale","Envenom"],"picked":"Corpse Explosion","floor":33},{"not_picked":["Sucker Punch+1","Noxious Fumes"],"picked":"Poisoned Stab","floor":35},{"not_picked":["Outmaneuver","Backflip"],"picked":"Deflect","floor":36},{"not_picked":["Underhanded Strike","Tactician"],"picked":"Leg Sweep","floor":41},{"not_picked":["Infinite Blades","Cloak And Dagger"],"picked":"Dodge and Roll+1","floor":42}],"player_experience":2479314,"relics_obtained":[{"floor":9,"key":"Juzu Bracelet"},{"floor":11,"key":"Centennial Puzzle"},{"floor":13,"key":"Blue Candle"},{"floor":24,"key":"Happy Flower"},{"floor":26,"key":"Old Coin"},{"floor":31,"key":"Bronze Scales"},{"floor":43,"key":"Bottled Tornado"}],"event_choices":[{"damage_healed":0,"gold_gain":150,"player_choice":"AGREE","damage_taken":0,"max_hp_gain":0,"max_hp_loss":0,"event_name":"Liars Game","floor":4,"gold_loss":0,"cards_obtained":["Doubt"]},{"damage_healed":0,"gold_gain":0,"player_choice":"Lose Max HP","damage_taken":0,"relics_obtained":["Golden Idol"],"max_hp_gain":0,"max_hp_loss":6,"event_name":"Golden Idol","floor":5,"gold_loss":0},{"cards_removed":["Strike_G"],"damage_healed":0,"gold_gain":0,"player_choice":"Card Removal","damage_taken":0,"max_hp_gain":0,"max_hp_loss":0,"event_name":"The Cleric","floor":12,"gold_loss":75},{"damage_healed":0,"gold_gain":0,"player_choice":"Gave Idol","damage_taken":0,"relics_obtained":["Bloody Idol"],"max_hp_gain":0,"max_hp_loss":0,"event_name":"Forgotten Altar","floor":20,"relics_lost":["Golden Idol"],"gold_loss":0},{"damage_healed":0,"gold_gain":0,"player_choice":"Ignored","damage_taken":0,"max_hp_gain":0,"max_hp_loss":0,"event_name":"Mysterious Sphere","floor":37,"gold_loss":0},{"damage_healed":0,"gold_gain":50,"player_choice":"Pray","damage_taken":0,"max_hp_gain":0,"max_hp_loss":0,"event_name":"Golden Shrine","floor":39,"gold_loss":0},{"damage_healed":0,"gold_gain":0,"cards_transformed":["Strike_G"],"player_choice":"Transformed","damage_taken":0,"max_hp_gain":0,"max_hp_loss":0,"event_name":"Transmorgrifier","floor":44,"gold_loss":0,"cards_obtained":["Masterful Stab"]},{"damage_healed":0,"gold_gain":0,"player_choice":"Paid","damage_taken":0,"relics_obtained":["Red Mask"],"max_hp_gain":0,"max_hp_loss":0,"event_name":"Tomb of Lord Red Mask","floor":46,"gold_loss":75}],"is_beta":false,"boss_relics":[{"not_picked":["Coffee Dripper","Lizard Tail"],"picked":"Ring of the Serpent"},{"not_picked":["Runic Dome","Snecko Eye"],"picked":"Eternal Feather"}],"items_purged_floors":[7,21,38,45],"is_endless":false,"potions_floor_spawned":[1,2,10,13,19,24,29,30,31,35,41],"killed_by":"Reptomancer","ascension_level":15}