{"gold_per_floor":[117,117,127,142,157,190,190,217,217,217,38,38,53,53,53,151,151,166,166,185,203,216,216,234,88,112,144,167,186,186,221,221,324,324,340,250,101,112,130,161,161,188,248,280,28,28,53,66,66,66,66,66,4,35,35],"floor_reached":56,"playtime":5126,"items_purged":["Regret","Strike_R","Strike_R"],"score":1903,"play_id":"183d5bd4-b272-43ff-97f6-d155a0cb2686","local_time":"20190104030634","is_ascension_mode":true,"campfire_choices":[{"floor":7.0,"key":"REST"},{"data":"Feed","floor":12.0,"key":"SMITH"},{"data":"Ghostly Armor","floor":15.0,"key":"SMITH"},{"data":"Exhume","floor":23.0,"key":"SMITH"},{"data":"Ghostly Armor","floor":30.0,"key":"SMITH"},{"data":"Intimidate","floor":32.0,"key":"SMITH"},{"data":"True Grit","floor":41,"key":"SMITH"},{"floor":46,"key":"RECALL"},{"floor":49,"key":"REST"},{"data":"Dual Wield","floor":52,"key":"SMITH"}],"neow_cost":"CURSE","seed_source_timestamp":0,"circlet_count":0,"master_deck":["Strike_R+1","Strike_R+1","Defend_R","Defend_R","Defend_R+1","Defend_R+1","Bash+1","Feed+1","Wild Strike","Regret","Barricade+1","Ghostly Armor+1","Inflame+1","Ghostly Armor+1","Metallicize+1","Feel No Pain+1","Fiend Fire+1","Body Slam+1","Exhume+1","Hemokinesis+1","Ghostly","Ghostly","Ghostly","Ghostly","Ghostly","Shrug It Off","Carnage+1","Body Slam+1","Metallicize+1","Rupture+1","Intimidate+1","Brutality+1","True Grit+1","Flex+1","Dual Wield+1","Seeing Red+1","Mind Blast+1","Disarm","Juggernaut+1"],"special_seed":0,"relics":["Burning Blood","Frozen Egg 2","Blue Candle","War Paint","Molten Egg 2","Mercury Hourglass","Busted Crown","Omamori","Bag of Marbles","Thread and Needle","Runic Cube","Smiling Mask","MawBank","Orichalcum","The Courier","Whetstone"],"potions_floor_usage":[48,50,54,55],"damage_taken":[{"damage":10.0,"enemies":"Jaw Worm","floor":1.0,"turns":3.0},{"damage":14.0,"enemies":"2 Louse","floor":3.0,"turns":3.0},{"damage":22.0,"enemies":"Cultist","floor":4.0,"turns":5.0},{"damage":25.0,"enemies":"Blue Slaver","floor":5.0,"turns":4.0},{"damage":32.0,"enemies":"3 Sentries","floor":6.0,"turns":8.0},{"damage":17.0,"enemies":"Lagavulin","floor":8.0,"turns":7.0},{"damage":6.0,"enemies":"Red Slaver","floor":13.0,"turns":4.0},{"damage":1.0,"enemies":"The Guardian","floor":16.0,"turns":14.0},{"damage":9.0,"enemies":"Chosen","floor":18.0,"turns":6.0},{"damage":10.0,"enemies":"Shell Parasite","floor":20.0,"turns":12.0},{"damage":13.0,"enemies":"3 Cultists","floor":21.0,"turns":8.0},{"damage":6.0,"enemies":"Snake Plant","floor":22.0,"turns":5.0},{"damage":2.0,"enemies":"Snecko","floor":24.0,"turns":4.0},{"damage":10.0,"enemies":"Slavers","floor":27.0,"turns":9.0},{"damage":3.0,"enemies":"3 Cultists","floor":29.0,"turns":6.0},{"damage":2.0,"enemies":"Book of Stabbing","floor":31.0,"turns":8.0},{"damage":1.0,"enemies":"Champ","floor":33.0,"turns":13.0},{"damage":10,"enemies":"Orb Walker","floor":35,"turns":5},{"damage":22,"enemies":"3 Darklings","floor":38,"turns":6},{"damage":8,"enemies":"Sphere and 2 Shapes","floor":39,"turns":8},{"damage":7,"enemies":"Nemesis","floor":40,"turns":7},{"damage":8,"enemies":"Giant Head","floor":42,"turns":7},{"damage":10,"enemies":"Jaw Worm Horde","floor":44,"turns":7},{"damage":27,"enemies":"Nemesis","floor":47,"turns":9},{"damage":7,"enemies":"Writhing Mass","floor":48,"turns":6},{"damage":13,"enemies":"Donu and Deca","floor":50,"turns":11},{"damage":11,"enemies":"Shield and Spear","floor":54,"turns":10},{"damage":16,"enemies":"The Heart","floor":55,"turns":10}],"seed_played":"1770965952839530553","potions_obtained":[{"floor":1.0,"key":"SkillPotion"},{"floor":6.0,"key":"SteroidPotion"},{"floor":16.0,"key":"PowerPotion"},{"floor":20.0,"key":"Ancient Potion"},{"floor":21.0,"key":"Block Potion"},{"floor":22.0,"key":"PowerPotion"},{"floor":24.0,"key":"Explosive Potion"},{"floor":31.0,"key":"SneckoOil"},{"floor":38,"key":"Poison Potion"},{"floor":48,"key":"SteroidPotion"},{"floor":54,"key":"SneckoOil"}],"is_trial":false,"path_per_floor":["M","?","M","M","M","E","R","E","T","?","$","R","M","$","R","B",null,"M","?","M","M","M","R","M","$","T","E","T","M","R","E","R","B",null,"M","?","$","M","M","E","R","E","T","M","$","R","E","M","R","B",null,"R","$","E","B",null],"character_chosen":"IRONCLAD","items_purchased":["Feel No Pain+1","Fiend Fire+1","Metallicize+1","True Grit","Mind Blast+1","Disarm","Swift Potion","GamblersBrew"],"campfire_rested":2,"item_purchase_floors":[11,11,25,37,45,45,45,53],"current_hp_per_floor":[79,79,74,61,45,19,46,35,35,35,35,35,39,39,39,48,87,84,50,50,51,55,55,63,63,63,63,63,70,70,74,74,82,82,78,78,78,62,68,71,71,73,73,73,73,73,52,51,81,78,99,99,99,94,84],"gold":35,"neow_bonus":"THREE_RARE_CARDS","is_prod":false,"is_daily":false,"chose_seed":false,"campfire_upgraded":7,"win_rate":0,"timestamp":1546567594,"path_taken":["M","?","M","M","M","E","R","E","T","?","$","R","M","$","R","BOSS","M","?","M","M","M","R","M","$","T","E","?","?","R","E","R","BOSS","M","?","$","M","M","E","R","E","T","M","$","R","E","?","R","BOSS","R","$","E","BOSS"],"build_version":"2019-01-02","purchased_purges":3,"victory":true,"max_hp_per_floor":[83,83,86,89,92,92,92,92,92,92,92,92,96,96,96,100,100,100,50,54,62,66,66,70,70,70,74,74,78,78,78,78,82,82,82,82,82,82,90,94,94,98,98,102,102,102,102,102,102,106,106,106,106,106,106],"card_choices":[{"not_picked":["Limit Break","Juggernaut"],"picked":"Feed","floor":0.0},{"not_picked":["Havoc","Sentinel"],"picked":"Wild Strike","floor":1.0},{"not_picked":["Havoc","Feel No Pain+1"],"picked":"Barricade+1","floor":3.0},{"not_picked":["Pommel Strike","Twin Strike"],"picked":"Ghostly Armor","floor":4.0},{"not_picked":["Hemokinesis","Headbutt"],"picked":"Inflame+1","floor":5.0},{"not_picked":["Iron Wave","Cleave"],"picked":"Ghostly Armor","floor":6.0},{"not_picked":["Pommel Strike","Thunderclap"],"picked":"Metallicize+1","floor":8.0},{"not_picked":["Feed+1","Iron Wave+1"],"picked":"Body Slam+1","floor":13.0},{"not_picked":["Brutality+1","Dark Embrace+1"],"picked":"Exhume","floor":16.0},{"not_picked":[],"picked":"Hemokinesis+1","floor":18.0},{"not_picked":[],"picked":"Shrug It Off","floor":20.0},{"not_picked":[],"picked":"Carnage+1","floor":21.0},{"not_picked":[],"picked":"Body Slam+1","floor":22.0},{"not_picked":["Perfected Strike+1"],"picked":"SKIP","floor":24.0},{"not_picked":[],"picked":"Rupture+1","floor":27.0},{"not_picked":["Anger+1"],"picked":"SKIP","floor":29.0},{"not_picked":[],"picked":"Intimidate","floor":31.0},{"not_picked":[],"picked":"Brutality+1","floor":33.0},{"not_picked":["Anger+1"],"picked":"SKIP","floor":35},{"not_picked":[],"picked":"Flex+1","floor":38},{"not_picked":["Spot Weakness"],"picked":"SKIP","floor":39},{"not_picked":["Searing Blow+1"],"picked":"SKIP","floor":40},{"not_picked":[],"picked":"Dual Wield","floor":42},{"not_picked":[],"picked":"Seeing Red+1","floor":44},{"not_picked":["Wild Strike+1"],"picked":"SKIP","floor":47},{"not_picked":["Warcry"],"picked":"SKIP","floor":48},{"not_picked":[],"picked":"Juggernaut+1","floor":54}],"player_experience":360162,"relics_obtained":[{"floor":6.0,"key":"Blue Candle"},{"floor":8.0,"key":"War Paint"},{"floor":9.0,"key":"Molten Egg 2"},{"floor":27.0,"key":"Omamori"},{"floor":28.0,"key":"Bag of Marbles"},{"floor":31.0,"key":"Thread and Needle"},{"floor":40,"key":"Smiling Mask"},{"floor":42,"key":"MawBank"},{"floor":43,"key":"Orichalcum"},{"floor":47,"key":"The Courier"},{"floor":54,"key":"Whetstone"}],"event_choices":[{"damage_healed":0.0,"max_hp_gain":0.0,"max_hp_loss":0.0,"gold_gain":0.0,"event_name":"Big Fish","player_choice":"Box","floor":2.0,"gold_loss":0.0,"damage_taken":0.0,"relics_obtained":["Frozen Egg 2"],"cards_obtained":["Regret"]},{"damage_healed":0.0,"max_hp_gain":0.0,"max_hp_loss":0.0,"gold_gain":0.0,"event_name":"Dead Adventurer","player_choice":"Searched \u00271\u0027 times","floor":10.0,"gold_loss":0.0,"damage_taken":0.0,"relics_obtained":["Mercury Hourglass"]},{"damage_healed":0.0,"max_hp_gain":0.0,"max_hp_loss":50.0,"gold_gain":0.0,"event_name":"Ghosts","player_choice":"Became a Ghost","floor":19.0,"gold_loss":0.0,"damage_taken":0.0,"cards_obtained":["Ghostly","Ghostly","Ghostly","Ghostly","Ghostly"]},{"cards_removed":["Strike_R"],"damage_healed":0,"gold_gain":0,"player_choice":"Upgrade and Remove","damage_taken":0,"max_hp_gain":0,"max_hp_loss":0,"event_name":"Designer","floor":36,"gold_loss":90,"cards_upgraded":["Strike_R"]}],"is_beta":true,"boss_relics":[{"not_picked":["Black Star","Eternal Feather"],"picked":"Busted Crown"},{"not_picked":["Pandora\u0027s Box","Lizard Tail"],"picked":"Runic Cube"}],"items_purged_floors":[25,37,45],"is_endless":false,"potions_floor_spawned":[1,6,16,20,21,22,24,31,38,40,44,48,54],"ascension_level":5}