{"gold_per_floor":[110,127,40,56,72,72,103,115,127,157,169,214,226,249,261,347,359,384,396,69,82,95,95,126,126,150,150,75,75,75],"floor_reached":30,"playtime":913,"items_purged":["Strike_R"],"score":516,"play_id":"6676a9ba-3afc-46ce-872d-795869aa8a20","local_time":"20190106150437","is_ascension_mode":true,"campfire_choices":[{"data":"Whirlwind","floor":6.0,"key":"SMITH"},{"data":"Inflame","floor":8.0,"key":"SMITH"},{"data":"Disarm","floor":13.0,"key":"SMITH"},{"data":"Sword Boomerang","floor":15,"key":"SMITH"},{"data":"Offering","floor":23,"key":"SMITH"},{"data":"Fiend Fire","floor":25,"key":"SMITH"},{"floor":29,"key":"REST"}],"neow_cost":"TEN_PERCENT_HP_LOSS","seed_source_timestamp":826062772888,"circlet_count":0,"master_deck":["AscendersBane","Strike_R","Strike_R+1","Defend_R","Defend_R","Defend_R","Bash+1","Clash","Reckless Charge","Sword Boomerang+1","Inflame+1","Whirlwind+1","Disarm+1","Fiend Fire+1","Shrug It Off+1","Offering+1","Evolve","Second Wind"],"special_seed":0,"relics":["Burning Blood","MawBank","Bottled Lightning","Nunchaku","Velvet Choker","Gremlin Horn","Whetstone","Happy Flower"],"potions_floor_usage":[16],"damage_taken":[{"damage":7.0,"enemies":"Small Slimes","floor":1.0,"turns":3.0},{"damage":2.0,"enemies":"Cultist","floor":2.0,"turns":4.0},{"damage":0.0,"enemies":"2 Louse","floor":4.0,"turns":2.0},{"damage":12.0,"enemies":"Looter","floor":5.0,"turns":3.0},{"damage":22.0,"enemies":"Gremlin Nob","floor":7.0,"turns":4.0},{"damage":11.0,"enemies":"Large Slime","floor":10.0,"turns":3.0},{"damage":30.0,"enemies":"3 Sentries","floor":12.0,"turns":3.0},{"damage":12,"enemies":"Gremlin Gang","floor":14,"turns":3},{"damage":10,"enemies":"Hexaghost","floor":16,"turns":8},{"damage":11,"enemies":"Spheric Guardian","floor":18,"turns":3},{"damage":12,"enemies":"2 Thieves","floor":21,"turns":2},{"damage":7,"enemies":"3 Cultists","floor":22,"turns":3},{"damage":27,"enemies":"Book of Stabbing","floor":24,"turns":4},{"damage":27,"enemies":"Slavers","floor":30,"turns":2}],"seed_played":"176850442845582604","potions_obtained":[{"floor":2.0,"key":"Block Potion"},{"floor":4.0,"key":"SkillPotion"},{"floor":10.0,"key":"FearPotion"},{"floor":14,"key":"Ancient Potion"},{"floor":18,"key":"Swift Potion"}],"is_trial":false,"path_per_floor":["M","M","$","M","M","R","E","R","T","M","?","E","R","M","R","B",null,"M","?","$","M","M","R","E","R","T","?","?","R","E"],"character_chosen":"IRONCLAD","items_purchased":["Whirlwind","Gremlin Horn"],"campfire_rested":1,"item_purchase_floors":[3,20],"current_hp_per_floor":[67,68,68,68,62,62,46,46,46,41,41,17,17,11,11,7,53,48,48,48,42,41,41,20,20,20,1,1,22,0],"gold":75,"neow_bonus":"TRANSFORM_TWO_CARDS","is_prod":false,"is_daily":false,"chose_seed":false,"campfire_upgraded":6,"win_rate":0,"timestamp":1546758277,"path_taken":["M","M","$","M","M","R","E","R","T","M","?","E","R","M","R","BOSS","M","?","$","M","?","R","E","R","T","?","?","R","E"],"build_version":"2019-01-03v4","purchased_purges":1,"victory":false,"max_hp_per_floor":[68,68,68,68,68,68,68,68,68,68,68,68,68,68,68,68,68,68,68,68,68,68,68,68,68,68,73,73,73,73],"card_choices":[{"not_picked":["Body Slam","Blood for Blood"],"picked":"Sword Boomerang","floor":1.0},{"not_picked":["Headbutt","Bloodletting"],"picked":"Inflame","floor":2.0},{"not_picked":["Wild Strike","Anger","Clash"],"picked":"SKIP","floor":4.0},{"not_picked":["Havoc","Thunderclap"],"picked":"Disarm","floor":5.0},{"not_picked":["Thunderclap","Intimidate","Anger"],"picked":"SKIP","floor":7.0},{"not_picked":["Pommel Strike","Iron Wave"],"picked":"Fiend Fire","floor":10.0},{"not_picked":["Warcry","Flex"],"picked":"Shrug It Off","floor":12.0},{"not_picked":["Iron Wave","Sentinel","Rage"],"picked":"SKIP","floor":14},{"not_picked":["Feed","Demon Form"],"picked":"Offering","floor":16},{"not_picked":["Warcry","Infernal Blade","Perfected Strike"],"picked":"SKIP","floor":18},{"not_picked":["Cleave","Warcry"],"picked":"Evolve","floor":21},{"not_picked":["Perfected Strike","Cleave"],"picked":"Second Wind","floor":22},{"not_picked":["Wild Strike","Cleave","Immolate"],"picked":"SKIP","floor":24}],"player_experience":2481757,"relics_obtained":[{"floor":7.0,"key":"MawBank"},{"floor":9.0,"key":"Bottled Lightning"},{"floor":12.0,"key":"Nunchaku"},{"floor":24,"key":"Whetstone"},{"floor":26,"key":"Happy Flower"}],"event_choices":[{"damage_healed":0.0,"max_hp_gain":0.0,"max_hp_loss":0.0,"gold_gain":0.0,"event_name":"Liars Game","player_choice":"Ignored","floor":11.0,"gold_loss":0.0,"damage_taken":0.0},{"damage_healed":0,"gold_gain":0,"player_choice":"Forge","damage_taken":0,"max_hp_gain":0,"max_hp_loss":0,"event_name":"Accursed Blacksmith","floor":19,"gold_loss":0,"cards_upgraded":["Shrug It Off"]},{"damage_healed":0,"gold_gain":0,"player_choice":"Shed Blood","damage_taken":24,"max_hp_gain":5,"max_hp_loss":0,"event_name":"Forgotten Altar","floor":27,"gold_loss":0},{"cards_removed":["Strike_R"],"damage_healed":0,"gold_gain":0,"player_choice":"Gave Gold","damage_taken":0,"max_hp_gain":0,"max_hp_loss":0,"event_name":"Beggar","floor":28,"gold_loss":75}],"is_beta":false,"boss_relics":[{"not_picked":["Eternal Feather","Runic Pyramid"],"picked":"Velvet Choker"}],"items_purged_floors":[20],"is_endless":false,"potions_floor_spawned":[2,4,10,14,18,22,24],"killed_by":"Slavers","ascension_level":20}