{"gold_per_floor":[115,129,37,47,64,90,90,116,166,166,182,207,218,253,253,328,328,342,15,15,29,49,79,79,79,79,79,79,91,124,135,135,206,206,220,236,236,336,353,353,367,392,392,392,404,418,428,68,68,68],"floor_reached":51,"playtime":3261,"items_purged":["Strike_G","Parasite"],"score":1433,"play_id":"8fc934e4-d7e6-46f1-8e4a-527e9f2028de","local_time":"20190301184705","is_ascension_mode":true,"campfire_choices":[{"data":"Riddle With Holes","floor":7.0,"key":"SMITH"},{"data":"Terror","floor":10.0,"key":"SMITH"},{"data":"Footwork","floor":15.0,"key":"SMITH"},{"data":"Footwork","floor":24.0,"key":"SMITH"},{"data":"Malaise","floor":27.0,"key":"SMITH"},{"data":"Neutralize","floor":32.0,"key":"SMITH"},{"data":"A Thousand Cuts","floor":40.0,"key":"SMITH"},{"data":"Well Laid Plans","floor":44.0,"key":"SMITH"},{"data":"Apotheosis","floor":49,"key":"SMITH"}],"neow_cost":"NONE","seed_source_timestamp":36090312731723,"circlet_count":0,"master_deck":["AscendersBane","Defend_G","Defend_G","Defend_G+1","Defend_G","Defend_G","Survivor+1","Neutralize+1","Well Laid Plans+1","Riddle With Holes+1","Footwork+1","Sucker Punch","Dagger Spray","Deflect","Terror+1","Burst+1","Footwork+1","Malaise+1","Caltrops+1","Corpse Explosion","Infinite Blades","Blur","Blur","Bite","Bite","Bite","Bite","Cloak And Dagger+1","A Thousand Cuts+1","Escape Plan","Dodge and Roll","Blade Dance+1","PiercingWail","Leg Sweep","Escape Plan+1","Apotheosis+1","Panacea"],"special_seed":0,"relics":["Ring of the Serpent","War Paint","Meat on the Bone","Mummified Hand","Lantern","Smiling Mask","Ancient Tea Set","Regal Pillow","Dream Catcher","Coffee Dripper","Ice Cream","Oddly Smooth Stone","Mercury Hourglass"],"potions_floor_usage":[50,50],"damage_taken":[{"damage":1.0,"enemies":"Cultist","floor":1.0,"turns":5.0},{"damage":1.0,"enemies":"Jaw Worm","floor":2.0,"turns":5.0},{"damage":0.0,"enemies":"Small Slimes","floor":4.0,"turns":4.0},{"damage":1.0,"enemies":"2 Fungi Beasts","floor":5.0,"turns":5.0},{"damage":26.0,"enemies":"Lagavulin","floor":6.0,"turns":9.0},{"damage":8.0,"enemies":"3 Sentries","floor":8.0,"turns":6.0},{"damage":6.0,"enemies":"3 Louse","floor":11.0,"turns":3.0},{"damage":36.0,"enemies":"Gremlin Nob","floor":12.0,"turns":5.0},{"damage":0.0,"enemies":"Large Slime","floor":13.0,"turns":4.0},{"damage":0.0,"enemies":"Lagavulin","floor":14.0,"turns":7.0},{"damage":8.0,"enemies":"The Guardian","floor":16.0,"turns":14.0},{"damage":12.0,"enemies":"Chosen","floor":18.0,"turns":6.0},{"damage":14.0,"enemies":"Shell Parasite","floor":21.0,"turns":5.0},{"damage":7.0,"enemies":"Cultist and Chosen","floor":22.0,"turns":4.0},{"damage":12.0,"enemies":"Book of Stabbing","floor":23.0,"turns":6.0},{"damage":0.0,"enemies":"Snecko","floor":29.0,"turns":6.0},{"damage":0.0,"enemies":"Gremlin Leader","floor":30.0,"turns":8.0},{"damage":12.0,"enemies":"Centurion and Healer","floor":31.0,"turns":6.0},{"damage":48.0,"enemies":"Collector","floor":33.0,"turns":14.0},{"damage":16.0,"enemies":"3 Shapes","floor":35.0,"turns":7.0},{"damage":18.0,"enemies":"3 Darklings","floor":36.0,"turns":6.0},{"damage":0.0,"enemies":"Mind Bloom Boss Battle","floor":38.0,"turns":9.0},{"damage":2.0,"enemies":"Maw","floor":39.0,"turns":8.0},{"damage":26.0,"enemies":"Sphere and 2 Shapes","floor":41.0,"turns":6.0},{"damage":8.0,"enemies":"Nemesis","floor":42.0,"turns":7.0},{"damage":11.0,"enemies":"Transient","floor":45.0,"turns":5.0},{"damage":17,"enemies":"Writhing Mass","floor":46,"turns":7},{"damage":14,"enemies":"Jaw Worm Horde","floor":47,"turns":3},{"damage":10,"enemies":"Awakened One","floor":50,"turns":17}],"seed_played":"-3016036553643989075","potions_obtained":[{"floor":1.0,"key":"SteroidPotion"},{"floor":2.0,"key":"Energy Potion"},{"floor":4.0,"key":"Strength Potion"},{"floor":13.0,"key":"AttackPotion"},{"floor":22.0,"key":"Strength Potion"},{"floor":23.0,"key":"Dexterity Potion"},{"floor":31.0,"key":"SpeedPotion"},{"floor":36.0,"key":"EssenceOfSteel"},{"floor":38.0,"key":"LiquidBronze"},{"floor":46,"key":"Regen Potion"},{"floor":47,"key":"GhostInAJar"}],"is_trial":false,"path_per_floor":["M","M","$","M","M","E","R","E","T","R","M","E","M","E","R","B",null,"M","$","?","M","M","E","R","?","T","R","?","M","E","M","R","B",null,"M","M","?","?","M","R","M","E","T","R","M","M","M","$","R","B",null],"character_chosen":"THE_SILENT","items_purchased":["Footwork","Sucker Punch","Corpse Explosion","Infinite Blades","Block Potion","Apotheosis","Panacea","SpeedPotion"],"campfire_rested":0,"item_purchase_floors":[3,3,19,19,19,48,48,48],"current_hp_per_floor":[58,57,57,57,56,30,30,34,34,34,40,16,28,40,40,34,58,48,48,48,36,43,45,45,45,45,45,45,53,61,56,56,34,58,52,46,46,60,66,66,44,50,50,50,45,38,42,42,42,63],"gold":68,"neow_bonus":"RANDOM_COMMON_RELIC","is_prod":false,"is_daily":false,"chose_seed":false,"campfire_upgraded":9,"win_rate":0,"timestamp":1551494825,"path_taken":["M","M","$","M","?","E","R","E","T","R","M","E","M","E","R","BOSS","M","$","?","M","M","E","R","?","T","R","?","M","E","M","R","BOSS","M","?","?","?","M","R","M","E","T","R","M","M","M","$","R","BOSS"],"build_version":"2019-01-23","purchased_purges":2,"victory":true,"max_hp_per_floor":[66,66,66,66,66,66,66,66,66,66,66,66,66,66,66,66,66,66,66,66,66,66,66,66,66,66,66,66,66,66,66,66,66,66,66,66,66,66,66,66,66,66,66,66,66,66,66,63,63,63],"card_choices":[{"not_picked":["Dodge and Roll","Sucker Punch"],"picked":"Well Laid Plans","floor":1.0},{"not_picked":["Slice","Well Laid Plans"],"picked":"Riddle With Holes","floor":2.0},{"not_picked":["Tactician","Reflex","Acrobatics"],"picked":"SKIP","floor":4.0},{"not_picked":["Slice","Escape Plan"],"picked":"Dagger Spray","floor":5.0},{"not_picked":["Sucker Punch","Distraction"],"picked":"Deflect","floor":6.0},{"not_picked":["Flying Knee","Deflect"],"picked":"Terror","floor":8.0},{"not_picked":["Setup","Underhanded Strike","Bane"],"picked":"SKIP","floor":11.0},{"not_picked":["Deadly Poison","Heel Hook","All Out Attack"],"picked":"SKIP","floor":12.0},{"not_picked":["Blade Dance","Poisoned Stab"],"picked":"Burst","floor":13.0},{"not_picked":["Outmaneuver","Escape Plan"],"picked":"Footwork","floor":14.0},{"not_picked":["Phantasmal Killer","Venomology"],"picked":"Malaise","floor":16.0},{"not_picked":["Skewer+1","Poisoned Stab"],"picked":"Caltrops+1","floor":18.0},{"not_picked":["Reflex","Poisoned Stab","Bane+1"],"picked":"SKIP","floor":21.0},{"not_picked":["Terror","Sucker Punch"],"picked":"Blur","floor":22.0},{"not_picked":["Skewer+1","Bane"],"picked":"Blur","floor":23.0},{"not_picked":["Predator","Dagger Throw","Poisoned Stab+1"],"picked":"SKIP","floor":29.0},{"not_picked":["Masterful Stab","Caltrops"],"picked":"Cloak And Dagger+1","floor":30.0},{"not_picked":["Backflip","Dagger Spray+1","Blur"],"picked":"SKIP","floor":31.0},{"not_picked":["Doppelganger","Glass Knife"],"picked":"A Thousand Cuts","floor":33.0},{"not_picked":["Dagger Throw","Underhanded Strike+1"],"picked":"Escape Plan","floor":35.0},{"not_picked":["Flying Knee","Deflect+1","All Out Attack"],"picked":"SKIP","floor":36.0},{"not_picked":["Expertise","Underhanded Strike"],"picked":"Dodge and Roll","floor":38.0},{"not_picked":["Distraction","Underhanded Strike"],"picked":"Blade Dance+1","floor":39.0},{"not_picked":["Well Laid Plans+1","Finisher+1"],"picked":"PiercingWail","floor":41.0},{"not_picked":["Bouncing Flask","Endless Agony"],"picked":"Leg Sweep","floor":42.0},{"not_picked":["Prepared","Well Laid Plans","Blade Dance"],"picked":"SKIP","floor":45.0},{"not_picked":["Prepared","Dash","Catalyst"],"picked":"SKIP","floor":46},{"not_picked":["Riddle With Holes","Catalyst"],"picked":"Escape Plan+1","floor":47}],"player_experience":2302959,"relics_obtained":[{"floor":6.0,"key":"Meat on the Bone"},{"floor":8.0,"key":"Mummified Hand"},{"floor":9.0,"key":"Lantern"},{"floor":12.0,"key":"Smiling Mask"},{"floor":14.0,"key":"Blood Vial"},{"floor":23.0,"key":"Ancient Tea Set"},{"floor":26.0,"key":"Regal Pillow"},{"floor":30.0,"key":"Dream Catcher"},{"floor":38.0,"key":"Ice Cream"},{"floor":42.0,"key":"Oddly Smooth Stone"},{"floor":43.0,"key":"Mercury Hourglass"}],"event_choices":[{"damage_healed":0.0,"max_hp_gain":0.0,"max_hp_loss":0.0,"gold_gain":0.0,"event_name":"Ghosts","player_choice":"Ignored","floor":20.0,"gold_loss":0.0,"damage_taken":0.0},{"damage_healed":0.0,"max_hp_gain":0.0,"max_hp_loss":0.0,"gold_gain":0.0,"event_name":"Vampires","player_choice":"Became a vampire (Vial)","floor":25.0,"relics_lost":["Blood Vial"],"gold_loss":0.0,"damage_taken":0.0,"cards_obtained":["Bite","Bite","Bite","Bite","Bite"]},{"damage_healed":0.0,"max_hp_gain":0.0,"max_hp_loss":0.0,"gold_gain":0.0,"event_name":"Accursed Blacksmith","player_choice":"Forge","floor":28.0,"gold_loss":0.0,"damage_taken":0.0,"cards_upgraded":["Burst"]},{"cards_removed":["Bite"],"damage_healed":0.0,"max_hp_gain":0.0,"max_hp_loss":0.0,"gold_gain":0.0,"event_name":"Falling","player_choice":"Removed Attack","floor":37.0,"gold_loss":0.0,"damage_taken":0.0},{"damage_healed":0.0,"max_hp_gain":0.0,"max_hp_loss":0.0,"gold_gain":0.0,"event_name":"MindBloom","player_choice":"Fight","floor":38.0,"gold_loss":0.0,"damage_taken":0.0}],"is_beta":false,"boss_relics":[{"not_picked":["WristBlade","Tiny House"],"picked":"Ring of the Serpent"},{"not_picked":["Lizard Tail","Eternal Feather"],"picked":"Coffee Dripper"}],"items_purged_floors":[19,48],"is_endless":false,"potions_floor_spawned":[1,2,4,5,13,22,23,29,31,36,38,46,47],"ascension_level":15}