{"gold_per_floor":[109,109,21,96,114,114,114,114,114,124,157,157,182,197,197,197],"floor_reached":16,"playtime":407,"items_purged":[],"score":216,"play_id":"e21b3a8a-f65f-43cd-ac22-2c963038e48d","local_time":"20190310233519","is_ascension_mode":true,"campfire_choices":[{"data":"Loop","floor":6.0,"key":"SMITH"},{"data":"Defragment","floor":8.0,"key":"SMITH"},{"data":"Darkness","floor":15,"key":"SMITH"}],"neow_cost":"NONE","seed_source_timestamp":4283094069400,"circlet_count":0,"master_deck":["AscendersBane","Strike_B","Strike_B","Strike_B","Defend_B","Defend_B","Defend_B","Defend_B","Zap","Dualcast","Genetic Algorithm","Blizzard","Defragment+1","Loop+1","Darkness+1"],"special_seed":0,"relics":["Cracked Core","Bag of Marbles","Cables","Bronze Scales","Nunchaku"],"potions_floor_usage":[],"damage_taken":[{"damage":0.0,"enemies":"Small Slimes","floor":1.0,"turns":3.0},{"damage":2.0,"enemies":"Jaw Worm","floor":5.0,"turns":4.0},{"damage":0.0,"enemies":"Cultist","floor":10.0,"turns":3.0},{"damage":31.0,"enemies":"Gremlin Nob","floor":11.0,"turns":4.0},{"damage":17.0,"enemies":"Lagavulin","floor":13.0,"turns":5.0},{"damage":9,"enemies":"Large Slime","floor":14,"turns":3},{"damage":38,"enemies":"Slime Boss","floor":16,"turns":3}],"seed_played":"4349930510734922347","potions_obtained":[{"floor":1.0,"key":"Dexterity Potion"}],"is_trial":false,"path_per_floor":["M","?","$","?","M","R","?","R","T","M","E","?","E","M","R","B"],"character_chosen":"DEFECT","items_purchased":["Defragment"],"campfire_rested":0,"item_purchase_floors":[3],"current_hp_per_floor":[64,64,64,53,51,51,51,51,51,51,20,43,26,17,17,0],"gold":197,"neow_bonus":"RANDOM_COMMON_RELIC","is_prod":false,"is_daily":false,"chose_seed":false,"campfire_upgraded":3,"win_rate":0,"timestamp":1552232119,"path_taken":["M","?","$","?","M","R","?","R","T","M","E","?","E","M","R","BOSS"],"build_version":"2019-01-23","purchased_purges":0,"victory":false,"max_hp_per_floor":[71,71,71,71,71,71,71,71,71,71,71,71,71,71,71,71],"card_choices":[{"not_picked":["Turbo","Storm"],"picked":"Genetic Algorithm","floor":1.0},{"not_picked":["Blizzard","Steam Power"],"picked":"Loop","floor":5.0},{"not_picked":["Conserve Battery","Streamline"],"picked":"Darkness","floor":10.0},{"not_picked":["Beam Cell","Go for the Eyes","Turbo"],"picked":"SKIP","floor":11.0},{"not_picked":["Steam","Chaos","Beam Cell"],"picked":"SKIP","floor":13.0},{"not_picked":["Steam","Chaos","Beam Cell"],"picked":"SKIP","floor":13.0},{"not_picked":["Capacitor","Sweeping Beam","Streamline"],"picked":"SKIP","floor":14}],"player_experience":2794287,"relics_obtained":[{"floor":9.0,"key":"Cables"},{"floor":11.0,"key":"Bronze Scales"},{"floor":13.0,"key":"Nunchaku"}],"event_choices":[{"damage_healed":0.0,"max_hp_gain":0.0,"max_hp_loss":0.0,"gold_gain":0.0,"cards_transformed":["Strike_B"],"event_name":"Living Wall","player_choice":"Change","floor":2.0,"gold_loss":0.0,"damage_taken":0.0,"cards_obtained":["Blizzard"]},{"damage_healed":0.0,"max_hp_gain":0.0,"max_hp_loss":0.0,"gold_gain":75.0,"event_name":"World of Goop","player_choice":"Gather Gold","floor":4.0,"gold_loss":0.0,"damage_taken":11.0},{"damage_healed":0.0,"max_hp_gain":0.0,"max_hp_loss":0.0,"gold_gain":0.0,"event_name":"Liars Game","player_choice":"Ignored","floor":7.0,"gold_loss":0.0,"damage_taken":0.0},{"damage_healed":23.0,"max_hp_gain":0.0,"max_hp_loss":0.0,"gold_gain":0.0,"event_name":"Big Fish","player_choice":"Banana","floor":12.0,"gold_loss":0.0,"damage_taken":0.0}],"is_beta":false,"boss_relics":[],"items_purged_floors":[],"is_endless":false,"potions_floor_spawned":[1],"killed_by":"Slime Boss","ascension_level":20}