{"gold_per_floor":[109,126,126,126,140,167,167,185,185,220,220,246,257,170,170,249,299,311,311,311,324,324,355,368,394,420,449,479,513,513,548,548,620,620,640,659,675,234,456,491,491,520,547,562,562,593,593,628,628,628,628,628,628,10,40,40],"floor_reached":57,"playtime":2373,"items_purged":["Headbutt"],"score":4018,"play_id":"9e67b865-c6a7-4c3d-8a35-985821534ea1","local_time":"20190118181403","daily_mods":["SealedDeck","DeadlyEvents","Elite Swarm"],"is_ascension_mode":true,"campfire_choices":[{"data":"Uppercut","floor":7.0,"key":"SMITH"},{"data":"Feel No Pain","floor":11.0,"key":"SMITH"},{"data":"Disarm","floor":15.0,"key":"SMITH"},{"data":"Demon Form","floor":30.0,"key":"SMITH"},{"data":"Shockwave","floor":32.0,"key":"SMITH"},{"floor":41.0,"key":"RECALL"},{"data":"Juggernaut","floor":45.0,"key":"SMITH"},{"data":"Impervious","floor":49.0,"key":"SMITH"},{"data":"Impervious","floor":53.0,"key":"SMITH"}],"neow_cost":"","seed_source_timestamp":0,"circlet_count":0,"master_deck":["AscendersBane","Pommel Strike+1","Clothesline","Shrug It Off","Body Slam","Shrug It Off","Heavy Blade","Entrench+1","Disarm+1","Feel No Pain+1","Shockwave+1","Whirlwind","Uppercut+1","Impervious+1","Disarm+1","Fiend Fire+1","Impervious+1","Corruption","Barricade","Shrug It Off","Juggernaut+1","Demon Form+1","Dark Embrace","Impervious+1","Evolve+1","Entrench+1","Exhume+1","Reaper","Sentinel+1","Offering+1","Entrench+1","True Grit+1","Warcry+1","Shrug It Off+1"],"special_seed":0,"relics":["Snecko Eye","Sundial","Peace Pipe","Art of War","Letter Opener","PreservedInsect","Tiny House","Bottled Tornado","Ancient Tea Set","Vajra","Red Mask","Whetstone","Gremlin Horn","Sozu","Toxic Egg 2","The Courier","War Paint","Smiling Mask","Omamori","Meat on the Bone","Medical Kit","Bag of Preparation","Strawberry","Kunai"],"potions_floor_usage":[56,56],"damage_taken":[{"damage":0.0,"enemies":"2 Louse","floor":1.0,"turns":2.0},{"damage":9.0,"enemies":"Jaw Worm","floor":2.0,"turns":3.0},{"damage":0.0,"enemies":"Cultist","floor":5.0,"turns":3.0},{"damage":0.0,"enemies":"Gremlin Nob","floor":6.0,"turns":2.0},{"damage":0.0,"enemies":"Looter","floor":8.0,"turns":2.0},{"damage":0.0,"enemies":"Lagavulin","floor":10.0,"turns":3.0},{"damage":0.0,"enemies":"3 Sentries","floor":12.0,"turns":4.0},{"damage":0.0,"enemies":"3 Louse","floor":13.0,"turns":3.0},{"damage":3.0,"enemies":"The Guardian","floor":16.0,"turns":5.0},{"damage":0.0,"enemies":"Shell Parasite","floor":18.0,"turns":4.0},{"damage":0.0,"enemies":"Spheric Guardian","floor":21.0,"turns":3.0},{"damage":0.0,"enemies":"Gremlin Leader","floor":23.0,"turns":4.0},{"damage":0.0,"enemies":"Snecko","floor":24.0,"turns":2.0},{"damage":0.0,"enemies":"Slavers","floor":25.0,"turns":4.0},{"damage":0.0,"enemies":"Gremlin Leader","floor":27.0,"turns":3.0},{"damage":24.0,"enemies":"Masked Bandits","floor":28.0,"turns":4.0},{"damage":0.0,"enemies":"Slavers","floor":29.0,"turns":4.0},{"damage":0.0,"enemies":"Gremlin Leader","floor":31.0,"turns":3.0},{"damage":0.0,"enemies":"Automaton","floor":33.0,"turns":3.0},{"damage":0.0,"enemies":"3 Shapes","floor":35.0,"turns":3.0},{"damage":0.0,"enemies":"3 Darklings","floor":36.0,"turns":3.0},{"damage":0.0,"enemies":"Spire Growth","floor":37.0,"turns":3.0},{"damage":0.0,"enemies":"Reptomancer","floor":40.0,"turns":2.0},{"damage":0.0,"enemies":"Nemesis","floor":42.0,"turns":3.0},{"damage":0.0,"enemies":"4 Shapes","floor":44.0,"turns":3.0},{"damage":0.0,"enemies":"Reptomancer","floor":46.0,"turns":3.0},{"damage":0.0,"enemies":"Giant Head","floor":48.0,"turns":4.0},{"damage":6.0,"enemies":"Donu and Deca","floor":50.0,"turns":4.0},{"damage":39.0,"enemies":"Awakened One","floor":51.0,"turns":4.0},{"damage":25,"enemies":"Shield and Spear","floor":55,"turns":8},{"damage":0,"enemies":"The Heart","floor":56,"turns":6}],"seed_played":"5281334805715614672","potions_obtained":[{"floor":2.0,"key":"Energy Potion"},{"floor":6.0,"key":"Dexterity Potion"},{"floor":23.0,"key":"Poison Potion"},{"floor":25.0,"key":"Strength Potion"}],"is_trial":true,"path_per_floor":["M","M","?","T","M","E","R","M","T","E","R","E","M","$","R","B",null,"M","?","$","M","$","E","M","E","T","E","?","E","R","E","R","B",null,"M","M","M","$","?","E","R","E","T","M","R","E","?","E","R","B","B",null,"R","$","E","B",null],"character_chosen":"IRONCLAD","items_purchased":["Corruption","Toxic Egg 2","Entrench+1","Medical Kit","Bag of Preparation","Entrench+1","Strawberry","True Grit+1","Warcry+1","Shrug It Off+1"],"campfire_rested":0,"item_purchase_floors":[14,38,38,54,54,54,54,54,54,54],"current_hp_per_floor":[68,59,64,64,64,64,64,64,64,64,64,64,64,64,64,61,80,80,80,80,80,80,80,80,80,80,80,56,56,56,56,56,56,78,78,78,78,78,78,78,78,78,78,85,85,85,85,85,85,85,58,78,78,85,76,76],"gold":40,"neow_bonus":"","is_prod":false,"is_daily":false,"chose_seed":false,"campfire_upgraded":8,"win_rate":0,"timestamp":1547864043,"path_taken":["M","M","?","?","?","E","R","M","T","E","R","E","?","$","R","BOSS","M","?","?","M","$","E","M","E","T","E","?","E","R","E","R","BOSS","M","M","M","$","?","E","R","E","T","M","R","E","?","E","R","BOSS","BOSS","R","$","E","BOSS"],"build_version":"2019-01-17v2","purchased_purges":1,"victory":true,"max_hp_per_floor":[75,75,80,80,80,80,80,80,80,80,80,80,80,80,80,80,85,85,85,85,85,85,85,85,85,85,85,85,85,85,85,85,85,85,85,85,85,85,85,85,85,85,85,85,85,85,85,85,85,85,85,85,85,92,92,92],"card_choices":[{"not_picked":["Heavy Blade","Reckless Charge"],"picked":"Shockwave","floor":1.0},{"not_picked":["Thunderclap","Flex"],"picked":"Whirlwind","floor":2.0},{"not_picked":["Rampage","Twin Strike"],"picked":"Uppercut","floor":5.0},{"not_picked":["Feed","Immolate"],"picked":"Impervious","floor":6.0},{"not_picked":["Body Slam","Hemokinesis"],"picked":"Disarm","floor":8.0},{"not_picked":["Reaper","Exhume"],"picked":"Fiend Fire","floor":10.0},{"not_picked":["Berserk","Immolate"],"picked":"Impervious","floor":12.0},{"not_picked":["Headbutt","Anger","Reckless Charge"],"picked":"SKIP","floor":13.0},{"not_picked":["Berserk","Bludgeon"],"picked":"Barricade","floor":16.0},{"not_picked":["Shockwave","Iron Wave"],"picked":"Shrug It Off","floor":17.0},{"not_picked":["Wild Strike","Disarm","Rage+1"],"picked":"SKIP","floor":18.0},{"not_picked":["Clothesline","Rupture","Shockwave"],"picked":"SKIP","floor":21.0},{"not_picked":["Reaper","Bludgeon"],"picked":"Juggernaut","floor":23.0},{"not_picked":["Wild Strike","Rupture","Dual Wield"],"picked":"SKIP","floor":24.0},{"not_picked":["Immolate","Juggernaut","Bludgeon"],"picked":"SKIP","floor":25.0},{"not_picked":["Double Tap","Immolate","Feed"],"picked":"SKIP","floor":27.0},{"not_picked":["Double Tap","Limit Break"],"picked":"Demon Form","floor":29.0},{"not_picked":["Brutality","Berserk"],"picked":"Dark Embrace","floor":31.0},{"not_picked":["Juggernaut","Bludgeon"],"picked":"Impervious","floor":33.0},{"not_picked":["Flex","Havoc+1","Twin Strike"],"picked":"SKIP","floor":35.0},{"not_picked":["Shrug It Off","Power Through"],"picked":"Evolve+1","floor":36.0},{"not_picked":["Wild Strike+1","Seeing Red+1","Anger"],"picked":"SKIP","floor":37.0},{"not_picked":["Brutality","Berserk"],"picked":"Exhume+1","floor":40.0},{"not_picked":["Reaper","Juggernaut","Double Tap+1"],"picked":"SKIP","floor":42.0},{"not_picked":["Juggernaut","Double Tap+1"],"picked":"Reaper","floor":42.0},{"not_picked":["Twin Strike+1","Anger+1"],"picked":"Sentinel+1","floor":44.0},{"not_picked":["Bludgeon","Fiend Fire"],"picked":"Offering+1","floor":46.0},{"not_picked":["Berserk","Feed","Brutality"],"picked":"SKIP","floor":48.0},{"not_picked":["Dark Embrace","Immolate","Limit Break+1"],"picked":"SKIP","floor":55}],"player_experience":2011306,"relics_obtained":[{"floor":4.0,"key":"Sundial"},{"floor":6.0,"key":"Peace Pipe"},{"floor":9.0,"key":"Art of War"},{"floor":10.0,"key":"Letter Opener"},{"floor":12.0,"key":"PreservedInsect"},{"floor":23.0,"key":"Bottled Tornado"},{"floor":25.0,"key":"Ancient Tea Set"},{"floor":27.0,"key":"Vajra"},{"floor":28.0,"key":"Red Mask"},{"floor":29.0,"key":"Whetstone"},{"floor":31.0,"key":"Gremlin Horn"},{"floor":40.0,"key":"The Courier"},{"floor":42.0,"key":"War Paint"},{"floor":43.0,"key":"Smiling Mask"},{"floor":46.0,"key":"Omamori"},{"floor":48.0,"key":"Meat on the Bone"},{"floor":55,"key":"Kunai"}],"event_choices":[{"damage_healed":0.0,"max_hp_gain":5.0,"max_hp_loss":0.0,"gold_gain":0.0,"event_name":"Big Fish","player_choice":"Donut","floor":3.0,"gold_loss":0.0,"damage_taken":0.0},{"damage_healed":0.0,"max_hp_gain":0.0,"max_hp_loss":0.0,"gold_gain":0.0,"event_name":"Vampires","player_choice":"Ignored","floor":19.0,"gold_loss":0.0,"damage_taken":0.0},{"damage_healed":0.0,"max_hp_gain":0.0,"max_hp_loss":0.0,"gold_gain":0.0,"event_name":"Masked Bandits","player_choice":"Fought Bandits","floor":28.0,"gold_loss":0.0,"damage_taken":0.0},{"damage_healed":0.0,"max_hp_gain":0.0,"max_hp_loss":0.0,"gold_gain":222.0,"event_name":"Tomb of Lord Red Mask","player_choice":"Wore Mask","floor":39.0,"gold_loss":0.0,"damage_taken":0.0},{"damage_healed":17.0,"max_hp_gain":0.0,"max_hp_loss":0.0,"gold_gain":0.0,"event_name":"Winding Halls","player_choice":"Writhe","floor":47.0,"gold_loss":0.0,"damage_taken":0.0,"cards_obtained":["Writhe"]}],"is_beta":false,"boss_relics":[{"not_picked":["White Beast Statue","Eternal Feather"],"picked":"Tiny House"},{"not_picked":["Astrolabe","Coffee Dripper"],"picked":"Sozu"}],"items_purged_floors":[38],"is_endless":false,"potions_floor_spawned":[2,6,8,10,13,21,23,25,33,35,40,44,46,48,55],"ascension_level":20}