{"gold_per_floor":[214,232,232,249,249,279,279,279,279,279,310,320,350,61,61,61],"floor_reached":16,"playtime":546,"items_purged":["Strike_G"],"score":207,"play_id":"4cac02d3-af7e-4f6b-a1f1-0df5e1d2f353","local_time":"20181203162118","is_ascension_mode":true,"campfire_choices":[{"data":"Neutralize","floor":7.0,"key":"SMITH"},{"floor":10.0,"key":"REST"},{"floor":15.0,"key":"REST"}],"neow_cost":"NONE","seed_source_timestamp":31346882542149,"circlet_count":0,"master_deck":["AscendersBane","Defend_G+1","Defend_G","Defend_G","Defend_G","Defend_G","Strike_G","Strike_G","Strike_G","Strike_G","Survivor+1","Neutralize+1","Terror","Dagger Spray","Footwork","Deflect","Footwork+1","Blur","After Image+1"],"special_seed":0,"relics":["Ring of the Snake","Ice Cream","Bottled Tornado","Frozen Egg 2","Bird Faced Urn","Singing Bowl"],"potions_floor_usage":[],"damage_taken":[{"damage":2.0,"enemies":"Jaw Worm","floor":1.0,"turns":6.0},{"damage":0.0,"enemies":"Small Slimes","floor":2.0,"turns":3.0},{"damage":0.0,"enemies":"Cultist","floor":4.0,"turns":3.0},{"damage":24.0,"enemies":"Gremlin Nob","floor":6.0,"turns":5.0},{"damage":11.0,"enemies":"Lagavulin","floor":11.0,"turns":11.0},{"damage":0.0,"enemies":"3 Louse","floor":12.0,"turns":5.0},{"damage":22.0,"enemies":"Gremlin Nob","floor":13.0,"turns":5.0},{"damage":41,"enemies":"Slime Boss","floor":16,"turns":12}],"seed_played":"-5176940217721495458","potions_obtained":[{"floor":1.0,"key":"Explosive Potion"},{"floor":4.0,"key":"GamblersBrew"},{"floor":13.0,"key":"EssenceOfSteel"}],"is_trial":false,"path_per_floor":["M","M","?","M","?","E","R","T","T","R","E","M","E","$","R","B"],"character_chosen":"THE_SILENT","items_purchased":["After Image+1","Regen Potion"],"campfire_rested":2,"item_purchase_floors":[14,14],"current_hp_per_floor":[57,57,62,62,41,17,17,17,17,38,27,31,13,13,34,0],"gold":61,"neow_bonus":"HUNDRED_GOLD","is_prod":false,"is_daily":false,"chose_seed":false,"campfire_upgraded":1,"win_rate":0,"timestamp":1543882878,"path_taken":["M","M","?","M","?","E","R","?","T","R","E","M","E","$","R","BOSS"],"build_version":"2018-11-15","purchased_purges":1,"victory":false,"max_hp_per_floor":[66,66,71,71,71,71,71,71,71,71,71,71,73,73,73,73],"card_choices":[{"not_picked":["Distraction","Sucker Punch"],"picked":"Terror","floor":1.0},{"not_picked":["Backflip","Sucker Punch"],"picked":"Dagger Spray","floor":2.0},{"not_picked":["Distraction","Bane"],"picked":"Footwork","floor":4.0},{"not_picked":["Bane","Slice"],"picked":"Deflect","floor":6.0},{"not_picked":["Prepared","Blade Dance"],"picked":"Footwork+1","floor":11.0},{"not_picked":["Quick Slash","Slice"],"picked":"Blur","floor":12.0},{"not_picked":["Expertise","Slice","Sucker Punch"],"picked":"Singing Bowl","floor":13.0}],"player_experience":1719743,"relics_obtained":[{"floor":6.0,"key":"Ice Cream"},{"floor":8.0,"key":"Bottled Tornado"},{"floor":9.0,"key":"Frozen Egg 2"},{"floor":11.0,"key":"Bird Faced Urn"},{"floor":13.0,"key":"Singing Bowl"}],"event_choices":[{"damage_healed":0.0,"max_hp_gain":5.0,"max_hp_loss":0.0,"gold_gain":0.0,"event_name":"Big Fish","player_choice":"Donut","floor":3.0,"gold_loss":0.0,"damage_taken":0.0},{"damage_healed":0.0,"max_hp_gain":0.0,"max_hp_loss":0.0,"gold_gain":0.0,"event_name":"Shining Light","player_choice":"Entered Light","floor":5.0,"gold_loss":0.0,"damage_taken":21.0,"cards_upgraded":["Survivor","Defend_G"]}],"is_beta":false,"boss_relics":[],"items_purged_floors":[14],"is_endless":false,"potions_floor_spawned":[1,4,13],"killed_by":"Slime Boss","ascension_level":15}