{"gold_per_floor":[119,130,140,154,165,165,196,196,222,222,222,235,235,57,57,129,129,140,154,154,69,85,85,98,108,108,108,135,135,147,166,166,166],"floor_reached":33,"playtime":1164,"items_purged":[],"score":640,"play_id":"b660e100-4820-45d6-9adf-fb485b70f596","local_time":"20181231101819","is_ascension_mode":true,"campfire_choices":[{"data":"Whirlwind","floor":6,"key":"SMITH"},{"data":"Fiend Fire","floor":8,"key":"SMITH"},{"data":"Shockwave","floor":10,"key":"SMITH"},{"data":"Clothesline","floor":13,"key":"SMITH"},{"data":"Inflame","floor":15,"key":"SMITH"},{"data":"Offering","floor":23,"key":"SMITH"},{"data":"Disarm","floor":27,"key":"SMITH"},{"data":"Inflame","floor":32,"key":"SMITH"}],"neow_cost":"NONE","seed_source_timestamp":889121332444252,"circlet_count":0,"master_deck":["AscendersBane","Strike_R","Strike_R","Strike_R","Defend_R","Defend_R","Defend_R","Defend_R","Bash","Shockwave+1","Carnage","Whirlwind+1","Clothesline+1","Headbutt","Fiend Fire+1","Brutality","Shrug It Off","Inflame+1","Flex","Battle Trance","Offering+1","Uppercut","Clothesline","Blood for Blood","Power Through","Disarm+1","Pummel","Inflame+1","Sentinel","Thunderclap"],"relics":["Burning Blood","Blood Vial","Unceasing Top","Ancient Tea Set","Snecko Eye","Self Forming Clay","PreservedInsect"],"potions_floor_usage":[12,25,28,33],"damage_taken":[{"damage":11,"enemies":"Jaw Worm","floor":1,"turns":4},{"damage":7,"enemies":"Cultist","floor":2,"turns":4},{"damage":6,"enemies":"Small Slimes","floor":3,"turns":5},{"damage":28,"enemies":"Exordium Thugs","floor":4,"turns":5},{"damage":17,"enemies":"Looter","floor":5,"turns":4},{"damage":25,"enemies":"Lagavulin","floor":7,"turns":6},{"damage":1,"enemies":"Gremlin Gang","floor":12,"turns":3},{"damage":2,"enemies":"Slime Boss","floor":16,"turns":4},{"damage":1,"enemies":"Spheric Guardian","floor":18,"turns":3},{"damage":1,"enemies":"Chosen","floor":19,"turns":3},{"damage":24,"enemies":"Snake Plant","floor":22,"turns":2},{"damage":15,"enemies":"Centurion and Healer","floor":24,"turns":4},{"damage":27,"enemies":"Shelled Parasite and Fungi","floor":25,"turns":3},{"damage":0,"enemies":"Gremlin Leader","floor":28,"turns":4},{"damage":0,"enemies":"Cultist and Chosen","floor":30,"turns":3},{"damage":16,"enemies":"Snecko","floor":31,"turns":4},{"damage":71,"enemies":"Champ","floor":33,"turns":6}],"seed_played":"-8088825844898669127","potions_obtained":[{"floor":3,"key":"Dexterity Potion"},{"floor":5,"key":"Explosive Potion"},{"floor":7,"key":"AttackPotion"},{"floor":22,"key":"Poison Potion"},{"floor":24,"key":"Fruit Juice"},{"floor":28,"key":"Energy Potion"}],"is_trial":false,"path_per_floor":["M","M","M","M","M","R","E","R","T","R","?","M","R","$","R","B",null,"M","M","?","$","M","R","M","M","T","R","E","?","M","M","R","B"],"character_chosen":"IRONCLAD","items_purchased":["Inflame","Flex","Battle Trance","Blood for Blood"],"campfire_rested":0,"item_purchase_floors":[14,14,14,21],"current_hp_per_floor":[65,66,68,48,39,39,22,22,22,22,22,29,29,29,29,35,65,72,75,75,75,57,57,50,36,36,36,44,44,52,44,44,0],"gold":166,"neow_bonus":"RANDOM_COMMON_RELIC","is_prod":false,"is_daily":false,"chose_seed":false,"campfire_upgraded":8,"win_rate":0,"timestamp":1546247899,"path_taken":["M","M","M","M","M","R","E","R","T","R","?","?","R","$","R","BOSS","M","M","?","?","M","R","M","M","T","R","E","?","M","M","R","BOSS"],"build_version":"2018-12-20","purchased_purges":0,"victory":false,"max_hp_per_floor":[75,75,75,75,75,75,75,75,75,75,75,75,75,75,75,75,75,75,75,75,75,75,75,75,80,80,80,80,80,80,80,80,80],"card_choices":[{"not_picked":["True Grit","Body Slam"],"picked":"Shockwave","floor":1},{"not_picked":["Cleave","Blood for Blood"],"picked":"Carnage","floor":2},{"not_picked":["Flex","Iron Wave"],"picked":"Whirlwind","floor":3},{"not_picked":["Body Slam","Clash"],"picked":"Clothesline","floor":4},{"not_picked":["Sword Boomerang","Armaments"],"picked":"Headbutt","floor":5},{"not_picked":["Heavy Blade","Warcry"],"picked":"Fiend Fire","floor":7},{"not_picked":["True Grit","Anger"],"picked":"Shrug It Off","floor":12},{"not_picked":["Juggernaut","Brutality"],"picked":"Offering","floor":16},{"not_picked":["Twin Strike","Battle Trance+1"],"picked":"Uppercut","floor":18},{"not_picked":["Body Slam+1","Second Wind"],"picked":"Clothesline","floor":19},{"not_picked":["Headbutt","Seeing Red"],"picked":"Power Through","floor":22},{"not_picked":["Spot Weakness","Entrench","Armaments"],"picked":"SKIP","floor":24},{"not_picked":["Wild Strike","Shrug It Off"],"picked":"Disarm","floor":25},{"not_picked":["Hemokinesis","Perfected Strike"],"picked":"Pummel","floor":28},{"not_picked":["Perfected Strike","Rage","Sentinel"],"picked":"SKIP","floor":30},{"not_picked":["Perfected Strike","Rage"],"picked":"Sentinel","floor":30},{"not_picked":["Headbutt","Shrug It Off"],"picked":"Thunderclap","floor":31}],"player_experience":389830,"relics_obtained":[{"floor":7,"key":"Unceasing Top"},{"floor":9,"key":"Ancient Tea Set"},{"floor":26,"key":"Self Forming Clay"},{"floor":28,"key":"PreservedInsect"}],"event_choices":[{"damage_healed":0,"gold_gain":0,"cards_transformed":["Strike_R"],"player_choice":"Transformed","damage_taken":0,"max_hp_gain":0,"max_hp_loss":0,"event_name":"Transmorgrifier","floor":11,"gold_loss":0,"cards_obtained":["Brutality"]},{"damage_healed":0,"gold_gain":0,"player_choice":"Full Heal","damage_taken":0,"max_hp_gain":0,"max_hp_loss":0,"event_name":"Wheel of Change","floor":20,"gold_loss":0},{"damage_healed":0,"gold_gain":0,"cards_transformed":["Strike_R"],"player_choice":"Transformed","damage_taken":0,"max_hp_gain":0,"max_hp_loss":0,"event_name":"Transmorgrifier","floor":29,"gold_loss":0,"cards_obtained":["Inflame"]}],"is_beta":false,"boss_relics":[{"not_picked":["Tiny House","Runic Pyramid"],"picked":"Snecko Eye"}],"items_purged_floors":[],"is_endless":false,"potions_floor_spawned":[3,5,7,22,24,28],"killed_by":"Champ","ascension_level":17}