{"gold_per_floor":[17,17,17,38,62,62,100,100,100,141,141,141,159,173,173,304,304,320,320,335,348,364,364,380,416,416,416,456,469,469,502,502,621,621,641,67,67,80,98,134,152,152,203,104,143,476,476,488,488,488],"floor_reached":51,"playtime":1930,"items_purged":[],"score":891,"play_id":"8a2127af-f428-4701-9150-5b2df9660a09","local_time":"20181226131036","is_ascension_mode":true,"campfire_choices":[{"data":"Zap","floor":6,"key":"SMITH"},{"data":"1","floor":8,"key":"LIFT"},{"data":"2","floor":12,"key":"LIFT"},{"data":"3","floor":15,"key":"LIFT"},{"data":"Go for the Eyes","floor":23,"key":"SMITH"},{"data":"Capacitor","floor":27,"key":"SMITH"},{"floor":32,"key":"REST"},{"floor":42,"key":"REST"},{"floor":47,"key":"REST"},{"floor":49,"key":"DIG"}],"neow_cost":"NO_GOLD","seed_source_timestamp":17638425342519,"circlet_count":0,"master_deck":["Strike_B+1","Strike_B+1","Strike_B+1","Defend_B+1","Defend_B+1","Defend_B+1","Defend_B+1","Zap+1","Go for the Eyes+1","Doom and Gloom","Cold Snap","Leap","Glacier","Barrage","Capacitor+1","Electrodynamics","Hologram+1","Cold Snap+1","Blizzard","Sweeping Beam+1","Compile Driver+1","Electrodynamics","Leap","Echo Form","Leap+1","Capacitor","Apotheosis","Stack+1","Parasite","FTL","Reinforced Body","Glacier","Capacitor"],"relics":["Cracked Core","Girya","Turnip","Unceasing Top","Nuclear Battery","Nunchaku","Matryoshka","Pen Nib","Vajra","Velvet Choker","Potion Belt","Lantern","Shovel","Dream Catcher","Boot","Omamori","Art of War"],"potions_floor_usage":[10,25,28,31,33,50,50,50,50],"damage_taken":[{"damage":6,"enemies":"Jaw Worm","floor":1,"turns":3},{"damage":0,"enemies":"Small Slimes","floor":4,"turns":3},{"damage":1,"enemies":"Cultist","floor":5,"turns":3},{"damage":16,"enemies":"Lagavulin","floor":7,"turns":7},{"damage":11,"enemies":"3 Sentries","floor":10,"turns":5},{"damage":0,"enemies":"Looter","floor":13,"turns":2},{"damage":2,"enemies":"Red Slaver","floor":14,"turns":3},{"damage":2,"enemies":"The Guardian","floor":16,"turns":8},{"damage":0,"enemies":"3 Byrds","floor":18,"turns":4},{"damage":0,"enemies":"Chosen","floor":20,"turns":4},{"damage":6,"enemies":"Snecko","floor":21,"turns":4},{"damage":5,"enemies":"3 Cultists","floor":22,"turns":5},{"damage":6,"enemies":"Cultist and Chosen","floor":24,"turns":2},{"damage":6,"enemies":"Book of Stabbing","floor":25,"turns":3},{"damage":14,"enemies":"Slavers","floor":28,"turns":4},{"damage":5,"enemies":"Snake Plant","floor":29,"turns":3},{"damage":25,"enemies":"Gremlin Leader","floor":31,"turns":5},{"damage":0,"enemies":"Champ","floor":33,"turns":14},{"damage":24,"enemies":"3 Darklings","floor":35,"turns":3},{"damage":10,"enemies":"Orb Walker","floor":38,"turns":4},{"damage":0,"enemies":"Writhing Mass","floor":39,"turns":6},{"damage":1,"enemies":"Giant Head","floor":40,"turns":7},{"damage":25,"enemies":"Spire Growth","floor":41,"turns":5},{"damage":2,"enemies":"Nemesis","floor":45,"turns":6},{"damage":0,"enemies":"Jaw Worm Horde","floor":48,"turns":4},{"damage":22,"enemies":"Donu and Deca","floor":50,"turns":7}],"seed_played":"-8119800071050035503","potions_obtained":[{"floor":1,"key":"Swift Potion"},{"floor":13,"key":"PowerPotion"},{"floor":14,"key":"FocusPotion"},{"floor":21,"key":"Block Potion"},{"floor":28,"key":"Poison Potion"},{"floor":31,"key":"FocusPotion"},{"floor":35,"key":"Fire Potion"},{"floor":38,"key":"GamblersBrew"},{"floor":41,"key":"Explosive Potion"},{"floor":48,"key":"FocusPotion"}],"is_trial":false,"path_per_floor":["M","?","?","M","M","R","E","R","T","E","?","R","M","M","R","B",null,"M","?","M","M","M","R","M","E","T","R","E","M","?","E","R","B",null,"M","$","?","M","M","E","M","R","T","$","E","?","R","M","R","B",null],"character_chosen":"DEFECT","items_purchased":["Capacitor","Apotheosis","Potion Belt","Lantern","Dexterity Potion","Strength Potion"],"campfire_rested":3,"item_purchase_floors":[36,36,36,36,44,44],"current_hp_per_floor":[83,83,82,82,81,81,65,65,65,54,54,54,54,52,52,50,82,82,82,82,76,71,71,65,59,59,59,45,40,40,15,39,39,82,58,58,58,48,48,47,22,45,45,45,43,43,66,66,66,44],"gold":488,"neow_bonus":"TWENTY_PERCENT_HP_BONUS","is_prod":false,"is_daily":false,"chose_seed":false,"campfire_upgraded":3,"win_rate":0,"timestamp":1545858636,"path_taken":["M","?","?","M","M","R","E","R","T","E","?","R","M","M","R","BOSS","M","?","M","M","M","R","M","E","T","R","E","M","?","E","R","BOSS","M","$","?","M","M","E","M","R","T","$","E","?","R","M","R","BOSS"],"build_version":"2018-12-20","purchased_purges":0,"victory":true,"max_hp_per_floor":[89,89,82,82,82,82,82,82,82,82,82,82,82,82,82,82,82,82,82,82,82,82,82,82,82,82,82,82,82,82,82,82,82,82,82,82,78,78,78,78,78,78,78,78,78,78,78,78,78,78],"card_choices":[{"not_picked":["Reinforced Body","Barrage"],"picked":"Go for the Eyes","floor":1},{"not_picked":["Tempest","Coolheaded"],"picked":"Doom and Gloom","floor":4},{"not_picked":["Multi-Cast","Rebound"],"picked":"Cold Snap","floor":5},{"not_picked":["Consume","Coolheaded"],"picked":"Leap","floor":7},{"not_picked":["Amplify","Recycle"],"picked":"Glacier","floor":10},{"not_picked":["Rebound","Go for the Eyes"],"picked":"Barrage","floor":13},{"not_picked":["Chill","Tempest"],"picked":"Capacitor","floor":14},{"not_picked":["Hyperbeam","Machine Learning"],"picked":"Electrodynamics","floor":16},{"not_picked":["Coolheaded+1","Double Energy"],"picked":"Hologram+1","floor":18},{"not_picked":["Gash","Seek"],"picked":"Cold Snap+1","floor":20},{"not_picked":["Redo","Sunder","Turbo"],"picked":"SKIP","floor":21},{"not_picked":["Redo","Sunder","Turbo"],"picked":"SKIP","floor":21},{"not_picked":["Turbo+1","Barrage","Scrape"],"picked":"SKIP","floor":22},{"not_picked":["Chaos","Conserve Battery"],"picked":"Blizzard","floor":24},{"not_picked":["Go for the Eyes","Self Repair+1"],"picked":"Sweeping Beam+1","floor":25},{"not_picked":["Hello World","Reboot","Lockon"],"picked":"SKIP","floor":28},{"not_picked":["Beam Cell+1","Rip and Tear"],"picked":"Compile Driver+1","floor":29},{"not_picked":["Reprogram","Compile Driver"],"picked":"Leap","floor":31},{"not_picked":["Meteor Strike","Fission"],"picked":"Echo Form","floor":33},{"not_picked":["Skim+1","Hologram"],"picked":"Leap+1","floor":35},{"not_picked":["Hologram","Capacitor+1"],"picked":"Stack+1","floor":38},{"not_picked":["Barrage+1","Blizzard"],"picked":"FTL","floor":39},{"not_picked":["Cold Snap","Sunder"],"picked":"Reinforced Body","floor":40},{"not_picked":["Compile Driver+1","Rebound+1"],"picked":"Glacier","floor":41},{"not_picked":["Multi-Cast","Hyperbeam","Conserve Battery"],"picked":"SKIP","floor":45},{"not_picked":["Leap","Beam Cell+1"],"picked":"Capacitor","floor":48}],"player_experience":1883859,"relics_obtained":[{"floor":7,"key":"Girya"},{"floor":9,"key":"Turnip"},{"floor":10,"key":"Unceasing Top"},{"floor":25,"key":"Nunchaku"},{"floor":26,"key":"Matryoshka"},{"floor":28,"key":"Pen Nib"},{"floor":31,"key":"Vajra"},{"floor":40,"key":"Shovel"},{"floor":43,"key":"Dream Catcher"},{"floor":43,"key":"Boot"},{"floor":45,"key":"Omamori"},{"floor":49,"key":"Art of War"}],"event_choices":[{"damage_healed":0,"gold_gain":0,"player_choice":"Leave","damage_taken":0,"max_hp_gain":0,"max_hp_loss":0,"event_name":"The Cleric","floor":2,"gold_loss":0},{"damage_healed":0,"gold_gain":0,"player_choice":"Lose Max HP","damage_taken":0,"relics_obtained":["Golden Idol"],"max_hp_gain":0,"max_hp_loss":7,"event_name":"Golden Idol","floor":3,"gold_loss":0},{"cards_removed":["Strike_B"],"damage_healed":0,"gold_gain":0,"player_choice":"Offered Basic","damage_taken":0,"max_hp_gain":0,"max_hp_loss":0,"event_name":"Bonfire Elementals","floor":11,"gold_loss":0},{"damage_healed":0,"gold_gain":0,"player_choice":"Simplicity","damage_taken":0,"max_hp_gain":0,"max_hp_loss":0,"event_name":"Back to Basics","floor":19,"gold_loss":0,"cards_upgraded":["Strike_B","Strike_B","Strike_B","Defend_B","Defend_B","Defend_B","Defend_B"]},{"damage_healed":0,"gold_gain":0,"cards_transformed":["Dualcast"],"player_choice":"Transformed","damage_taken":0,"max_hp_gain":0,"max_hp_loss":0,"event_name":"Transmorgrifier","floor":30,"gold_loss":0,"cards_obtained":["Electrodynamics"]},{"damage_healed":0,"gold_gain":0,"player_choice":"Max HP","damage_taken":0,"max_hp_gain":0,"max_hp_loss":4,"event_name":"Winding Halls","floor":37,"gold_loss":0},{"damage_healed":0,"gold_gain":333,"player_choice":"Gave Idol","damage_taken":0,"max_hp_gain":0,"max_hp_loss":0,"event_name":"The Moai Head","floor":46,"relics_lost":["Golden Idol"],"gold_loss":0}],"is_beta":false,"boss_relics":[{"not_picked":["White Beast Statue","Black Star"],"picked":"Nuclear Battery"},{"not_picked":["Runic Dome","Coffee Dripper"],"picked":"Velvet Choker"}],"items_purged_floors":[],"is_endless":false,"potions_floor_spawned":[1,13,14,21,22,24,28,31,35,38,41,48],"ascension_level":1}