{"gold_per_floor":[118,128,128,80,95,95,125,45,123,142,159,184,184,198,198,270,270,270,270,141,141,41,41,41,41,41,41,41,41,41,41,41,41],"floor_reached":33,"playtime":1280,"items_purged":["Strike_R","Strike_R"],"score":538,"play_id":"03b8edb4-c39a-4792-b5c5-7f52c4ed4341","local_time":"20181023103144","is_ascension_mode":true,"campfire_choices":[{"data":"True Grit","floor":6.0,"key":"SMITH"},{"data":"Inflame","floor":13.0,"key":"SMITH"},{"floor":15.0,"key":"REST"},{"floor":23,"key":"REST"},{"data":"Disarm","floor":25,"key":"SMITH"},{"data":"True Grit","floor":29,"key":"SMITH"},{"floor":32,"key":"REST"}],"neow_cost":"TEN_PERCENT_HP_LOSS","seed_source_timestamp":9049089889614,"circlet_count":0,"master_deck":["Strike_R","Strike_R","Strike_R","Defend_R","Defend_R","Defend_R","Defend_R","Bash","AscendersBane","Pommel Strike","Metallicize","Carnage","True Grit+1","Feed","Disarm+1","True Grit+1","Inflame+1","Exhume","Spot Weakness","Pommel Strike","Pommel Strike+1"],"special_seed":0,"relics":["Burning Blood","Nunchaku","Ancient Tea Set","Dodecahedron","Bag of Marbles","Ectoplasm","Nilry\u0027s Codex","Du-Vu Doll","Kunai","Smiling Mask"],"potions_floor_usage":[18,33,33],"damage_taken":[{"damage":11.0,"enemies":"2 Louse","floor":1.0,"turns":3.0},{"damage":1.0,"enemies":"Cultist","floor":2.0,"turns":3.0},{"damage":0.0,"enemies":"Small Slimes","floor":5.0,"turns":3.0},{"damage":29.0,"enemies":"Lagavulin","floor":7.0,"turns":7.0},{"damage":6.0,"enemies":"Exordium Wildlife","floor":10.0,"turns":2.0},{"damage":22.0,"enemies":"3 Louse","floor":11.0,"turns":5.0},{"damage":28.0,"enemies":"Gremlin Nob","floor":12.0,"turns":4.0},{"damage":3.0,"enemies":"Large Slime","floor":14.0,"turns":6.0},{"damage":23.0,"enemies":"The Guardian","floor":16.0,"turns":11.0},{"damage":18,"enemies":"Spheric Guardian","floor":18,"turns":5},{"damage":37,"enemies":"Gremlin Leader","floor":24,"turns":6},{"damage":1,"enemies":"Chosen","floor":28,"turns":4},{"damage":32,"enemies":"Book of Stabbing","floor":30,"turns":6},{"damage":4,"enemies":"3 Cultists","floor":31,"turns":8},{"damage":62,"enemies":"Collector","floor":33,"turns":10}],"seed_played":"8412416075907134403","potions_obtained":[{"floor":5.0,"key":"Strength Potion"},{"floor":10.0,"key":"Strength Potion"},{"floor":12.0,"key":"Explosive Potion"},{"floor":16.0,"key":"Fruit Juice"},{"floor":18,"key":"Fruit Juice"},{"floor":30,"key":"Strength Potion"},{"floor":31,"key":"GamblersBrew"}],"is_trial":false,"path_per_floor":["M","M","?","$","M","R","E","$","T","M","M","E","R","M","R","B",null,"M","?","$","?","$","R","E","R","T","$","M","R","E","M","R"],"character_chosen":"IRONCLAD","items_purchased":["SkillPotion","Disarm","Pommel Strike"],"campfire_rested":3,"item_purchase_floors":[4,8,20],"current_hp_per_floor":[63,68,68,68,68,68,45,45,45,45,32,10,10,16,38,29,69,65,44,44,44,44,71,40,40,40,40,45,45,19,27,55,0],"gold":41,"neow_bonus":"ONE_RARE_RELIC","is_prod":false,"is_daily":false,"chose_seed":false,"campfire_upgraded":4,"win_rate":0,"timestamp":1540315904,"path_taken":["M","M","?","$","M","R","E","$","T","M","M","E","R","M","R","BOSS","M","?","$","?","?","R","E","R","T","$","M","R","E","M","R","BOSS"],"build_version":"2018-10-18","purchased_purges":2,"victory":false,"max_hp_per_floor":[68,68,68,68,68,68,68,68,68,68,71,71,71,74,74,82,82,90,90,90,90,90,90,90,90,90,90,90,90,90,96,96,96],"card_choices":[{"not_picked":["Battle Trance","Twin Strike"],"picked":"Pommel Strike","floor":1.0},{"not_picked":["Clash","Sword Boomerang"],"picked":"Metallicize","floor":2.0},{"not_picked":["Infernal Blade","Entrench"],"picked":"True Grit","floor":5.0},{"not_picked":["Iron Wave","Metallicize"],"picked":"Feed","floor":7.0},{"not_picked":["Clash","Iron Wave"],"picked":"True Grit","floor":10.0},{"not_picked":["Clothesline","Sever Soul","Power Through"],"picked":"SKIP","floor":11.0},{"not_picked":["Shrug It Off","Fire Breathing"],"picked":"Inflame","floor":12.0},{"not_picked":["True Grit","Headbutt","Shrug It Off"],"picked":"SKIP","floor":14.0},{"not_picked":["Feed","Berserk"],"picked":"Exhume","floor":16.0},{"not_picked":["Blood for Blood","Body Slam+1"],"picked":"Spot Weakness","floor":18},{"not_picked":["Clash","Body Slam"],"picked":"Pommel Strike+1","floor":24},{"not_picked":["Sword Boomerang","Pommel Strike","True Grit"],"picked":"SKIP","floor":28},{"not_picked":["Perfected Strike","Cleave","Clash"],"picked":"SKIP","floor":30},{"not_picked":["Body Slam","True Grit","Wild Strike"],"picked":"SKIP","floor":31}],"player_experience":1434393,"relics_obtained":[{"floor":7.0,"key":"Ancient Tea Set"},{"floor":9.0,"key":"Dodecahedron"},{"floor":12.0,"key":"Bag of Marbles"},{"floor":19,"key":"Nilry\u0027s Codex"},{"floor":24,"key":"Du-Vu Doll"},{"floor":26,"key":"Kunai"},{"floor":30,"key":"Smiling Mask"}],"event_choices":[{"damage_healed":0.0,"max_hp_gain":0.0,"max_hp_loss":0.0,"gold_gain":0.0,"event_name":"Match and Keep!","player_choice":"1 cards matched","floor":3.0,"gold_loss":0.0,"damage_taken":0.0,"cards_obtained":["Carnage"]},{"damage_healed":0,"gold_gain":0,"player_choice":"Obtained Book","damage_taken":21,"max_hp_gain":0,"max_hp_loss":0,"event_name":"Cursed Tome","floor":19,"gold_loss":0},{"damage_healed":0,"gold_gain":0,"player_choice":"Ignored","damage_taken":0,"max_hp_gain":0,"max_hp_loss":0,"event_name":"Ghosts","floor":21,"gold_loss":0}],"is_beta":false,"boss_relics":[{"not_picked":["Empty Cage","Fusion Hammer"],"picked":"Ectoplasm"}],"items_purged_floors":[20,22],"is_endless":false,"potions_floor_spawned":[5,10,12,16,18,30,31],"killed_by":"Collector","ascension_level":15}