{"gold_per_floor":[117,134,17,17,33,33,65,65,91,157,173,203,232,261,261,337,337,356,356,231,219,27,27,60,60,60,91,103,120,170,185,185,261,261,281,281,281,298,298,298,309,343,381,413,425,467,479,503,515,527],"floor_reached":51,"playtime":2502,"items_purged":["Strike_G"],"score":1323,"play_id":"8e75fff7-e7a7-4c04-9e5e-ee8bb325e28c","local_time":"20190128130111","is_ascension_mode":true,"campfire_choices":[{"data":"Neutralize","floor":6.0,"key":"SMITH"},{"floor":8.0,"key":"REST"},{"data":"Envenom","floor":15.0,"key":"SMITH"},{"floor":23.0,"key":"REST"},{"floor":25.0,"key":"REST"},{"floor":32.0,"key":"REST"},{"floor":40.0,"key":"DIG"},{"floor":45.0,"key":"REST"},{"floor":49,"key":"REST"}],"neow_cost":"NONE","seed_source_timestamp":104778695193056,"circlet_count":0,"master_deck":["AscendersBane","Defend_G","Defend_G","Defend_G","Defend_G","Defend_G","Strike_G+1","Strike_G","Strike_G+1","Survivor","Neutralize+1","Backflip","Poisoned Stab+1","Footwork","Backstab","Blur","Dodge and Roll","Envenom+1","Blade Dance","After Image","Bullet Time","Crippling Poison","Poisoned Stab","Cloak And Dagger","Sucker Punch+1","Calculated Gamble","Dagger Spray+1","Cloak And Dagger+1","Burst","Dodge and Roll","Dark Shackles","Backflip","Noxious Fumes","Backflip","Wraith Form v2","Dodge and Roll","Caltrops","Acrobatics"],"special_seed":0,"relics":["Ring of the Snake","Snake Skull","Happy Flower","Dream Catcher","Odd Mushroom","Strawberry","Black Star","Oddly Smooth Stone","Du-Vu Doll","Mummified Hand","Shuriken","Shovel","Anchor","Fusion Hammer","Whetstone","MawBank","Nunchaku","Potion Belt","Ornamental Fan","Regal Pillow"],"potions_floor_usage":[50],"damage_taken":[{"damage":0.0,"enemies":"2 Louse","floor":1.0,"turns":4.0},{"damage":0.0,"enemies":"Small Slimes","floor":2.0,"turns":4.0},{"damage":0.0,"enemies":"Jaw Worm","floor":5.0,"turns":4.0},{"damage":37.0,"enemies":"Gremlin Nob","floor":7.0,"turns":6.0},{"damage":0.0,"enemies":"3 Louse","floor":11.0,"turns":4.0},{"damage":1.0,"enemies":"Lagavulin","floor":12.0,"turns":11.0},{"damage":7.0,"enemies":"The Mushroom Lair","floor":13.0,"turns":7.0},{"damage":6.0,"enemies":"3 Sentries","floor":14.0,"turns":10.0},{"damage":18.0,"enemies":"Hexaghost","floor":16.0,"turns":9.0},{"damage":24.0,"enemies":"Spheric Guardian","floor":18.0,"turns":8.0},{"damage":16.0,"enemies":"2 Thieves","floor":21.0,"turns":4.0},{"damage":19.0,"enemies":"Gremlin Leader","floor":24.0,"turns":7.0},{"damage":22.0,"enemies":"Slavers","floor":27.0,"turns":8.0},{"damage":6.0,"enemies":"Sentry and Sphere","floor":28.0,"turns":7.0},{"damage":6.0,"enemies":"3 Cultists","floor":29.0,"turns":5.0},{"damage":11.0,"enemies":"Snake Plant","floor":31.0,"turns":5.0},{"damage":18.0,"enemies":"Automaton","floor":33.0,"turns":12.0},{"damage":0.0,"enemies":"Orb Walker","floor":35.0,"turns":4.0},{"damage":0.0,"enemies":"3 Darklings","floor":38.0,"turns":4.0},{"damage":7.0,"enemies":"Sphere and 2 Shapes","floor":41.0,"turns":4.0},{"damage":29.0,"enemies":"Reptomancer","floor":42.0,"turns":8.0},{"damage":0.0,"enemies":"4 Shapes","floor":44.0,"turns":6.0},{"damage":11.0,"enemies":"Nemesis","floor":46.0,"turns":7.0},{"damage":10,"enemies":"Transient","floor":48,"turns":5},{"damage":19,"enemies":"Donu and Deca","floor":50,"turns":10}],"seed_played":"7045317797846728171","potions_obtained":[{"floor":5.0,"key":"Dexterity Potion"},{"floor":7.0,"key":"SkillPotion"},{"floor":14.0,"key":"SteroidPotion"},{"floor":29.0,"key":"SpeedPotion"},{"floor":31.0,"key":"SmokeBomb"},{"floor":33.0,"key":"Dexterity Potion"},{"floor":38.0,"key":"Energy Potion"},{"floor":44.0,"key":"Swift Potion"}],"is_trial":false,"path_per_floor":["M","M","$","?","M","R","E","R","T","?","M","E","?","E","R","B",null,"M","?","$","M","$","R","E","R","T","E","M","M","?","M","R","B",null,"M","?","?","M","?","R","M","E","T","M","R","E","?","M","R","B",null],"character_chosen":"THE_SILENT","items_purchased":["Footwork","Backstab","Energy Potion","Oddly Smooth Stone","Poisoned Stab"],"campfire_rested":6,"item_purchase_floors":[3,3,20,22,22],"current_hp_per_floor":[65,65,65,65,65,65,28,49,49,49,49,48,41,42,42,24,65,41,41,41,25,25,48,29,52,52,30,24,18,18,7,30,12,62,62,62,62,62,62,62,55,26,26,26,49,38,38,28,66,47],"gold":539,"neow_bonus":"TEN_PERCENT_HP_BONUS","is_prod":false,"is_daily":false,"chose_seed":false,"campfire_upgraded":2,"win_rate":0,"timestamp":1548709271,"path_taken":["M","M","$","?","M","R","E","R","T","?","M","E","?","E","R","BOSS","M","?","$","M","$","R","E","R","T","E","M","M","?","M","R","BOSS","M","?","?","M","?","R","M","E","T","?","R","E","?","M","R","BOSS"],"build_version":"2019-01-23","purchased_purges":1,"victory":true,"max_hp_per_floor":[72,72,72,72,72,72,72,72,72,72,72,72,72,79,79,79,79,79,79,79,79,79,79,79,79,79,79,79,79,79,79,79,79,79,79,79,79,79,79,79,79,79,79,79,79,79,79,79,79,79],"card_choices":[{"not_picked":["Prepared","Tactician"],"picked":"Backflip","floor":1.0},{"not_picked":["Distraction","Wraith Form v2"],"picked":"Poisoned Stab","floor":2.0},{"not_picked":["Distraction","Blade Dance"],"picked":"Blur","floor":5.0},{"not_picked":["Blur","Flechettes","Blade Dance"],"picked":"SKIP","floor":7.0},{"not_picked":["Deflect","Endless Agony"],"picked":"Dodge and Roll","floor":11.0},{"not_picked":["Quick Slash","Dagger Throw"],"picked":"Envenom","floor":12.0},{"not_picked":["Setup","Quick Slash"],"picked":"Blade Dance","floor":13.0},{"not_picked":["Bane","Deadly Poison"],"picked":"After Image","floor":14.0},{"not_picked":["Grand Finale","Wraith Form v2"],"picked":"Bullet Time","floor":16.0},{"not_picked":["Outmaneuver","Underhanded Strike","Acrobatics"],"picked":"SKIP","floor":18.0},{"not_picked":["Sucker Punch","Backstab"],"picked":"Crippling Poison","floor":21.0},{"not_picked":["Outmaneuver","Finisher"],"picked":"Cloak And Dagger","floor":23.0},{"not_picked":["Phantasmal Killer","Crippling Poison","Bane"],"picked":"SKIP","floor":24.0},{"not_picked":["Blur","Endless Agony"],"picked":"Sucker Punch+1","floor":25.0},{"not_picked":["Quick Slash","Deadly Poison","Flying Knee"],"picked":"SKIP","floor":27.0},{"not_picked":["Flying Knee","Setup"],"picked":"Calculated Gamble","floor":28.0},{"not_picked":["PiercingWail","Setup+1"],"picked":"Dagger Spray+1","floor":29.0},{"not_picked":["Deflect","Escape Plan"],"picked":"Cloak And Dagger+1","floor":31.0},{"not_picked":["Tools of the Trade","Night Terror"],"picked":"Burst","floor":33.0},{"not_picked":["Flying Knee","Deflect"],"picked":"Dodge and Roll","floor":35.0},{"not_picked":["Mind Blast","Impatience"],"picked":"Dark Shackles","floor":36.0},{"not_picked":["Outmaneuver+1","Concentrate"],"picked":"Backflip","floor":38.0},{"not_picked":["Calculated Gamble","Bane","Dagger Spray"],"picked":"SKIP","floor":41.0},{"not_picked":["Outmaneuver","Poisoned Stab+1"],"picked":"Noxious Fumes","floor":42.0},{"not_picked":["Terror","Deflect"],"picked":"Backflip","floor":44.0},{"not_picked":["Slice","Riddle With Holes"],"picked":"Wraith Form v2","floor":46.0},{"not_picked":["Outmaneuver","Blade Dance"],"picked":"Caltrops","floor":48},{"not_picked":["Dagger Throw","Prepared"],"picked":"Acrobatics","floor":49}],"player_experience":2080926,"relics_obtained":[{"floor":7.0,"key":"Snake Skull"},{"floor":9.0,"key":"Happy Flower"},{"floor":12.0,"key":"Dream Catcher"},{"floor":13.0,"key":"Odd Mushroom"},{"floor":14.0,"key":"Strawberry"},{"floor":24.0,"key":"Du-Vu Doll"},{"floor":24.0,"key":"Mummified Hand"},{"floor":26.0,"key":"Shuriken"},{"floor":27.0,"key":"Shovel"},{"floor":27.0,"key":"Anchor"},{"floor":40.0,"key":"Whetstone"},{"floor":42.0,"key":"MawBank"},{"floor":42.0,"key":"Nunchaku"},{"floor":43.0,"key":"Potion Belt"},{"floor":46.0,"key":"Ornamental Fan"},{"floor":46.0,"key":"Regal Pillow"}],"event_choices":[{"damage_healed":0.0,"max_hp_gain":0.0,"max_hp_loss":0.0,"gold_gain":0.0,"event_name":"Living Wall","player_choice":"Grow","floor":4.0,"gold_loss":0.0,"damage_taken":0.0,"cards_upgraded":["Poisoned Stab"]},{"damage_healed":0.0,"max_hp_gain":0.0,"max_hp_loss":0.0,"gold_gain":66.0,"event_name":"Golden Wing","player_choice":"Gained Gold","floor":10.0,"gold_loss":0.0,"damage_taken":0.0},{"damage_healed":0.0,"max_hp_gain":0.0,"max_hp_loss":0.0,"gold_gain":0.0,"event_name":"Mushrooms","player_choice":"Fought Mushrooms","floor":13.0,"gold_loss":0.0,"damage_taken":0.0},{"damage_healed":0.0,"max_hp_gain":0.0,"max_hp_loss":0.0,"gold_gain":0.0,"event_name":"Cursed Tome","player_choice":"Ignored","floor":19.0,"gold_loss":0.0,"damage_taken":0.0},{"damage_healed":0.0,"max_hp_gain":0.0,"max_hp_loss":0.0,"gold_gain":50.0,"event_name":"Nest","player_choice":"Stole From Cult","floor":30.0,"gold_loss":0.0,"damage_taken":0.0},{"damage_healed":0.0,"max_hp_gain":0.0,"max_hp_loss":0.0,"gold_gain":0.0,"event_name":"SensoryStone","player_choice":"Memory 1","floor":36.0,"gold_loss":0.0,"damage_taken":0.0},{"damage_healed":0.0,"max_hp_gain":0.0,"max_hp_loss":0.0,"gold_gain":0.0,"event_name":"Mysterious Sphere","player_choice":"Ignored","floor":37.0,"gold_loss":0.0,"damage_taken":0.0},{"damage_healed":0.0,"max_hp_gain":0.0,"max_hp_loss":0.0,"gold_gain":0.0,"event_name":"Tomb of Lord Red Mask","player_choice":"Ignored","floor":39.0,"gold_loss":0.0,"damage_taken":0.0},{"damage_healed":0.0,"max_hp_gain":0.0,"max_hp_loss":0.0,"gold_gain":0.0,"cards_transformed":["Strike_G"],"event_name":"Transmorgrifier","player_choice":"Transformed","floor":47.0,"gold_loss":0.0,"damage_taken":0.0,"cards_obtained":["Dodge and Roll"]}],"is_beta":false,"boss_relics":[{"not_picked":["Velvet Choker","Tiny House"],"picked":"Black Star"},{"not_picked":["Eternal Feather","Lizard Tail"],"picked":"Fusion Hammer"}],"items_purged_floors":[20],"is_endless":false,"potions_floor_spawned":[5,7,12,14,16,21,29,31,33,38,41,44],"ascension_level":15}