{"gold_per_floor":[111,129,129,148,59,59,76,76,76,102,102,114,114,114,114,193,193,206,206,206,221,65,65,65],"floor_reached":24,"playtime":943,"items_purged":["Strike_R"],"score":378,"play_id":"c9ae54a3-450d-478c-897f-c4c1e502bea2","local_time":"20190506010517","is_ascension_mode":true,"campfire_choices":[{"data":"Infernal Blade","floor":6.0,"key":"SMITH"},{"data":"Discovery","floor":8.0,"key":"SMITH"},{"data":"Bludgeon","floor":13.0,"key":"SMITH"},{"floor":15.0,"key":"REST"},{"floor":23,"key":"REST"}],"neow_cost":"NONE","seed_source_timestamp":0,"circlet_count":0,"master_deck":["AscendersBane","Strike_R","Strike_R","Strike_R","Strike_R","Defend_R","Defend_R","Defend_R","Defend_R","Bash","Anger","Infernal Blade+1","Bludgeon+1","Discovery+1","Shockwave","Barricade","Shrug It Off","Discovery+1","Inflame","Whirlwind"],"special_seed":0,"relics":["Burning Blood","Bottled Flame","Lantern","Cursed Key"],"potions_floor_usage":[16,16,18],"damage_taken":[{"damage":11.0,"enemies":"2 Louse","floor":1.0,"turns":3.0},{"damage":5.0,"enemies":"Small Slimes","floor":2.0,"turns":3.0},{"damage":4.0,"enemies":"Jaw Worm","floor":4.0,"turns":3.0},{"damage":11.0,"enemies":"Blue Slaver","floor":7.0,"turns":3.0},{"damage":45.0,"enemies":"3 Sentries","floor":10.0,"turns":8.0},{"damage":8.0,"enemies":"Gremlin Gang","floor":12.0,"turns":4.0},{"damage":57,"enemies":"Slime Boss","floor":16,"turns":9},{"damage":22,"enemies":"3 Byrds","floor":18,"turns":6},{"damage":21,"enemies":"Shell Parasite","floor":21,"turns":4},{"damage":66,"enemies":"Book of Stabbing","floor":24,"turns":5}],"seed_played":"-4664783374841783573","potions_obtained":[{"floor":1.0,"key":"Dexterity Potion"},{"floor":10.0,"key":"Poison Potion"},{"floor":16,"key":"SpeedPotion"}],"is_trial":false,"path_per_floor":["M","M","?","M","$","R","M","R","T","E","?","M","R","?","R","B",null,"M","?","?","M","$","R","E"],"character_chosen":"IRONCLAD","items_purchased":["Discovery","Whirlwind"],"campfire_rested":2,"item_purchase_floors":[5,22],"current_hp_per_floor":[70,71,71,73,73,73,68,68,68,29,56,54,54,54,78,27,68,52,52,52,37,37,61,0],"gold":65,"neow_bonus":"TEN_PERCENT_HP_BONUS","is_prod":false,"is_daily":false,"chose_seed":false,"campfire_upgraded":3,"win_rate":0,"timestamp":1557093917,"path_taken":["M","M","?","M","$","R","M","R","T","E","?","M","R","?","R","BOSS","M","?","?","?","$","R","E"],"build_version":"2019-01-23","purchased_purges":1,"victory":false,"max_hp_per_floor":[82,82,82,82,82,82,82,82,82,82,82,82,82,82,82,82,82,82,82,82,82,82,82,82],"card_choices":[{"not_picked":["Sentinel","Perfected Strike"],"picked":"Anger","floor":1.0},{"not_picked":["Flame Barrier","Battle Trance"],"picked":"Infernal Blade","floor":2.0},{"not_picked":["Havoc","Clothesline"],"picked":"Bludgeon","floor":4.0},{"not_picked":["Twin Strike","Perfected Strike","Pommel Strike"],"picked":"SKIP","floor":7.0},{"not_picked":["Infernal Blade","True Grit"],"picked":"Shockwave","floor":10.0},{"not_picked":["Twin Strike","Rupture","Havoc"],"picked":"SKIP","floor":12.0},{"not_picked":["Dark Embrace","Feed"],"picked":"Barricade","floor":16},{"not_picked":["Sentinel","Clash"],"picked":"Shrug It Off","floor":18},{"not_picked":["Second Wind","Sentinel+1"],"picked":"Inflame","floor":21}],"player_experience":378021,"relics_obtained":[{"floor":9.0,"key":"Bottled Flame"},{"floor":10.0,"key":"Lantern"}],"event_choices":[{"damage_healed":0.0,"max_hp_gain":0.0,"max_hp_loss":0.0,"gold_gain":0.0,"event_name":"The Cleric","player_choice":"Leave","floor":3.0,"gold_loss":0.0,"damage_taken":0.0},{"damage_healed":27.0,"max_hp_gain":0.0,"max_hp_loss":0.0,"gold_gain":0.0,"event_name":"Big Fish","player_choice":"Banana","floor":11.0,"gold_loss":0.0,"damage_taken":0.0},{"damage_healed":0.0,"max_hp_gain":0.0,"max_hp_loss":0.0,"gold_gain":0.0,"event_name":"Dead Adventurer","player_choice":"Searched \u00270\u0027 times","floor":14.0,"gold_loss":0.0,"damage_taken":0.0},{"damage_healed":0,"gold_gain":0,"player_choice":"Ignored","damage_taken":0,"max_hp_gain":0,"max_hp_loss":0,"event_name":"Vampires","floor":19,"gold_loss":0},{"damage_healed":0,"gold_gain":0,"player_choice":"Copied","damage_taken":0,"max_hp_gain":0,"max_hp_loss":0,"event_name":"Duplicator","floor":20,"gold_loss":0,"cards_obtained":["Discovery"]}],"is_beta":false,"boss_relics":[{"not_picked":["Empty Cage","Calling Bell"],"picked":"Cursed Key"}],"items_purged_floors":[22],"is_endless":false,"potions_floor_spawned":[1,10,16],"killed_by":"Book of Stabbing","ascension_level":19}