{"gold_per_floor":[99,99,99,24,24,24,24,24,24,24,24,24,24,24,24,24],"floor_reached":16,"playtime":433,"items_purged":["Regret"],"score":95,"play_id":"41129372-f5e5-4771-bdc7-80e242ce36e2","local_time":"25610803135314","is_ascension_mode":true,"campfire_choices":[{"data":"Beam Cell","floor":6,"key":"SMITH"},{"data":"Sweeping Beam","floor":12,"key":"SMITH"},{"data":"Steam","floor":15,"key":"SMITH"}],"neow_cost":"NONE","seed_source_timestamp":18052150620613,"circlet_count":0,"master_deck":["Strike_B","Strike_B","Strike_B","Strike_B","Defend_B","Defend_B","Defend_B","Defend_B","Zap","Dualcast","Double Energy","Doubt","Beam Cell+1","Steam+1","Sweeping Beam+1","Conserve Battery"],"relics":["Ectoplasm","Dream Catcher","Tiny Chest","Pear"],"potions_floor_usage":[13,16],"damage_taken":[{"damage":6,"enemies":"Jaw Worm","floor":1,"turns":2},{"damage":5,"enemies":"Small Slimes","floor":5,"turns":4},{"damage":1,"enemies":"Cultist","floor":7,"turns":3},{"damage":11,"enemies":"3 Louse","floor":10,"turns":5},{"damage":12,"enemies":"Large Slime","floor":13,"turns":6},{"damage":44,"enemies":"Slime Boss","floor":16,"turns":9}],"seed_played":"2117272356265049312","potions_obtained":[{"floor":1,"key":"Regen Potion"},{"floor":13,"key":"SteroidPotion"}],"is_trial":false,"path_per_floor":["M","?","?","$","M","R","M","$","T","M","?","R","M","?","R"],"character_chosen":"DEFECT","items_purchased":[],"campfire_rested":0,"item_purchase_floors":[],"current_hp_per_floor":[69,69,69,69,64,64,63,63,63,52,50,50,52,41,41,0],"gold":24,"neow_bonus":"BOSS_RELIC","is_prod":false,"is_daily":false,"chose_seed":false,"campfire_upgraded":3,"win_rate":0,"timestamp":1533279194,"path_taken":["M","?","?","$","M","R","?","$","T","M","?","R","M","?","R","BOSS"],"build_version":"2018-08-02","purchased_purges":1,"victory":false,"max_hp_per_floor":[75,75,75,75,75,75,75,75,75,75,85,85,85,85,85,85],"card_choices":[{"not_picked":["Steam Power","Compile Driver"],"picked":"Double Energy","floor":1},{"not_picked":["Fusion","Undo"],"picked":"Beam Cell","floor":5},{"not_picked":["Barrage","Stack"],"picked":"Steam","floor":7},{"not_picked":["Static Discharge","Hologram"],"picked":"Sweeping Beam","floor":10},{"not_picked":["Blizzard","Skim"],"picked":"Conserve Battery","floor":13}],"player_experience":180287,"relics_obtained":[{"floor":9,"key":"Tiny Chest"}],"event_choices":[{"event_name":"Big Fish","player_choice":"Box","floor":2,"damage_taken":0},{"event_name":"Liars Game","player_choice":"agreed","floor":3,"damage_taken":0},{"event_name":"Scrap Ooze","player_choice":"success","floor":11,"damage_taken":12},{"event_name":"World of Goop","player_choice":"Gather Gold","floor":14,"damage_taken":0}],"is_beta":false,"boss_relics":[],"items_purged_floors":[4],"is_endless":false,"potions_floor_spawned":[1,13],"killed_by":"Slime Boss","ascension_level":1}