{"gold_per_floor":[116,128,78,92,92,117,117,134,134,134,134,134,134,59,59,163,163,179,79,98,112,130,162,174,220,232,260,272,304,335,262,274,286],"floor_reached":33,"playtime":1302,"items_purged":["Defend_G","Strike_G"],"score":287,"play_id":"14acdf60-e66f-4b73-a535-4117c20068b3","local_time":"25610722115156","is_ascension_mode":false,"campfire_choices":[{"floor":7,"key":"REST"},{"data":"Dagger Spray","floor":11,"key":"SMITH"},{"data":"Neutralize","floor":13,"key":"SMITH"},{"data":"Crippling Poison","floor":15,"key":"SMITH"},{"floor":24,"key":"REST"},{"floor":28,"key":"REST"},{"data":"Catalyst","floor":32,"key":"SMITH"}],"neow_cost":"NONE","seed_source_timestamp":6647955102216,"circlet_count":0,"master_deck":["Defend_G","Defend_G","Defend_G","Defend_G","Strike_G","Strike_G","Strike_G","Survivor","Neutralize+1","Choke","Dagger Spray+1","Prepared","Crippling Poison+1","Burst","Dash+1","Dagger Throw+1","Catalyst+1","Terror+1","PiercingWail+1","Deflect+1"],"relics":["Ring of the Snake","Regal Pillow","Pen Nib","Question Card","Anchor","Black Star","Potion Belt","MawBank","Sundial","Bird Faced Urn","Ancient Tea Set","Meat on the Bone"],"potions_floor_usage":[4,16,16,16,16,16,18,21,25,33,33],"damage_taken":[{"damage":3,"enemies":"Jaw Worm","floor":1,"turns":4},{"damage":0,"enemies":"Small Slimes","floor":2,"turns":3},{"damage":0,"enemies":"Cultist","floor":4,"turns":3},{"damage":22,"enemies":"3 Sentries","floor":6,"turns":8},{"damage":0,"enemies":"2 Fungi Beasts","floor":8,"turns":3},{"damage":35,"enemies":"Slime Boss","floor":16,"turns":13},{"damage":3,"enemies":"Shell Parasite","floor":18,"turns":6},{"damage":0,"enemies":"Chosen","floor":20,"turns":5},{"damage":16,"enemies":"Snecko","floor":21,"turns":6},{"damage":11,"enemies":"Cultist and Chosen","floor":22,"turns":7},{"damage":35,"enemies":"Book of Stabbing","floor":23,"turns":7},{"damage":20,"enemies":"Gremlin Leader","floor":25,"turns":6},{"damage":0,"enemies":"Centurion and Healer","floor":27,"turns":5},{"damage":0,"enemies":"Snake Plant","floor":29,"turns":2},{"damage":6,"enemies":"Chosen and Byrds","floor":30,"turns":5},{"damage":58,"enemies":"Champ","floor":33,"turns":9}],"seed_played":"-3124192196566417797","potions_obtained":[{"floor":2,"key":"Poison Potion"},{"floor":6,"key":"Strength Potion"},{"floor":10,"key":"EntropicBrew"},{"floor":10,"key":"Fruit Juice"},{"floor":20,"key":"Weak Potion"},{"floor":23,"key":"PowerPotion"},{"floor":27,"key":"Explosive Potion"},{"floor":29,"key":"FearPotion"}],"is_trial":false,"path_per_floor":["M","M","?","M","?","E","R","M","T","?","R","?","R","$","R","B",null,"M","$","M","M","M","E","R","E","T","M","R","M","M","?","R"],"character_chosen":"THE_SILENT","items_purchased":[],"campfire_rested":3,"item_purchase_floors":[],"current_hp_per_floor":[67,67,67,67,60,38,70,70,70,70,70,70,70,70,70,40,75,72,72,72,56,45,10,47,27,27,27,64,64,58,58,58,0],"gold":286,"neow_bonus":"RANDOM_COMMON_RELIC","is_prod":false,"is_daily":false,"chose_seed":false,"campfire_upgraded":4,"win_rate":0,"timestamp":1532235116,"path_taken":["M","M","?","M","?","E","R","M","T","?","R","?","R","$","R","BOSS","M","?","M","M","M","E","R","E","T","M","R","?","M","?","R","BOSS"],"build_version":"2018-07-19v2","purchased_purges":2,"victory":false,"max_hp_per_floor":[70,70,70,70,70,70,70,70,70,70,70,70,70,70,70,75,75,75,75,75,75,75,75,75,75,75,75,75,75,75,75,75,75],"card_choices":[{"not_picked":["Flying Knee","Bane"],"picked":"Choke","floor":1},{"not_picked":["Slice","PiercingWail"],"picked":"Dagger Spray","floor":2},{"not_picked":["Underhanded Strike","Cloak And Dagger"],"picked":"Prepared","floor":4},{"not_picked":["Backflip","Dagger Spray"],"picked":"Crippling Poison","floor":6},{"not_picked":["Bane","Flying Knee","Quick Slash","Dagger Spray"],"picked":"SKIP","floor":8},{"not_picked":["Phantasmal Killer","Malaise","Unload"],"picked":"Burst","floor":16},{"not_picked":["Predator","Sucker Punch","Calculated Gamble+1"],"picked":"Dash+1","floor":18},{"not_picked":["Quick Slash","Riddle With Holes","Acrobatics","Underhanded Strike+1"],"picked":"SKIP","floor":20},{"not_picked":["Dagger Spray","Bane","Calculated Gamble","Acrobatics"],"picked":"SKIP","floor":21},{"not_picked":["Tactician","Distraction","Backflip"],"picked":"Dagger Throw+1","floor":22},{"not_picked":["Well Laid Plans","Acrobatics","Deflect+1"],"picked":"Catalyst","floor":23},{"not_picked":["Flechettes","Leg Sweep","Acrobatics"],"picked":"Terror+1","floor":25},{"not_picked":["Backflip","Burst","Finisher"],"picked":"PiercingWail+1","floor":27},{"not_picked":["Underhanded Strike+1","Flying Knee","Deflect","Sucker Punch"],"picked":"SKIP","floor":29},{"not_picked":["Poisoned Stab","Dodge and Roll","Choke"],"picked":"Deflect+1","floor":30}],"player_experience":109047,"relics_obtained":[{"floor":6,"key":"Question Card"},{"floor":9,"key":"Anchor"},{"floor":23,"key":"Potion Belt"},{"floor":23,"key":"MawBank"},{"floor":25,"key":"Sundial"},{"floor":25,"key":"Bird Faced Urn"},{"floor":26,"key":"Ancient Tea Set"}],"event_choices":[{"event_name":"The Cleric","player_choice":"Card Removal","floor":3,"damage_taken":0},{"event_name":"Scrap Ooze","player_choice":"success","floor":5,"damage_taken":7},{"event_name":"The Lab","player_choice":"Got Potions","floor":10,"damage_taken":0},{"event_name":"The Woman in Blue","player_choice":"Bought 0 Potions","floor":12,"damage_taken":0},{"event_name":"Addict","player_choice":"Obtained Relic","floor":31,"damage_taken":0}],"is_beta":false,"boss_relics":[{"not_picked":["Lizard Tail","Pandora\u0027s Box"],"picked":"Black Star"}],"items_purged_floors":[14,19],"is_endless":false,"potions_floor_spawned":[2,6,20,23,27,29],"killed_by":"Champ","ascension_level":0}