{"gold_per_floor":[114,114,130,142,142,142,169,169,223,223,255,62,73,88,88,167,167,177,0,0,200,217,217,245,245,245,47,66,94,110,129,129,200,200,218,218,146,160,160,160,187,187,255,355,388,399,428,446,446,446],"floor_reached":51,"playtime":2249,"items_purged":["Strike_R","Strike_R"],"score":1577,"play_id":"51590e3d-4999-4318-bfc2-afc3ba6345e0","local_time":"20190126182903","is_ascension_mode":true,"campfire_choices":[{"data":"Bash","floor":6,"key":"SMITH"},{"data":"Perfected Strike","floor":8,"key":"SMITH"},{"data":"Flame Barrier","floor":10,"key":"SMITH"},{"data":"Juggernaut","floor":15,"key":"SMITH"},{"floor":23,"key":"REST"},{"data":"Barricade","floor":25,"key":"SMITH"},{"floor":32,"key":"REST"},{"data":"Body Slam","floor":40,"key":"SMITH"},{"data":"Feel No Pain","floor":42,"key":"SMITH"},{"data":"Iron Wave","floor":49,"key":"SMITH"}],"neow_cost":"NONE","seed_source_timestamp":122667043657045,"circlet_count":0,"master_deck":["AscendersBane","Strike_R","Strike_R","Strike_R","Defend_R","Defend_R","Defend_R","Defend_R","Bash+1","Perfected Strike+1","Iron Wave+1","Flame Barrier+1","Cleave","Anger","Juggernaut+1","Barricade+1","Shrug It Off","Body Slam+1","Feel No Pain+1","True Grit+1","True Grit+1","Master of Strategy+1","Armaments+1","Flame Barrier+1","Exhume+1","Disarm+1","Dark Shackles+1","True Grit+1","Entrench+1","Shrug It Off+1","Reaper","Shrug It Off+1","Impervious+1","Havoc+1"],"relics":["Burning Blood","Bag of Preparation","Potion Belt","Shuriken","Membership Card","Velvet Choker","Toxic Egg 2","Bottled Lightning","The Courier","PreservedInsect","Kunai","Sozu","Paper Frog","Dodecahedron","Girya","Orichalcum","Centennial Puzzle"],"potions_floor_usage":[7,11,24,24,35,50,50],"damage_taken":[{"damage":0,"enemies":"Small Slimes","floor":1,"turns":3},{"damage":2,"enemies":"2 Louse","floor":3,"turns":3},{"damage":1,"enemies":"Cultist","floor":4,"turns":3},{"damage":33,"enemies":"3 Sentries","floor":7,"turns":10},{"damage":2,"enemies":"Gremlin Nob","floor":11,"turns":3},{"damage":11,"enemies":"Large Slime","floor":13,"turns":6},{"damage":4,"enemies":"2 Fungi Beasts","floor":14,"turns":3},{"damage":58,"enemies":"Slime Boss","floor":16,"turns":10},{"damage":9,"enemies":"Chosen","floor":18,"turns":4},{"damage":22,"enemies":"2 Thieves","floor":22,"turns":4},{"damage":53,"enemies":"Slavers","floor":24,"turns":6},{"damage":0,"enemies":"Snake Plant","floor":28,"turns":3},{"damage":14,"enemies":"Book of Stabbing","floor":29,"turns":5},{"damage":5,"enemies":"Centurion and Healer","floor":30,"turns":8},{"damage":10,"enemies":"3 Cultists","floor":31,"turns":7},{"damage":0,"enemies":"Automaton","floor":33,"turns":12},{"damage":6,"enemies":"3 Darklings","floor":35,"turns":5},{"damage":0,"enemies":"Orb Walker","floor":38,"turns":6},{"damage":9,"enemies":"Nemesis","floor":41,"turns":9},{"damage":22,"enemies":"Mind Bloom Boss Battle","floor":44,"turns":5},{"damage":0,"enemies":"Giant Head","floor":45,"turns":6},{"damage":0,"enemies":"Maw","floor":46,"turns":7},{"damage":0,"enemies":"Nemesis","floor":47,"turns":11},{"damage":13,"enemies":"3 Darklings","floor":48,"turns":6},{"damage":14,"enemies":"Donu and Deca","floor":50,"turns":13}],"seed_played":"-3486717436587782804","potions_obtained":[{"floor":1,"key":"FearPotion"},{"floor":4,"key":"Regen Potion"},{"floor":13,"key":"SkillPotion"},{"floor":22,"key":"Ancient Potion"},{"floor":24,"key":"GamblersBrew"},{"floor":29,"key":"Swift Potion"},{"floor":30,"key":"Fire Potion"}],"is_trial":false,"path_per_floor":["M","?","M","M","?","R","E","R","T","R","E","$","M","M","R","B",null,"M","$","?","?","M","R","E","R","T","$","M","E","M","M","R","B",null,"M","?","$","M","?","R","E","R","T","?","E","M","E","M","R","B",null],"character_chosen":"IRONCLAD","items_purchased":["Membership Card","Toxic Egg 2","Regen Potion","Body Slam","True Grit+1","PreservedInsect","Master of Strategy+1","True Grit+1"],"campfire_rested":2,"item_purchase_floors":[12,19,19,19,27,27,27,37],"current_hp_per_floor":[74,74,75,75,80,80,68,68,68,68,72,72,67,69,69,17,64,61,61,61,61,45,69,37,37,37,37,43,35,36,32,56,62,76,76,76,76,80,80,80,77,77,77,61,76,80,80,80,80,77],"gold":446,"neow_bonus":"THREE_CARDS","is_prod":false,"is_daily":false,"chose_seed":false,"campfire_upgraded":8,"win_rate":0,"timestamp":1548556143,"path_taken":["M","?","M","M","?","R","E","R","T","R","E","$","M","M","R","BOSS","M","$","?","?","M","R","E","R","T","$","M","E","?","M","R","BOSS","M","?","$","M","?","R","E","R","T","?","E","M","E","?","R","BOSS"],"build_version":"2019-01-23","purchased_purges":2,"victory":true,"max_hp_per_floor":[75,75,75,75,80,80,80,80,80,80,80,80,80,80,80,80,80,80,80,80,80,80,80,80,80,80,80,80,80,80,80,80,80,80,80,80,80,80,80,80,80,80,80,80,80,80,80,80,80,80],"card_choices":[{"not_picked":["Sword Boomerang","Cleave"],"picked":"Perfected Strike","floor":0},{"not_picked":["Whirlwind","Cleave"],"picked":"Iron Wave","floor":1},{"not_picked":["Cleave","Dual Wield","Sentinel"],"picked":"SKIP","floor":3},{"not_picked":["Warcry","Sword Boomerang"],"picked":"Flame Barrier","floor":4},{"not_picked":["Flame Barrier","Sword Boomerang"],"picked":"Cleave","floor":7},{"not_picked":["Ghostly Armor","Cleave"],"picked":"Anger","floor":11},{"not_picked":["Hemokinesis","Flame Barrier","Thunderclap"],"picked":"SKIP","floor":13},{"not_picked":["Hemokinesis","Havoc"],"picked":"Juggernaut","floor":14},{"not_picked":["Demon Form","Immolate"],"picked":"Barricade","floor":16},{"not_picked":["Dropkick","Whirlwind"],"picked":"Shrug It Off","floor":18},{"not_picked":["Shockwave+1","Second Wind+1"],"picked":"Feel No Pain","floor":22},{"not_picked":["Searing Blow","Clash"],"picked":"True Grit+1","floor":24},{"not_picked":["Sword Boomerang","Body Slam"],"picked":"Armaments+1","floor":28},{"not_picked":["Second Wind+1","Thunderclap","Twin Strike"],"picked":"SKIP","floor":29},{"not_picked":["Carnage","Clash+1","Dropkick"],"picked":"SKIP","floor":30},{"not_picked":["Perfected Strike","True Grit+1"],"picked":"Flame Barrier+1","floor":31},{"not_picked":["Dark Embrace","Barricade"],"picked":"Exhume+1","floor":33},{"not_picked":["Headbutt+1","Perfected Strike"],"picked":"Disarm+1","floor":35},{"not_picked":["Violence+1","Dramatic Entrance"],"picked":"Dark Shackles+1","floor":36},{"not_picked":["Pommel Strike+1","Armaments+1"],"picked":"Entrench+1","floor":38},{"not_picked":["Perfected Strike","Headbutt+1"],"picked":"Shrug It Off+1","floor":41},{"not_picked":["Perfected Strike","Sword Boomerang"],"picked":"Reaper","floor":44},{"not_picked":["Twin Strike","Clash"],"picked":"Shrug It Off+1","floor":45},{"not_picked":["Sentinel+1","Body Slam"],"picked":"Impervious+1","floor":46},{"not_picked":["Iron Wave","Cleave"],"picked":"Havoc+1","floor":47},{"not_picked":["Anger","Rampage","Second Wind+1"],"picked":"SKIP","floor":48}],"player_experience":2071032,"relics_obtained":[{"floor":7,"key":"Bag of Preparation"},{"floor":9,"key":"Potion Belt"},{"floor":11,"key":"Shuriken"},{"floor":24,"key":"Bottled Lightning"},{"floor":26,"key":"The Courier"},{"floor":29,"key":"Kunai"},{"floor":41,"key":"Paper Frog"},{"floor":43,"key":"Dodecahedron"},{"floor":44,"key":"Girya"},{"floor":45,"key":"Orichalcum"},{"floor":47,"key":"Centennial Puzzle"}],"event_choices":[{"damage_healed":0,"gold_gain":0,"player_choice":"Ignored","damage_taken":0,"max_hp_gain":0,"max_hp_loss":0,"event_name":"Golden Wing","floor":2,"gold_loss":0},{"damage_healed":0,"gold_gain":0,"player_choice":"Donut","damage_taken":0,"max_hp_gain":5,"max_hp_loss":0,"event_name":"Big Fish","floor":5,"gold_loss":0},{"damage_healed":0,"gold_gain":0,"player_choice":"Ignored","damage_taken":0,"max_hp_gain":0,"max_hp_loss":0,"event_name":"Beggar","floor":20,"gold_loss":0},{"damage_healed":0,"gold_gain":200,"player_choice":"Gold","damage_taken":0,"max_hp_gain":0,"max_hp_loss":0,"event_name":"Wheel of Change","floor":21,"gold_loss":0},{"damage_healed":0,"gold_gain":0,"player_choice":"Memory 1","damage_taken":0,"max_hp_gain":0,"max_hp_loss":0,"event_name":"SensoryStone","floor":36,"gold_loss":0},{"damage_healed":0,"gold_gain":0,"player_choice":"Ignored","damage_taken":0,"max_hp_gain":0,"max_hp_loss":0,"event_name":"Tomb of Lord Red Mask","floor":39,"gold_loss":0},{"damage_healed":0,"gold_gain":0,"player_choice":"Fight","damage_taken":0,"max_hp_gain":0,"max_hp_loss":0,"event_name":"MindBloom","floor":44,"gold_loss":0}],"is_beta":false,"boss_relics":[{"not_picked":["Runic Cube","Eternal Feather"],"picked":"Velvet Choker"},{"not_picked":["White Beast Statue","Tiny House"],"picked":"Sozu"}],"items_purged_floors":[27,37],"is_endless":false,"potions_floor_spawned":[1,4,13,22,24,29,30,35,38,44,46],"ascension_level":15}