{"gold_per_floor":[115,115,90,102,102,102,116,147,172,172,198,198,273,286,286,389,389,402,246,246,246,266,266,283,295,295,295,295,305,305,332,332,428,428,439,453,453,453,453],"floor_reached":39,"playtime":2364,"items_purged":["Injury"],"score":468,"play_id":"0ab02dc8-b48c-40cc-aedc-ccaf0f040d3d","local_time":"20190327012239","is_ascension_mode":true,"campfire_choices":[{"floor":6,"key":"REST"},{"data":"Shockwave","floor":10,"key":"SMITH"},{"floor":12,"key":"REST"},{"data":"Cleave","floor":15,"key":"SMITH"},{"data":"Demon Form","floor":23,"key":"SMITH"},{"floor":27,"key":"REST"},{"floor":30,"key":"REST"},{"floor":32,"key":"REST"}],"neow_cost":"NONE","seed_source_timestamp":48231671807306,"circlet_count":0,"master_deck":["Defend_R","Defend_R","Defend_R","Defend_R","Bash+1","Shockwave+1","Clash","Clash","Cleave+1","Demon Form+1","Parasite","Combust+1","Bite","Bite","Bite","Bite","Bite","Heavy Blade","Writhe","Reaper+1","Armaments+1","Entrench+1"],"relics":["Burning Blood","Potion Belt","Regal Pillow","Juzu Bracelet","Odd Mushroom","Calling Bell","Pen Nib","Frozen Egg 2","Bird Faced Urn","Singing Bowl","Pocketwatch","Bottled Tornado","Busted Crown"],"potions_floor_usage":[16,18,29,35,36],"damage_taken":[{"damage":0,"enemies":"2 Louse","floor":1,"turns":3},{"damage":0,"enemies":"Cultist","floor":4,"turns":4},{"damage":1,"enemies":"Jaw Worm","floor":7,"turns":3},{"damage":10,"enemies":"Gremlin Nob","floor":8,"turns":3},{"damage":12,"enemies":"The Mushroom Lair","floor":11,"turns":4},{"damage":0,"enemies":"Large Slime","floor":14,"turns":4},{"damage":65,"enemies":"Hexaghost","floor":16,"turns":11},{"damage":25,"enemies":"2 Thieves","floor":18,"turns":5},{"damage":11,"enemies":"Chosen","floor":22,"turns":5},{"damage":35,"enemies":"Snake Plant","floor":24,"turns":5},{"damage":45,"enemies":"3 Cultists","floor":25,"turns":6},{"damage":46,"enemies":"Shelled Parasite and Fungi","floor":29,"turns":8},{"damage":45,"enemies":"Gremlin Leader","floor":31,"turns":7},{"damage":71,"enemies":"Automaton","floor":33,"turns":8},{"damage":39,"enemies":"3 Darklings","floor":35,"turns":4},{"damage":51,"enemies":"Orb Walker","floor":36,"turns":5},{"damage":63,"enemies":"Transient","floor":39,"turns":4}],"seed_played":"-6990372358763455589","potions_obtained":[{"floor":1,"key":"Block Potion"},{"floor":4,"key":"Poison Potion"},{"floor":11,"key":"Ancient Potion"},{"floor":14,"key":"Energy Potion"},{"floor":24,"key":"FearPotion"},{"floor":25,"key":"Dexterity Potion"},{"floor":33,"key":"Dexterity Potion"},{"floor":35,"key":"Swift Potion"},{"floor":36,"key":"SpeedPotion"}],"is_trial":false,"path_per_floor":["M","?","$","M","?","R","M","E","T","R","?","R","?","M","R","B",null,"M","$","?","?","M","R","M","M","T","R","?","M","R","E","R","B",null,"M","M","?","?","M"],"character_chosen":"IRONCLAD","items_purchased":["Clash","Combust+1"],"campfire_rested":5,"item_purchase_floors":[3,19],"current_hp_per_floor":[80,80,80,80,64,80,80,76,76,76,70,80,69,75,75,16,80,61,61,56,56,55,55,36,11,11,42,42,30,58,43,60,11,60,60,39,39,39,0],"gold":453,"neow_bonus":"RANDOM_COMMON_RELIC","is_prod":false,"is_daily":false,"chose_seed":false,"campfire_upgraded":3,"win_rate":0,"timestamp":1553649759,"path_taken":["M","?","$","?","?","R","M","E","T","R","?","R","?","M","R","BOSS","M","$","?","?","M","R","M","M","T","R","?","M","R","E","R","BOSS","M","M","?","?","M"],"build_version":"2019-01-23","purchased_purges":1,"victory":false,"max_hp_per_floor":[80,80,80,80,80,80,80,80,80,80,80,80,80,80,80,80,80,80,80,56,56,56,56,56,56,56,56,56,58,58,60,60,60,60,60,60,60,60,60],"card_choices":[{"not_picked":["Warcry","Feel No Pain"],"picked":"Shockwave","floor":1},{"not_picked":["Headbutt","Power Through"],"picked":"Clash","floor":4},{"not_picked":["Perfected Strike","Headbutt","Searing Blow"],"picked":"SKIP","floor":7},{"not_picked":["Pommel Strike","Rampage"],"picked":"Cleave","floor":8},{"not_picked":["Twin Strike","Perfected Strike","Body Slam"],"picked":"SKIP","floor":14},{"not_picked":["Limit Break","Berserk"],"picked":"Demon Form","floor":16},{"not_picked":["Battle Trance","Infernal Blade","Cleave+1"],"picked":"SKIP","floor":18},{"not_picked":["Heavy Blade+1","True Grit","Metallicize+1"],"picked":"SKIP","floor":22},{"not_picked":["Sever Soul","Anger+1","Havoc"],"picked":"SKIP","floor":24},{"not_picked":["Havoc","Iron Wave+1"],"picked":"Heavy Blade","floor":25},{"not_picked":["Sentinel+1","Shockwave","Flex"],"picked":"Singing Bowl","floor":29},{"not_picked":["Rupture+1","Sever Soul","Berserk+1"],"picked":"Singing Bowl","floor":31},{"not_picked":["Exhume","Offering"],"picked":"Reaper","floor":33},{"not_picked":[],"picked":"Armaments+1","floor":35},{"not_picked":[],"picked":"Entrench+1","floor":36}],"player_experience":429158,"relics_obtained":[{"floor":8,"key":"Regal Pillow"},{"floor":9,"key":"Juzu Bracelet"},{"floor":11,"key":"Odd Mushroom"},{"floor":17,"key":"Pen Nib"},{"floor":17,"key":"Frozen Egg 2"},{"floor":17,"key":"Bird Faced Urn"},{"floor":26,"key":"Singing Bowl"},{"floor":31,"key":"Bottled Tornado"}],"event_choices":[{"cards_removed":["Strike_R"],"damage_healed":0,"gold_gain":0,"player_choice":"Purged","damage_taken":0,"max_hp_gain":0,"max_hp_loss":0,"event_name":"Purifier","floor":2,"gold_loss":0},{"damage_healed":0,"gold_gain":0,"player_choice":"Entered Light","damage_taken":16,"max_hp_gain":0,"max_hp_loss":0,"event_name":"Shining Light","floor":5,"gold_loss":0,"cards_upgraded":["Strike_R","Bash"]},{"damage_healed":0,"gold_gain":0,"player_choice":"Fought Mushrooms","damage_taken":0,"max_hp_gain":0,"max_hp_loss":0,"event_name":"Mushrooms","floor":11,"gold_loss":0},{"damage_healed":0,"gold_gain":75,"player_choice":"Gather Gold","damage_taken":11,"max_hp_gain":0,"max_hp_loss":0,"event_name":"World of Goop","floor":13,"gold_loss":0},{"damage_healed":0,"gold_gain":0,"player_choice":"Became a vampire","damage_taken":0,"max_hp_gain":0,"max_hp_loss":24,"event_name":"Vampires","floor":20,"gold_loss":0,"cards_obtained":["Bite","Bite","Bite","Bite","Bite"]},{"cards_removed":["Clumsy"],"damage_healed":0,"gold_gain":0,"player_choice":"Elegance","damage_taken":0,"max_hp_gain":0,"max_hp_loss":0,"event_name":"Back to Basics","floor":21,"gold_loss":0},{"damage_healed":0,"gold_gain":0,"player_choice":"Opened","damage_taken":0,"relics_obtained":["Pocketwatch"],"max_hp_gain":0,"max_hp_loss":0,"event_name":"The Mausoleum","floor":28,"gold_loss":0,"cards_obtained":["Writhe"]},{"damage_healed":0,"gold_gain":0,"player_choice":"Leave","damage_taken":0,"max_hp_gain":0,"max_hp_loss":0,"event_name":"FaceTrader","floor":37,"gold_loss":0},{"damage_healed":0,"gold_gain":0,"player_choice":"Upgraded","damage_taken":0,"max_hp_gain":0,"max_hp_loss":0,"event_name":"Upgrade Shrine","floor":38,"gold_loss":0,"cards_upgraded":["Reaper"]}],"is_beta":false,"boss_relics":[{"not_picked":["Runic Cube","Snecko Eye"],"picked":"Calling Bell"},{"not_picked":["Pandora\u0027s Box","Eternal Feather"],"picked":"Busted Crown"}],"items_purged_floors":[19],"is_endless":false,"potions_floor_spawned":[1,4,11,14,24,25,33,35,36],"killed_by":"Transient","ascension_level":1}