{"gold_per_floor":[211,224,224,8,8,8,31,47,121,121,421,421,77,77],"floor_reached":14,"playtime":378,"items_purged":["Strike_R"],"score":148,"play_id":"eb1f71ab-a6cf-4e81-88bb-b8630c274de5","local_time":"20190427075258","is_ascension_mode":true,"campfire_choices":[{"floor":6.0,"key":"REST"},{"data":"Disarm","floor":12.0,"key":"SMITH"}],"neow_cost":"NONE","seed_source_timestamp":0,"circlet_count":0,"master_deck":["AscendersBane","Strike_R","Strike_R","Defend_R","Defend_R","Defend_R","Defend_R","Bash","Iron Wave","Flame Barrier","Disarm+1","Disarm+1","Pommel Strike"],"special_seed":0,"relics":["Burning Blood","Golden Idol","Chemical X","Frozen Egg 2","Old Coin","DollysMirror"],"potions_floor_usage":[],"damage_taken":[{"damage":11.0,"enemies":"Jaw Worm","floor":1.0,"turns":5.0},{"damage":19.0,"enemies":"Small Slimes","floor":2.0,"turns":5.0},{"damage":7.0,"enemies":"Cultist","floor":7.0,"turns":4.0},{"damage":6.0,"enemies":"Large Slime","floor":8.0,"turns":4.0},{"damage":50,"enemies":"Lagavulin","floor":14,"turns":13}],"seed_played":"6908276479292735079","potions_obtained":[{"floor":2.0,"key":"Fire Potion"}],"is_trial":false,"path_per_floor":["M","M","?","$","?","R","M","M","T","?","T","R","$","E"],"character_chosen":"IRONCLAD","items_purchased":["Chemical X","DollysMirror","Pommel Strike"],"campfire_rested":1,"item_purchase_floors":[4,13,13],"current_hp_per_floor":[63,50,24,24,24,46,45,45,45,38,38,38,38,0],"gold":77,"neow_bonus":"HUNDRED_GOLD","is_prod":false,"is_daily":false,"chose_seed":false,"campfire_upgraded":1,"win_rate":0,"timestamp":1556340778,"path_taken":["M","M","?","$","?","R","M","?","T","?","?","R","$","E"],"build_version":"2019-01-23","purchased_purges":1,"victory":false,"max_hp_per_floor":[75,75,75,75,75,75,75,75,75,75,75,75,75,75],"card_choices":[{"not_picked":["Thunderclap","Burning Pact","Armaments"],"picked":"SKIP","floor":1.0},{"not_picked":["Armaments","Pommel Strike"],"picked":"Iron Wave","floor":2.0},{"not_picked":["Wild Strike","Perfected Strike"],"picked":"Flame Barrier","floor":7.0},{"not_picked":["Clothesline","Metallicize"],"picked":"Disarm","floor":8.0}],"player_experience":334227,"relics_obtained":[{"floor":9.0,"key":"Frozen Egg 2"},{"floor":11.0,"key":"Old Coin"}],"event_choices":[{"damage_healed":0.0,"max_hp_gain":0.0,"max_hp_loss":0.0,"gold_gain":0.0,"event_name":"Golden Idol","player_choice":"Take Damage","floor":3.0,"gold_loss":0.0,"damage_taken":26.0,"relics_obtained":["Golden Idol"]},{"cards_removed":["Strike_R"],"damage_healed":0.0,"max_hp_gain":0.0,"max_hp_loss":0.0,"gold_gain":0.0,"event_name":"Purifier","player_choice":"Purged","floor":5.0,"gold_loss":0.0,"damage_taken":0.0},{"cards_removed":["Strike_R"],"damage_healed":0.0,"max_hp_gain":0.0,"max_hp_loss":0.0,"gold_gain":0.0,"event_name":"Golden Wing","player_choice":"Card Removal","floor":10.0,"gold_loss":0.0,"damage_taken":7.0}],"is_beta":false,"boss_relics":[],"items_purged_floors":[13],"is_endless":false,"potions_floor_spawned":[2],"killed_by":"Lagavulin","ascension_level":18}