{"gold_per_floor":[10,25,25,100,100,130,50,50,105,105,118,143,143,169,169,272,272,254,273,55,75,75,75,75,75],"floor_reached":25,"playtime":860,"items_purged":[],"score":328,"play_id":"f0b90240-784d-4923-99a0-23bce330412f","local_time":"20180729021330","is_ascension_mode":true,"campfire_choices":[{"floor":8,"key":"REST"},{"data":"Defragment","floor":10,"key":"SMITH"},{"data":"Redo","floor":13,"key":"SMITH"},{"data":"Redo","floor":15,"key":"SMITH"},{"floor":23,"key":"REST"}],"neow_cost":"NO_GOLD","seed_source_timestamp":91893477710861,"circlet_count":0,"master_deck":["Strike_B","Strike_B","Strike_B","Strike_B","Defend_B","Defend_B","Defend_B+1","Defend_B","Zap+1","Dualcast","Ball Lightning","White Noise","Turbo","Defragment+1","Chill","Redo+1","Redo+1","Creative AI","FTL+1","Ball Lightning","Capacitor","Conserve Battery","Ghostly","Ghostly","Ghostly","Ghostly","Ghostly","Cold Snap"],"relics":["Cracked Core","Incense Burner","Blood Vial","Pen Nib","Dream Catcher","Omamori","Nuclear Battery","Lantern"],"potions_floor_usage":[12],"damage_taken":[{"damage":6,"enemies":"Cultist","floor":1,"turns":3},{"damage":10,"enemies":"2 Louse","floor":2,"turns":2},{"damage":28,"enemies":"Gremlin Nob","floor":6,"turns":4},{"damage":0,"enemies":"Small Slimes","floor":11,"turns":3},{"damage":0,"enemies":"3 Sentries","floor":12,"turns":6},{"damage":1,"enemies":"Gremlin Nob","floor":14,"turns":3},{"damage":26,"enemies":"The Guardian","floor":16,"turns":9},{"damage":34,"enemies":"2 Thieves","floor":18,"turns":4},{"damage":25,"enemies":"Shell Parasite","floor":19,"turns":4},{"damage":7,"enemies":"Cultist and Chosen","floor":21,"turns":7},{"damage":17,"enemies":"Sentry and Sphere","floor":25,"turns":3}],"seed_played":"6145046463282158645","potions_obtained":[{"floor":11,"key":"LiquidBronze"}],"is_trial":false,"path_per_floor":["M","M","?","?","?","E","$","R","T","R","M","E","R","E","R","B",null,"M","M","$","M","?","R","?"],"character_chosen":"DEFECT","items_purchased":["Defragment","Capacitor","Lantern"],"campfire_rested":2,"item_purchase_floors":[7,20,20],"current_hp_per_floor":[69,59,75,64,49,21,21,43,43,43,45,47,47,48,48,24,62,30,7,7,2,2,13,13,0],"gold":75,"neow_bonus":"ONE_RARE_RELIC","is_prod":false,"is_daily":false,"chose_seed":false,"campfire_upgraded":3,"win_rate":0,"timestamp":1532823210,"path_taken":["M","M","?","?","?","E","$","R","T","R","?","E","R","E","R","BOSS","M","?","$","M","?","R","?","M"],"build_version":"2018-07-26","purchased_purges":0,"victory":false,"max_hp_per_floor":[75,75,75,75,75,75,75,75,75,75,75,75,75,75,75,75,75,75,75,75,75,37,37,37,37],"card_choices":[{"not_picked":["Hologram","Sunder"],"picked":"Ball Lightning","floor":1},{"not_picked":["Stack","Conserve Battery"],"picked":"White Noise","floor":2},{"not_picked":["Gash","Beam Cell"],"picked":"Turbo","floor":6},{"not_picked":["Rebound","Turbo"],"picked":"Chill","floor":11},{"not_picked":["Reprogram","Darkness"],"picked":"Redo","floor":12},{"not_picked":["Hologram","Fusion"],"picked":"Redo","floor":14},{"not_picked":["Thunder Strike","All For One"],"picked":"Creative AI","floor":16},{"not_picked":["Leap","Blizzard+1"],"picked":"FTL+1","floor":18},{"not_picked":["Gash","Genetic Algorithm+1"],"picked":"Ball Lightning","floor":19},{"not_picked":["Streamline","Stack"],"picked":"Conserve Battery","floor":21},{"not_picked":["Steam Power","Conserve Battery"],"picked":"Cold Snap","floor":23}],"player_experience":222344,"relics_obtained":[{"floor":6,"key":"Blood Vial"},{"floor":9,"key":"Pen Nib"},{"floor":12,"key":"Dream Catcher"},{"floor":14,"key":"Omamori"}],"event_choices":[{"event_name":"Wheel of Change","player_choice":"Full Heal","floor":3,"damage_taken":0},{"event_name":"World of Goop","player_choice":"Gather Gold","floor":4,"damage_taken":0},{"event_name":"Shining Light","player_choice":"Entered Light","floor":5,"damage_taken":0},{"event_name":"Ghosts","player_choice":"Became a Ghost","floor":22,"damage_taken":0},{"event_name":"Drug Dealer","player_choice":"Ignored","floor":24,"damage_taken":0}],"is_beta":false,"boss_relics":[{"not_picked":["Orrery","Sozu"],"picked":"Nuclear Battery"}],"items_purged_floors":[],"is_endless":false,"potions_floor_spawned":[11],"killed_by":"Sentry and Sphere","ascension_level":5}