{"gold_per_floor":[115,135,135,135,153,153,180,180,180,180,215,234,234,247,247,324,324,342,342,359,45,62,62,94,110,110,128,128,159,169,53,53,131,131,147,147,147,161,161,161,194,194,239,239,271,288,317,317,317,317,317,317,317,93,93],"floor_reached":55,"playtime":3418,"items_purged":["Defend_R"],"score":1981,"play_id":"84d6f080-cb78-46b7-9b9f-21d9d16ba654","local_time":"20190416121917","is_ascension_mode":true,"campfire_choices":[{"data":"Bash","floor":6,"key":"SMITH"},{"data":"Disarm","floor":8,"key":"SMITH"},{"floor":10,"key":"REST"},{"data":"Anger","floor":15,"key":"SMITH"},{"data":"Whirlwind","floor":23,"key":"SMITH"},{"floor":28,"key":"REST"},{"data":"Blood for Blood","floor":32,"key":"SMITH"},{"floor":40,"key":"RECALL"},{"data":"Dual Wield","floor":42,"key":"SMITH"},{"data":"Blind","floor":49,"key":"SMITH"},{"floor":53,"key":"REST"}],"neow_cost":"NONE","seed_source_timestamp":2350921375473000,"circlet_count":0,"master_deck":["AscendersBane","Defend_R","Defend_R","Defend_R+1","Bash+1","Anger+1","Carnage","Disarm+1","Reaper","Blood for Blood+1","Demon Form+1","Battle Trance+1","Bite","Bite","Bite","Bite","Bite","Inflame+1","Whirlwind+1","Dual Wield+1","Warcry+1","Shrug It Off","Feel No Pain+1","Reaper","Heavy Blade+1","Blind+1","Rage","Thunderclap+1","Shrug It Off","Thunderclap"],"relics":["Burning Blood","Bottled Lightning","Letter Opener","Frozen Egg 2","Runic Dome","Mercury Hourglass","Pear","Ornamental Fan","Bottled Tornado","Sozu","Question Card","Pen Nib","Pantograph","Bronze Scales"],"potions_floor_usage":[7,14,18,20,24,30,33,33,45,45],"damage_taken":[{"damage":16,"enemies":"Jaw Worm","floor":1,"turns":4},{"damage":7,"enemies":"Small Slimes","floor":2,"turns":3},{"damage":8,"enemies":"2 Louse","floor":5,"turns":3},{"damage":25,"enemies":"Lagavulin","floor":7,"turns":5},{"damage":8,"enemies":"Gremlin Nob","floor":11,"turns":3},{"damage":3,"enemies":"2 Fungi Beasts","floor":12,"turns":4},{"damage":15,"enemies":"Exordium Thugs","floor":14,"turns":5},{"damage":50,"enemies":"Hexaghost","floor":16,"turns":10},{"damage":28,"enemies":"2 Thieves","floor":18,"turns":4},{"damage":23,"enemies":"3 Byrds","floor":20,"turns":5},{"damage":25,"enemies":"Snake Plant","floor":22,"turns":4},{"damage":24,"enemies":"Gremlin Leader","floor":24,"turns":6},{"damage":37,"enemies":"Centurion and Healer","floor":25,"turns":5},{"damage":30,"enemies":"Sentry and Sphere","floor":27,"turns":4},{"damage":29,"enemies":"Book of Stabbing","floor":29,"turns":4},{"damage":8,"enemies":"Chosen and Byrds","floor":30,"turns":4},{"damage":28,"enemies":"Champ","floor":33,"turns":8},{"damage":13,"enemies":"Orb Walker","floor":35,"turns":3},{"damage":34,"enemies":"3 Shapes","floor":38,"turns":4},{"damage":82,"enemies":"Giant Head","floor":41,"turns":6},{"damage":47,"enemies":"Reptomancer","floor":45,"turns":5},{"damage":35,"enemies":"Spire Growth","floor":46,"turns":5},{"damage":31,"enemies":"Giant Head","floor":47,"turns":5},{"damage":163,"enemies":"Donu and Deca","floor":50,"turns":8},{"damage":104,"enemies":"Awakened One","floor":51,"turns":9},{"damage":104,"enemies":"Shield and Spear","floor":55,"turns":3}],"seed_played":"-6641503303570521625","potions_obtained":[{"floor":5,"key":"EssenceOfSteel"},{"floor":7,"key":"EntropicBrew"},{"floor":12,"key":"Regen Potion"},{"floor":14,"key":"SkillPotion"},{"floor":18,"key":"Energy Potion"},{"floor":22,"key":"Strength Potion"},{"floor":24,"key":"Poison Potion"},{"floor":25,"key":"Fire Potion"},{"floor":30,"key":"Weak Potion"}],"is_trial":false,"path_per_floor":["M","M","?","?","M","R","E","R","T","R","E","M","?","M","R","B",null,"M","?","M","$","M","R","E","M","T","M","R","E","M","$","R","B",null,"M","?","$","M","?","R","E","R","T","?","E","M","E","?","R","B","B",null,"R","$","E"],"character_chosen":"IRONCLAD","items_purchased":["Mercury Hourglass","Inflame+1","Feel No Pain+1","Bronze Scales","Thunderclap"],"campfire_rested":3,"item_purchase_floors":[21,21,31,54,54],"current_hp_per_floor":[65,64,69,43,41,41,22,22,22,48,46,57,50,63,63,25,72,58,58,49,49,50,50,56,54,54,34,55,45,60,60,60,70,70,67,67,67,70,66,66,52,52,52,47,41,44,27,27,27,64,14,53,66,66,0],"gold":93,"neow_bonus":"TEN_PERCENT_HP_BONUS","is_prod":false,"is_daily":false,"chose_seed":false,"campfire_upgraded":7,"win_rate":0,"timestamp":1555413557,"path_taken":["M","M","?","?","M","R","E","R","T","R","E","M","?","M","R","BOSS","M","?","M","$","M","R","E","M","T","M","R","E","M","$","R","BOSS","M","?","$","M","?","R","E","R","T","?","E","M","E","?","R","BOSS","BOSS","R","$","E"],"build_version":"2019-01-23","purchased_purges":1,"victory":false,"max_hp_per_floor":[82,82,87,87,87,87,87,87,87,87,87,87,87,87,87,87,87,87,60,60,60,60,60,70,70,70,70,70,70,70,70,70,70,70,70,70,70,70,66,66,66,66,66,66,66,66,66,66,66,66,66,66,66,66,66],"card_choices":[{"not_picked":["Flex","Shrug It Off"],"picked":"Anger","floor":1},{"not_picked":["Pommel Strike","Cleave"],"picked":"Carnage","floor":2},{"not_picked":["Havoc","Flex","Blood for Blood"],"picked":"SKIP","floor":5},{"not_picked":["Iron Wave","Fiend Fire"],"picked":"Disarm","floor":7},{"not_picked":["Iron Wave","Limit Break"],"picked":"Reaper","floor":11},{"not_picked":["Body Slam","Iron Wave","Sever Soul"],"picked":"SKIP","floor":12},{"not_picked":["Heavy Blade","Flex"],"picked":"Blood for Blood","floor":14},{"not_picked":["Barricade+1","Double Tap"],"picked":"Demon Form+1","floor":16},{"not_picked":["Rupture+1","Cleave"],"picked":"Battle Trance+1","floor":18},{"not_picked":["Warcry","Iron Wave","Uppercut"],"picked":"SKIP","floor":20},{"not_picked":["Cleave","Twin Strike"],"picked":"Whirlwind","floor":22},{"not_picked":["Dropkick","Blood for Blood"],"picked":"Dual Wield","floor":24},{"not_picked":["Infernal Blade","Headbutt"],"picked":"Warcry+1","floor":25},{"not_picked":["Clash","Blood for Blood","Havoc"],"picked":"SKIP","floor":27},{"not_picked":["Anger","Clash"],"picked":"Shrug It Off","floor":29},{"not_picked":["Blood for Blood+1","Seeing Red","Iron Wave"],"picked":"SKIP","floor":30},{"not_picked":["Limit Break","Dark Embrace+1"],"picked":"Reaper","floor":33},{"not_picked":["Pommel Strike","Anger","Wild Strike"],"picked":"SKIP","floor":35},{"not_picked":["Sever Soul","Flex"],"picked":"Heavy Blade+1","floor":38},{"not_picked":["Rupture+1","Perfected Strike","Uppercut"],"picked":"SKIP","floor":41},{"not_picked":["Panache+1","Good Instincts","Trip"],"picked":"Blind","floor":44},{"not_picked":["Perfected Strike","Blood for Blood","Body Slam"],"picked":"Rage","floor":45},{"not_picked":["True Grit","Dual Wield+1","Anger"],"picked":"Thunderclap+1","floor":46},{"not_picked":["Perfected Strike","Carnage","Clothesline"],"picked":"Shrug It Off","floor":47}],"player_experience":2765324,"relics_obtained":[{"floor":7,"key":"Bottled Lightning"},{"floor":9,"key":"Letter Opener"},{"floor":11,"key":"Frozen Egg 2"},{"floor":24,"key":"Pear"},{"floor":26,"key":"Ornamental Fan"},{"floor":29,"key":"Bottled Tornado"},{"floor":41,"key":"Question Card"},{"floor":45,"key":"Pen Nib"},{"floor":47,"key":"Pantograph"}],"event_choices":[{"damage_healed":0,"gold_gain":0,"player_choice":"Donut","damage_taken":0,"max_hp_gain":5,"max_hp_loss":0,"event_name":"Big Fish","floor":3,"gold_loss":0},{"damage_healed":0,"gold_gain":0,"player_choice":"Entered Light","damage_taken":26,"max_hp_gain":0,"max_hp_loss":0,"event_name":"Shining Light","floor":4,"gold_loss":0,"cards_upgraded":["Defend_R","Strike_R"]},{"cards_removed":["Strike_R"],"damage_healed":0,"gold_gain":0,"player_choice":"Card Removal","damage_taken":7,"max_hp_gain":0,"max_hp_loss":0,"event_name":"Golden Wing","floor":13,"gold_loss":0},{"damage_healed":0,"gold_gain":0,"player_choice":"Became a vampire","damage_taken":0,"max_hp_gain":0,"max_hp_loss":27,"event_name":"Vampires","floor":19,"gold_loss":0,"cards_obtained":["Bite","Bite","Bite","Bite","Bite"]},{"damage_healed":0,"gold_gain":0,"player_choice":"Ignored","damage_taken":0,"max_hp_gain":0,"max_hp_loss":0,"event_name":"Tomb of Lord Red Mask","floor":36,"gold_loss":0},{"damage_healed":0,"gold_gain":0,"player_choice":"Max HP","damage_taken":0,"max_hp_gain":0,"max_hp_loss":4,"event_name":"Winding Halls","floor":39,"gold_loss":0},{"damage_healed":0,"gold_gain":0,"player_choice":"Memory 2","damage_taken":5,"max_hp_gain":0,"max_hp_loss":0,"event_name":"SensoryStone","floor":44,"gold_loss":0},{"damage_healed":0,"gold_gain":0,"player_choice":"Ignored","damage_taken":0,"max_hp_gain":0,"max_hp_loss":0,"event_name":"Mysterious Sphere","floor":48,"gold_loss":0}],"is_beta":false,"boss_relics":[{"not_picked":["Orrery","Pandora\u0027s Box"],"picked":"Runic Dome"},{"not_picked":["Busted Crown","Velvet Choker"],"picked":"Sozu"}],"items_purged_floors":[31],"is_endless":false,"potions_floor_spawned":[5,7,12,14,18,22,24,25,30,38,41],"killed_by":"Shield and Spear","ascension_level":20}