{"gold_per_floor":[209,209,224,0,18,18,50,65,65,27,27,27,44,71,71,148,148,148,148,148,148,148,148,148,148,148,148,148,148,148,148,148,148,148,148,148,37,37,37,37,37,37,37,37,37,37,37,37,37,37],"floor_reached":51,"playtime":2819,"items_purged":["Strike_B"],"score":1217,"play_id":"09789c68-1155-457e-8a51-78ca02ac217b","local_time":"20180921082402","is_ascension_mode":true,"campfire_choices":[{"floor":6.0,"key":"REST"},{"floor":11.0,"key":"REST"},{"data":"Zap","floor":15.0,"key":"SMITH"},{"data":"Hologram","floor":23,"key":"SMITH"},{"floor":27,"key":"REST"},{"floor":29,"key":"REST"},{"data":"Buffer","floor":32,"key":"SMITH"},{"data":"Fission","floor":40,"key":"SMITH"},{"data":"Thunder Strike","floor":44,"key":"SMITH"},{"floor":49,"key":"REST"}],"neow_cost":"NONE","seed_source_timestamp":1455691908864,"circlet_count":0,"master_deck":["Strike_B","Strike_B+1","Strike_B+1","Defend_B+1","Defend_B","Defend_B","Defend_B+1","Zap+1","Dualcast","AscendersBane","Compile Driver","Cold Snap","Electrodynamics","Ball Lightning","Leap","Conserve Battery","Self Repair","Reinforced Body","Buffer+1","Thunder Strike+1","Hologram+1","RitualDagger","Reprogram","Coolheaded","Defragment+1","Coolheaded+1","Fission+1","Glacier","Skim","Force Field"],"special_seed":0,"relics":["Cracked Core","War Paint","Happy Flower","Sundial","Bird Faced Urn","Ectoplasm","Red Mask","Dream Catcher","Centennial Puzzle","DataDisk","Inserter","Ornamental Fan","Unceasing Top"],"potions_floor_usage":[24,25,45,47,50],"damage_taken":[{"damage":8.0,"enemies":"2 Louse","floor":1.0,"turns":3.0},{"damage":9.0,"enemies":"Jaw Worm","floor":3.0,"turns":3.0},{"damage":0.0,"enemies":"Cultist","floor":5.0,"turns":3.0},{"damage":12.0,"enemies":"3 Sentries","floor":7.0,"turns":4.0},{"damage":18.0,"enemies":"Exordium Wildlife","floor":8.0,"turns":4.0},{"damage":1.0,"enemies":"Blue Slaver","floor":13.0,"turns":3.0},{"damage":3.0,"enemies":"Lagavulin","floor":14.0,"turns":7.0},{"damage":33.0,"enemies":"Slime Boss","floor":16.0,"turns":8.0},{"damage":7.0,"enemies":"Shell Parasite","floor":18.0,"turns":6.0},{"damage":2.0,"enemies":"Spheric Guardian","floor":19.0,"turns":5.0},{"damage":7,"enemies":"3 Cultists","floor":21,"turns":4},{"damage":12,"enemies":"Centurion and Healer","floor":22,"turns":9},{"damage":14,"enemies":"Masked Bandits","floor":24,"turns":4},{"damage":39,"enemies":"Book of Stabbing","floor":25,"turns":7},{"damage":21,"enemies":"Slavers","floor":28,"turns":5},{"damage":23,"enemies":"Snake Plant","floor":30,"turns":4},{"damage":2,"enemies":"3 Cultists","floor":31,"turns":4},{"damage":25,"enemies":"Automaton","floor":33,"turns":11},{"damage":32,"enemies":"3 Darklings","floor":35,"turns":4},{"damage":3,"enemies":"Orb Walker","floor":36,"turns":3},{"damage":0,"enemies":"Sphere and 2 Shapes","floor":38,"turns":5},{"damage":0,"enemies":"4 Shapes","floor":39,"turns":6},{"damage":6,"enemies":"Reptomancer","floor":42,"turns":5},{"damage":0,"enemies":"Transient","floor":45,"turns":5},{"damage":3,"enemies":"Maw","floor":47,"turns":9},{"damage":25,"enemies":"2 Orb Walkers","floor":48,"turns":5},{"damage":28,"enemies":"Awakened One","floor":50,"turns":22}],"seed_played":"-4044480953046880314","potions_obtained":[{"floor":3.0,"key":"FearPotion"},{"floor":5.0,"key":"SteroidPotion"},{"floor":12.0,"key":"PowerPotion"},{"floor":19.0,"key":"Dexterity Potion"},{"floor":21,"key":"AttackPotion"},{"floor":22,"key":"PowerPotion"},{"floor":30,"key":"FearPotion"},{"floor":39,"key":"FearPotion"},{"floor":45,"key":"Swift Potion"}],"is_trial":false,"path_per_floor":["M","?","M","$","M","R","E","M","T","$","R","?","M","E","R","B",null,"M","M","?","M","M","R","?","E","T","R","E","R","M","M","R","B",null,"M","M","$","M","M","R","?","M","T","R","M","$","M","E","R","B"],"character_chosen":"DEFECT","items_purchased":["Electrodynamics","War Paint","Self Repair","Glacier"],"campfire_rested":5,"item_purchase_floors":[4,4,10,37],"current_hp_per_floor":[56,35,26,26,26,47,35,17,17,17,38,38,44,48,48,28,60,64,71,65,71,68,68,64,36,36,57,49,70,61,71,71,55,67,50,62,62,71,71,71,67,67,67,67,67,67,67,51,67,50],"gold":37,"neow_bonus":"HUNDRED_GOLD","is_prod":false,"is_daily":false,"chose_seed":false,"campfire_upgraded":5,"win_rate":0,"timestamp":1537543442,"path_taken":["M","?","M","$","M","R","E","M","T","?","R","?","?","E","R","BOSS","M","?","?","M","M","R","?","E","T","R","E","R","M","M","R","BOSS","M","M","$","?","M","R","?","M","T","R","M","$","M","E","R","BOSS"],"build_version":"2018-09-20","purchased_purges":1,"victory":true,"max_hp_per_floor":[71,71,71,71,71,71,71,71,71,71,71,71,71,71,71,71,71,71,71,71,71,71,71,71,71,71,71,71,71,71,71,71,71,71,71,71,71,71,71,71,67,67,67,67,67,67,67,67,67,67],"card_choices":[{"not_picked":["Steam","Barrage"],"picked":"Compile Driver","floor":1.0},{"not_picked":["Compile Driver","Gash"],"picked":"Cold Snap","floor":3.0},{"not_picked":["Go for the Eyes","Hyperbeam"],"picked":"Ball Lightning","floor":5.0},{"not_picked":["Beam Cell","Coolheaded"],"picked":"Leap","floor":7.0},{"not_picked":["Go for the Eyes","Lockon"],"picked":"Conserve Battery","floor":8.0},{"not_picked":["Recycle","Barrage"],"picked":"Reinforced Body","floor":13.0},{"not_picked":["Turbo","Beam Cell"],"picked":"Buffer","floor":14.0},{"not_picked":["Meteor Strike","Creative AI"],"picked":"Thunder Strike","floor":16.0},{"not_picked":["Turbo","Storm","Stack"],"picked":"SKIP","floor":18.0},{"not_picked":["Rebound","Redo"],"picked":"Hologram","floor":19.0},{"not_picked":["Go for the Eyes","Barrage"],"picked":"Reprogram","floor":21},{"not_picked":["Hello World","Beam Cell","Turbo"],"picked":"SKIP","floor":22},{"not_picked":["Go for the Eyes","Recycle"],"picked":"Coolheaded","floor":24},{"not_picked":["Amplify","Blizzard","Hyperbeam"],"picked":"SKIP","floor":25},{"not_picked":["Compile Driver","Undo"],"picked":"Defragment+1","floor":28},{"not_picked":["Tempest","Compile Driver"],"picked":"Coolheaded+1","floor":29},{"not_picked":["Conserve Battery","Streamline","Blizzard+1"],"picked":"SKIP","floor":30},{"not_picked":["Sunder","Cold Snap","Beam Cell+1"],"picked":"SKIP","floor":31},{"not_picked":["Core Surge","Reboot"],"picked":"Fission","floor":33},{"not_picked":["Rebound","Streamline","Redo"],"picked":"SKIP","floor":35},{"not_picked":["Beam Cell","Coolheaded","Redo"],"picked":"SKIP","floor":36},{"not_picked":["Beam Cell","Sweeping Beam"],"picked":"Skim","floor":38},{"not_picked":["Storm+1","Undo","Turbo+1"],"picked":"SKIP","floor":39},{"not_picked":["Beam Cell","Hologram","Genetic Algorithm"],"picked":"SKIP","floor":42},{"not_picked":["Beam Cell","Hologram","Genetic Algorithm"],"picked":"SKIP","floor":42},{"not_picked":["Hello World","Ball Lightning","Leap"],"picked":"SKIP","floor":45},{"not_picked":["Hologram","Turbo","Coolheaded"],"picked":"SKIP","floor":47},{"not_picked":["Storm","Hello World"],"picked":"Force Field","floor":48}],"player_experience":1181491,"relics_obtained":[{"floor":7.0,"key":"Happy Flower"},{"floor":9.0,"key":"Sundial"},{"floor":14.0,"key":"Bird Faced Urn"},{"floor":24,"key":"Red Mask"},{"floor":25,"key":"Dream Catcher"},{"floor":26,"key":"Centennial Puzzle"},{"floor":28,"key":"DataDisk"},{"floor":43,"key":"Ornamental Fan"},{"floor":48,"key":"Unceasing Top"}],"event_choices":[{"event_name":"Shining Light","player_choice":"Entered Light","floor":2.0,"damage_taken":0.0},{"event_name":"The Lab","player_choice":"Got Potions","floor":12.0,"damage_taken":0.0},{"event_name":"Nest","player_choice":"Joined the Cult","floor":20,"damage_taken":0},{"event_name":"Masked Bandits","player_choice":"Fought Bandits","floor":24,"damage_taken":0},{"event_name":"Winding Halls","player_choice":"Max HP","floor":41,"damage_taken":0}],"is_beta":false,"boss_relics":[{"not_picked":["Orrery","FrozenCore"],"picked":"Ectoplasm"},{"not_picked":["Eternal Feather","Calling Bell"],"picked":"Inserter"}],"items_purged_floors":[37],"is_endless":false,"potions_floor_spawned":[3,5,8,19,21,22,30,39,45],"ascension_level":15}