{"gold_per_floor":[114,114,114,114,43,73,73,104,149,34,46,110,10,39,39,111,111,130,51,67,78,128,156,156,186,210,244,244,254,282,332,332,409,409,420,491,438,438,455,486,497,508,533,533,394,394,419,180,180,180],"floor_reached":51,"playtime":3569,"items_purged":["Sweeping Beam","Gash"],"score":1709,"play_id":"e6fcd17f-b8eb-4184-aacf-1fa747c81925","local_time":"20180720203143","daily_mods":["Draft"],"is_ascension_mode":true,"campfire_choices":[{"floor":7.0,"key":"REST"},{"data":"Defragment","floor":15.0,"key":"SMITH"},{"data":"Defragment","floor":24.0,"key":"SMITH"},{"data":"Force Field","floor":28.0,"key":"SMITH"},{"data":"Defragment","floor":32,"key":"SMITH"},{"data":"Hologram","floor":44,"key":"SMITH"},{"data":"Defragment","floor":49,"key":"SMITH"}],"neow_cost":"","seed_source_timestamp":0,"circlet_count":0,"master_deck":["AscendersBane","Ball Lightning+1","Defragment+1","Ball Lightning","Ball Lightning+1","Ball Lightning","Conserve Battery+1","Cold Snap+1","Genetic Algorithm","Defragment+1","Force Field+1","Heatsinks","Beam Cell","Coolheaded","Hologram+1","Coolheaded","Leap","Conserve Battery","Defragment+1","Turbo","BootSequence","Self Repair","Skim","Defragment+1","Conserve Battery+1","Defragment+1","Reinforced Body+1"],"special_seed":0,"relics":["Cracked Core","Centennial Puzzle","Bag of Marbles","Kunai","Potion Belt","Tiny Chest","Girya","Coffee Dripper","Darkstone Periapt","Pear","Omamori","Whetstone","Dream Catcher","Busted Crown","Toxic Egg 2","Bird Faced Urn","Boot","Anchor","Juzu Bracelet","Bottled Tornado"],"potions_floor_usage":[33,40,47,50,50],"damage_taken":[{"damage":3.0,"enemies":"Jaw Worm","floor":1.0,"turns":2.0},{"damage":17.0,"enemies":"3 Sentries","floor":6.0,"turns":5.0},{"damage":0.0,"enemies":"Lagavulin","floor":8.0,"turns":5.0},{"damage":0.0,"enemies":"Cultist","floor":11.0,"turns":2.0},{"damage":5.0,"enemies":"3 Sentries","floor":12.0,"turns":4.0},{"damage":0.0,"enemies":"Lagavulin","floor":14.0,"turns":6.0},{"damage":3.0,"enemies":"Hexaghost","floor":16.0,"turns":8.0},{"damage":0.0,"enemies":"Shell Parasite","floor":18.0,"turns":4.0},{"damage":0.0,"enemies":"Chosen","floor":20.0,"turns":3.0},{"damage":3.0,"enemies":"Snecko","floor":21.0,"turns":4.0},{"damage":24.0,"enemies":"Slavers","floor":23.0,"turns":6.0},{"damage":0.0,"enemies":"Gremlin Leader","floor":25.0,"turns":7.0},{"damage":0.0,"enemies":"Book of Stabbing","floor":27.0,"turns":5.0},{"damage":18.0,"enemies":"Snake Plant","floor":29.0,"turns":3.0},{"damage":8.0,"enemies":"Gremlin Leader","floor":30.0,"turns":7.0},{"damage":0,"enemies":"Champ","floor":33,"turns":8},{"damage":0,"enemies":"Orb Walker","floor":35,"turns":3},{"damage":0,"floor":38,"turns":5},{"damage":0,"enemies":"3 Darklings","floor":39,"turns":6},{"damage":45,"enemies":"Giant Head","floor":40,"turns":9},{"damage":0,"enemies":"4 Shapes","floor":41,"turns":5},{"damage":0,"enemies":"Flame Bruiser 2 Orb","floor":42,"turns":5},{"damage":10,"enemies":"2 Orb Walkers","floor":47,"turns":5},{"damage":6,"enemies":"Time Eater","floor":50,"turns":12}],"seed_played":"2408238934926511987","potions_obtained":[{"floor":11.0,"key":"FairyPotion"},{"floor":14.0,"key":"Ancient Potion"},{"floor":16.0,"key":"Swift Potion"},{"floor":20.0,"key":"Explosive Potion"},{"floor":23.0,"key":"Dexterity Potion"},{"floor":30.0,"key":"Dexterity Potion"},{"floor":33,"key":"PowerPotion"},{"floor":35,"key":"Explosive Potion"},{"floor":38,"key":"Block Potion"},{"floor":40,"key":"Fire Potion"}],"is_trial":true,"path_per_floor":["M","?","?","?","$","E","R","E","T","$","M","E","$","E","R","B",null,"M","$","M","M","?","E","R","E","T","E","R","M","E","?","R","B",null,"M","T","$","?","M","E","M","M","T","R","$","?","E","$","R","B"],"character_chosen":"DEFECT","items_purchased":["Hologram","Coolheaded","Defragment","Self Repair","Conserve Battery+1","Defragment","Reinforced Body+1","Bottled Tornado"],"campfire_rested":1,"item_purchase_floors":[5,5,10,19,37,45,45,48],"current_hp_per_floor":[61,56,35,35,35,18,39,39,39,39,39,34,34,34,34,31,61,61,61,68,71,71,54,54,71,71,78,78,67,66,66,66,73,79,81,81,81,81,81,43,62,81,81,81,81,81,81,81,81,81],"gold":180,"neow_bonus":"","is_prod":false,"is_daily":false,"chose_seed":false,"campfire_upgraded":6,"win_rate":0,"timestamp":1532143903,"path_taken":["M","?","?","?","$","E","R","E","T","$","M","E","$","E","R","BOSS","M","$","M","M","?","E","R","E","T","E","R","?","E","?","R","BOSS","M","?","$","?","M","E","M","M","T","R","$","?","E","$","R","BOSS"],"build_version":"2018-07-19v2","purchased_purges":2,"victory":true,"max_hp_per_floor":[71,71,71,71,71,71,71,71,71,71,71,71,71,71,71,71,71,71,71,71,71,71,71,71,81,81,81,81,81,81,81,81,81,81,81,81,81,81,81,81,81,81,81,81,81,81,81,81,81,81],"card_choices":[{"not_picked":["Beam Cell","Redo"],"picked":"Ball Lightning","floor":0.0},{"not_picked":["Reprogram","Double Energy"],"picked":"Sweeping Beam","floor":0.0},{"not_picked":["Consume","Barrage"],"picked":"Defragment","floor":0.0},{"not_picked":["Sweeping Beam","Redo"],"picked":"Ball Lightning","floor":0.0},{"not_picked":["Melter","Coolheaded"],"picked":"Ball Lightning","floor":0.0},{"not_picked":["Compile Driver","Redo"],"picked":"Ball Lightning","floor":0.0},{"not_picked":["Streamline","Rip and Tear"],"picked":"Gash","floor":0.0},{"not_picked":["Go for the Eyes","Streamline"],"picked":"Conserve Battery","floor":0.0},{"not_picked":["Consume","Barrage"],"picked":"Cold Snap","floor":0.0},{"not_picked":["Cold Snap","Barrage"],"picked":"Genetic Algorithm","floor":0.0},{"not_picked":["Stack","Heatsinks"],"picked":"Defragment","floor":0.0},{"not_picked":["Blizzard","Lockon"],"picked":"Force Field","floor":0.0},{"not_picked":["Hello World","Streamline"],"picked":"Heatsinks","floor":0.0},{"not_picked":["Gash","Tempest"],"picked":"Beam Cell","floor":0.0},{"not_picked":["Chill","Hologram"],"picked":"Coolheaded","floor":0.0},{"not_picked":["Streamline","Aggregate","Beam Cell"],"picked":"SKIP","floor":1.0},{"not_picked":["Lockon","Beam Cell"],"picked":"Leap","floor":6.0},{"not_picked":["Turbo","Cold Snap"],"picked":"Conserve Battery","floor":8.0},{"not_picked":["Go for the Eyes","Gash"],"picked":"Turbo","floor":11.0},{"not_picked":["Steam","Double Energy","Undo"],"picked":"SKIP","floor":12.0},{"not_picked":["Beam Cell","Compile Driver","Genetic Algorithm"],"picked":"SKIP","floor":14.0},{"not_picked":["Coolheaded+1","FTL"],"picked":"BootSequence","floor":18.0},{"not_picked":["Hologram","Melter","Conserve Battery"],"picked":"SKIP","floor":20.0},{"not_picked":["Rebound","Go for the Eyes"],"picked":"Skim","floor":21.0},{"not_picked":["Sweeping Beam","Turbo+1","Coolheaded"],"picked":"SKIP","floor":23.0},{"not_picked":["Steam Power","Rebound","Compile Driver"],"picked":"SKIP","floor":25.0},{"not_picked":["Hologram","Barrage+1","Sunder"],"picked":"SKIP","floor":27.0},{"not_picked":["Hyperbeam","Coolheaded","Fusion"],"picked":"SKIP","floor":29.0},{"not_picked":["Stack","Ball Lightning"],"picked":"Defragment","floor":30.0},{"not_picked":["Aggregate"],"picked":"SKIP","floor":35},{"not_picked":["Turbo+1"],"picked":"SKIP","floor":39},{"not_picked":["Rip and Tear"],"picked":"SKIP","floor":40},{"not_picked":["Ball Lightning"],"picked":"SKIP","floor":41},{"not_picked":["Barrage+1"],"picked":"SKIP","floor":42},{"not_picked":["Double Energy+1"],"picked":"SKIP","floor":47}],"player_experience":823344,"relics_obtained":[{"floor":6.0,"key":"Bag of Marbles"},{"floor":8.0,"key":"Kunai"},{"floor":9.0,"key":"Potion Belt"},{"floor":12.0,"key":"Tiny Chest"},{"floor":14.0,"key":"Girya"},{"floor":23.0,"key":"Darkstone Periapt"},{"floor":25.0,"key":"Pear"},{"floor":26.0,"key":"Omamori"},{"floor":27.0,"key":"Whetstone"},{"floor":30.0,"key":"Dream Catcher"},{"floor":36,"key":"Toxic Egg 2"},{"floor":38,"key":"Bird Faced Urn"},{"floor":40,"key":"Boot"},{"floor":43,"key":"Anchor"},{"floor":47,"key":"Juzu Bracelet"}],"event_choices":[{"event_name":"Scrap Ooze","player_choice":"success","floor":2.0,"damage_taken":5.0},{"event_name":"Shining Light","player_choice":"Entered Light","floor":3.0,"damage_taken":0.0},{"event_name":"Living Wall","player_choice":"Grow","floor":4.0,"damage_taken":0.0},{"event_name":"Nest","player_choice":"Stole From Cult","floor":22.0,"damage_taken":0.0},{"event_name":"The Joust","player_choice":"Bet on Murderer","floor":31.0,"damage_taken":0.0},{"event_name":"MindBloom","player_choice":"Fight","floor":38,"damage_taken":0},{"event_name":"Winding Halls","player_choice":"Writhe","floor":46,"damage_taken":0}],"is_beta":false,"boss_relics":[{"not_picked":["White Beast Statue","FrozenCore"],"picked":"Coffee Dripper"},{"not_picked":["Runic Pyramid","Lizard Tail"],"picked":"Busted Crown"}],"items_purged_floors":[10,13],"is_endless":false,"potions_floor_spawned":[11,14,16,20,23,30,33,35,38,40],"ascension_level":15}