{"path_per_floor":["M","?","M","M","M","E","R","E","T","E","M","R","E","M","R","B",null,"M","M","$","M","?","E","$","R","T","E","?","E","R","M","R","B",null,"M","M","?","M","$","E","M","R","T","E","?","M","$","M","R","B"],"character_chosen":"DEFECT","items_purchased":["Apotheosis","Self Repair","All For One","FocusPotion","Dexterity Potion","Multi-Cast+1","Ornamental Fan"],"gold_per_floor":[116,116,130,150,162,189,189,222,222,257,268,268,295,311,311,413,413,425,436,173,190,190,223,223,223,248,273,273,335,335,353,353,448,448,461,477,477,489,208,241,251,251,328,359,359,377,66,85,85,85],"floor_reached":51,"campfire_rested":1,"playtime":4257,"item_purchase_floors":[20,20,39,39,39,47,47],"current_hp_per_floor":[65,70,70,70,59,45,69,69,69,65,65,65,65,65,65,52,73,73,64,64,72,72,78,78,78,78,80,80,75,75,80,80,79,80,80,80,80,77,77,80,80,80,80,72,72,77,77,80,80,80],"items_purged":[],"gold":85,"score":1236,"play_id":"f1505b90-1ae0-4265-b1db-bc8c889a3c0d","local_time":"20180619212219","daily_mods":["Draft"],"is_prod":false,"is_daily":false,"chose_seed":true,"is_ascension_mode":true,"campfire_upgraded":7,"win_rate":0,"timestamp":1529468539,"campfire_choices":[{"floor":7,"key":"REST"},{"data":"Glacier","floor":12,"key":"SMITH"},{"data":"Skim","floor":15,"key":"SMITH"},{"data":"Apotheosis","floor":25,"key":"SMITH"},{"data":"Go for the Eyes","floor":30,"key":"SMITH"},{"data":"Sunder","floor":32,"key":"SMITH"},{"data":"Beam Cell","floor":42,"key":"SMITH"},{"data":"All For One","floor":49,"key":"SMITH"}],"path_taken":["M","?","M","M","M","E","R","E","T","E","M","R","E","M","R","BOSS","M","M","$","M","?","E","$","R","T","E","?","E","R","M","R","BOSS","M","M","?","M","$","E","M","R","T","E","?","M","$","M","R","BOSS"],"build_version":"2018-06-14v2","seed_source_timestamp":122073463943121,"purchased_purges":0,"victory":true,"master_deck":["Steam","Cold Snap","Gash","Gash","Gash","Compile Driver","Go for the Eyes+1","Beam Cell+1","Gash","Sunder+1","Glacier+1","Reinforced Body","Static Discharge","Cold Snap","Defragment","FTL","Conserve Battery","Conserve Battery","FTL","Reinforced Body+1","Skim+1","Biased Cognition","Leap+1","Apotheosis+1","Self Repair","Reboot","All For One+1","Steam+1","Gash+1","Go for the Eyes+1","Coolheaded+1","Jack Of All Trades+1","Leap+1","Stack+1","Multi-Cast+1","All For One","Leap+1"],"max_hp_per_floor":[75,80,80,80,80,80,80,80,80,80,80,80,80,80,80,80,80,80,80,80,80,80,80,80,80,80,80,80,80,80,80,80,80,80,80,80,80,80,80,80,80,80,80,80,80,80,80,80,80,80],"special_seed":20635678,"relics":["Cracked Core","Ice Cream","Symbiotic Virus","Bottled Lightning","Gremlin Horn","Calipers","Black Star","Pen Nib","Regal Pillow","War Paint","Potion Belt","Bag of Marbles","Anchor","Tiny Chest","White Beast Statue","Prayer Wheel","Gambling Chip","Toxic Egg 2","Omamori","Orichalcum","Ornamental Fan"],"card_choices":[{"not_picked":["Stack","Heatsinks"],"picked":"Steam","floor":0},{"not_picked":["Storm","Sweeping Beam"],"picked":"Cold Snap","floor":0},{"not_picked":["Steam","Compile Driver"],"picked":"Gash","floor":0},{"not_picked":["Fusion","Defragment"],"picked":"Gash","floor":0},{"not_picked":["Doom and Gloom","Go for the Eyes"],"picked":"Gash","floor":0},{"not_picked":["Stack","Double Energy"],"picked":"Compile Driver","floor":0},{"not_picked":["Rebound","Streamline"],"picked":"Go for the Eyes","floor":0},{"not_picked":["Undo","Conserve Battery"],"picked":"Beam Cell","floor":0},{"not_picked":["Streamline","Skim"],"picked":"Gash","floor":0},{"not_picked":["Fusion","Compile Driver"],"picked":"Darkness","floor":0},{"not_picked":["Barrage","Melter"],"picked":"Sunder","floor":0},{"not_picked":["Compile Driver","Gash"],"picked":"Glacier","floor":0},{"not_picked":["Darkness","Ball Lightning"],"picked":"Reinforced Body","floor":0},{"not_picked":["Barrage","Blizzard"],"picked":"Static Discharge","floor":0},{"not_picked":["Go for the Eyes","Glacier"],"picked":"Cold Snap","floor":0},{"not_picked":["Steam Power","Stack"],"picked":"Chill","floor":1},{"not_picked":["Sweeping Beam","Heatsinks"],"picked":"Defragment","floor":3},{"not_picked":["Leap","Aggregate"],"picked":"FTL","floor":4},{"not_picked":["Leap","Stack"],"picked":"Conserve Battery","floor":5},{"not_picked":["Undo","Turbo","Sweeping Beam"],"picked":"SKIP","floor":6},{"not_picked":["Buffer","Turbo"],"picked":"Conserve Battery","floor":8},{"not_picked":["Chaos","Blizzard"],"picked":"FTL","floor":10},{"not_picked":["Sunder","Double Energy"],"picked":"Reinforced Body","floor":11},{"not_picked":["Leap","Hologram"],"picked":"Skim","floor":13},{"not_picked":["Stack","Sweeping Beam","Compile Driver"],"picked":"SKIP","floor":14},{"not_picked":["Rainbow","Thunder Strike"],"picked":"Biased Cognition","floor":16},{"not_picked":["Steam","Defragment+1","Capacitor"],"picked":"SKIP","floor":18},{"not_picked":["Streamline","Compile Driver+1"],"picked":"Leap+1","floor":19},{"not_picked":["Leap+1","Chill+1","Rebound"],"picked":"SKIP","floor":21},{"not_picked":["Sweeping Beam","Conserve Battery","Compile Driver"],"picked":"SKIP","floor":23},{"not_picked":["Darkness","Melter","Undo"],"picked":"SKIP","floor":27},{"not_picked":["Genetic Algorithm","Coolheaded"],"picked":"Reboot","floor":29},{"not_picked":["Steam+1","Rebound","Hyperbeam"],"picked":"SKIP","floor":31},{"not_picked":["Compile Driver+1","Rebound","Loop+1"],"picked":"SKIP","floor":35},{"not_picked":["Auto Shields+1","Rebound+1","Tempest+1"],"picked":"SKIP","floor":36},{"not_picked":["Darkness+1","Steam+1","Static Discharge+1"],"picked":"SKIP","floor":38},{"not_picked":["Rebound","Redo+1"],"picked":"Steam+1","floor":40},{"not_picked":["Streamline+1","Cold Snap"],"picked":"Gash+1","floor":41},{"not_picked":["Melter","Coolheaded"],"picked":"Go for the Eyes+1","floor":41},{"not_picked":["Lockon+1","Fission+1"],"picked":"Coolheaded+1","floor":44},{"not_picked":["Enlightenment+1","Purity+1"],"picked":"Jack Of All Trades+1","floor":45},{"not_picked":["Hello World","Rebound+1"],"picked":"Leap+1","floor":46},{"not_picked":["Leap+1","Beam Cell+1"],"picked":"Stack+1","floor":46},{"not_picked":["Steam+1","Loop+1"],"picked":"All For One","floor":48},{"not_picked":["Barrage","Static Discharge"],"picked":"Leap+1","floor":48}],"player_experience":579846,"potions_floor_usage":[8,31,40,46,50,50,50,50,50],"damage_taken":[{"damage":3,"enemies":"2 Louse","floor":1,"turns":2},{"damage":0,"enemies":"Small Slimes","floor":3,"turns":2},{"damage":0,"enemies":"Jaw Worm","floor":4,"turns":3},{"damage":11,"enemies":"Blue Slaver","floor":5,"turns":2},{"damage":14,"enemies":"Gremlin Nob","floor":6,"turns":3},{"damage":0,"enemies":"Lagavulin","floor":8,"turns":3},{"damage":4,"enemies":"3 Sentries","floor":10,"turns":4},{"damage":0,"enemies":"2 Fungi Beasts","floor":11,"turns":2},{"damage":0,"enemies":"Lagavulin","floor":13,"turns":6},{"damage":0,"enemies":"Exordium Thugs","floor":14,"turns":2},{"damage":13,"enemies":"Hexaghost","floor":16,"turns":7},{"damage":0,"enemies":"Chosen","floor":18,"turns":5},{"damage":9,"enemies":"Spheric Guardian","floor":19,"turns":4},{"damage":2,"enemies":"Chosen and Byrds","floor":21,"turns":6},{"damage":1,"enemies":"Gremlin Leader","floor":23,"turns":9},{"damage":2,"enemies":"Book of Stabbing","floor":27,"turns":6},{"damage":12,"enemies":"Gremlin Leader","floor":29,"turns":7},{"damage":0,"enemies":"Snecko","floor":31,"turns":4},{"damage":8,"enemies":"Automaton","floor":33,"turns":9},{"damage":2,"enemies":"Orb Walker","floor":35,"turns":3},{"damage":2,"enemies":"3 Darklings","floor":36,"turns":6},{"damage":10,"enemies":"Sphere and 2 Shapes","floor":38,"turns":7},{"damage":5,"enemies":"Nemesis","floor":40,"turns":9},{"damage":0,"enemies":"4 Shapes","floor":41,"turns":6},{"damage":15,"enemies":"Giant Head","floor":44,"turns":6},{"damage":6,"enemies":"Maw","floor":46,"turns":7},{"damage":0,"enemies":"Sphere and 2 Shapes","floor":48,"turns":3},{"damage":0,"enemies":"Time Eater","floor":50,"turns":6}],"relics_obtained":[{"floor":6,"key":"Ice Cream"},{"floor":8,"key":"Symbiotic Virus"},{"floor":9,"key":"Bottled Lightning"},{"floor":10,"key":"Gremlin Horn"},{"floor":13,"key":"Calipers"},{"floor":23,"key":"Pen Nib"},{"floor":23,"key":"Regal Pillow"},{"floor":26,"key":"War Paint"},{"floor":27,"key":"Potion Belt"},{"floor":27,"key":"Bag of Marbles"},{"floor":29,"key":"Anchor"},{"floor":29,"key":"Tiny Chest"},{"floor":40,"key":"Prayer Wheel"},{"floor":40,"key":"Gambling Chip"},{"floor":43,"key":"Toxic Egg 2"},{"floor":44,"key":"Omamori"},{"floor":44,"key":"Orichalcum"}],"event_choices":[{"event_name":"Big Fish","player_choice":"Donut","floor":2,"damage_taken":0},{"event_name":"Back to Basics","player_choice":"Elegance","floor":22,"damage_taken":0},{"event_name":"Vampires","player_choice":"Ignored","floor":28,"damage_taken":0},{"event_name":"Wheel of Change","player_choice":"Card Removal","floor":37,"damage_taken":0},{"event_name":"SensoryStone","player_choice":"Memory 1","floor":45,"damage_taken":0}],"boss_relics":[{"not_picked":["Philosopher\u0027s Stone","Coffee Dripper"],"picked":"Black Star"},{"not_picked":["Busted Crown","Velvet Choker"],"picked":"White Beast Statue"}],"items_purged_floors":[],"is_endless":false,"potions_floor_spawned":[3,5,8,11,16,19,21,23,35,36,38,40,41,44,46,48],"seed_played":"-6610786445674794266","ascension_level":8,"potions_obtained":[{"floor":3,"key":"Ancient Potion"},{"floor":5,"key":"Fire Potion"},{"floor":8,"key":"Block Potion"},{"floor":11,"key":"Block Potion"},{"floor":19,"key":"Regen Potion"},{"floor":35,"key":"FocusPotion"},{"floor":36,"key":"SmokeBomb"},{"floor":38,"key":"Weak Potion"},{"floor":40,"key":"LiquidBronze"},{"floor":46,"key":"FocusPotion"}],"is_trial":true}