{"gold_per_floor":[112,122,122,122,136,136,170,170,170,170,170,193,231,231,231,330,330,348,368,388,588,17,17,51,66,66,105,105,118,118,16,16,110,110,129,3,3,3,28,28,67,67,120,120,23,48,48,68,68,68],"floor_reached":51,"playtime":3378,"items_purged":["Regret"],"score":1301,"play_id":"c6911899-cbbc-488e-b376-a41c39e8abf9","local_time":"20190110003941","is_ascension_mode":true,"campfire_choices":[{"data":"Mind Blast","floor":6.0,"key":"SMITH"},{"floor":8.0,"key":"REST"},{"floor":10.0,"key":"REST"},{"floor":15.0,"key":"REST"},{"floor":23.0,"key":"REST"},{"data":"Buffer","floor":28.0,"key":"SMITH"},{"data":"Dualcast","floor":30.0,"key":"SMITH"},{"floor":32.0,"key":"REST"},{"data":"Hologram","floor":40,"key":"SMITH"},{"data":"Chill","floor":44,"key":"SMITH"},{"data":"Hologram","floor":47,"key":"SMITH"},{"data":"Storm","floor":49,"key":"SMITH"}],"neow_cost":"CURSE","seed_source_timestamp":1210096499855,"circlet_count":0,"master_deck":["AscendersBane","Zap+1","Dualcast+1","Mind Blast+1","Discovery","Ball Lightning","Gash","Hologram+1","Echo Form","Injury","Sunder","Thunder Strike","Buffer+1","Hologram+1","Self Repair","Go for the Eyes","Cold Snap","Chill+1","Scrape","Gash","Buffer+1","Thunder Strike","Storm","Ball Lightning","Steam Power","Capacitor","Defragment","Ball Lightning","BootSequence","Barrage","Defragment","Gash","Bandage Up","Gash","Hologram","Storm+1"],"special_seed":0,"relics":["Cracked Core","Mummified Hand","Mercury Hourglass","Golden Idol","Shuriken","DataDisk","Philosopher\u0027s Stone","Membership Card","Ginger","FossilizedHelix","Dead Branch","Letter Opener","Bird Faced Urn","DollysMirror","Pandora\u0027s Box","Runic Capacitor","Blood Vial","Orichalcum","Lee\u0027s Waffle"],"potions_floor_usage":[50],"damage_taken":[{"damage":8.0,"enemies":"2 Louse","floor":1.0,"turns":2.0},{"damage":9.0,"enemies":"Small Slimes","floor":2.0,"turns":3.0},{"damage":7.0,"enemies":"Jaw Worm","floor":5.0,"turns":2.0},{"damage":38.0,"enemies":"Gremlin Nob","floor":7.0,"turns":4.0},{"damage":2.0,"enemies":"Gremlin Gang","floor":12.0,"turns":3.0},{"damage":33.0,"enemies":"Lagavulin","floor":13.0,"turns":5.0},{"damage":12.0,"enemies":"Hexaghost","floor":16.0,"turns":7.0},{"damage":11.0,"enemies":"2 Thieves","floor":18.0,"turns":3.0},{"damage":16.0,"enemies":"Shell Parasite","floor":19.0,"turns":4.0},{"damage":15.0,"enemies":"Centurion and Healer","floor":20.0,"turns":6.0},{"damage":6.0,"enemies":"Book of Stabbing","floor":24.0,"turns":3.0},{"damage":16.0,"enemies":"Snecko","floor":25.0,"turns":5.0},{"damage":13.0,"enemies":"Gremlin Leader","floor":27.0,"turns":6.0},{"damage":0.0,"enemies":"3 Cultists","floor":29.0,"turns":3.0},{"damage":0.0,"enemies":"Champ","floor":33.0,"turns":10.0},{"damage":13,"enemies":"3 Darklings","floor":35,"turns":3},{"damage":0,"enemies":"3 Shapes","floor":39,"turns":3},{"damage":2,"enemies":"Giant Head","floor":41,"turns":5},{"damage":13,"enemies":"Sphere and 2 Shapes","floor":46,"turns":4},{"damage":0,"enemies":"Spire Growth","floor":48,"turns":3},{"damage":57,"enemies":"Donu and Deca","floor":50,"turns":5}],"seed_played":"-3960906259172570272","potions_obtained":[{"floor":2.0,"key":"Ancient Potion"},{"floor":5.0,"key":"SkillPotion"},{"floor":13.0,"key":"SkillPotion"},{"floor":19.0,"key":"Block Potion"},{"floor":20.0,"key":"EntropicBrew"},{"floor":25.0,"key":"GamblersBrew"},{"floor":33.0,"key":"GamblersBrew"},{"floor":35,"key":"Weak Potion"},{"floor":39,"key":"Energy Potion"}],"is_trial":false,"path_per_floor":["M","M","?","?","M","R","E","R","T","R","?","M","E","?","R","B",null,"M","M","M","?","$","R","E","M","T","E","R","M","R","$","R","B",null,"M","$","?","?","M","R","E","$","T","R","$","M","R","M","R","B",null],"character_chosen":"DEFECT","items_purchased":["Membership Card","Ginger","FossilizedHelix","DollysMirror","Runic Capacitor","Gash","Lee\u0027s Waffle"],"campfire_rested":5,"item_purchase_floors":[22,22,22,31,36,36,45],"current_hp_per_floor":[56,47,33,56,49,49,11,32,32,53,53,51,18,15,36,24,59,48,32,24,24,24,45,39,37,37,38,38,42,42,42,63,71,71,71,71,71,67,67,67,67,67,67,67,74,74,74,74,74,36],"gold":68,"neow_bonus":"RANDOM_COLORLESS_2","is_prod":false,"is_daily":false,"chose_seed":false,"campfire_upgraded":7,"win_rate":0,"timestamp":1547077181,"path_taken":["M","M","?","?","M","R","E","R","T","R","?","M","E","?","R","BOSS","M","M","M","?","$","R","E","M","T","E","R","?","R","$","R","BOSS","M","$","?","?","M","R","E","$","T","R","$","M","R","M","R","BOSS"],"build_version":"2019-01-08","purchased_purges":1,"victory":true,"max_hp_per_floor":[71,71,71,71,71,71,71,71,71,71,71,71,71,71,71,71,71,71,71,71,71,71,71,71,71,71,71,71,71,71,71,71,71,71,71,71,71,67,67,67,67,67,67,67,74,74,74,74,74,74],"card_choices":[{"not_picked":["Rebound","Cold Snap"],"picked":"Ball Lightning","floor":1.0},{"not_picked":["Rebound","Scrape"],"picked":"Gash","floor":2.0},{"not_picked":["Barrage","Hello World"],"picked":"Hologram","floor":5.0},{"not_picked":["Heatsinks","Cold Snap"],"picked":"Echo Form","floor":7.0},{"not_picked":["Stack","Coolheaded"],"picked":"Sunder","floor":12.0},{"not_picked":["Ball Lightning","Leap"],"picked":"Thunder Strike","floor":13.0},{"not_picked":["Hyperbeam","Meteor Strike"],"picked":"Buffer","floor":16.0},{"not_picked":["Barrage","Sweeping Beam"],"picked":"Hologram","floor":18.0},{"not_picked":["Coolheaded","Go for the Eyes"],"picked":"Self Repair","floor":19.0},{"not_picked":["Thunder Strike","Recycle"],"picked":"Go for the Eyes","floor":20.0},{"not_picked":["Melter+1","Beam Cell"],"picked":"Cold Snap","floor":24.0},{"not_picked":["Melter","Rebound"],"picked":"Chill","floor":25.0},{"not_picked":["Barrage","Cold Snap"],"picked":"Scrape","floor":27.0},{"not_picked":["Turbo","Sweeping Beam"],"picked":"Gash","floor":29.0},{"not_picked":["Meteor Strike","Machine Learning"],"picked":"Thunder Strike","floor":33.0},{"not_picked":["Storm","Steam"],"picked":"Defragment","floor":35},{"not_picked":["Thinking Ahead","Trip"],"picked":"Bandage Up","floor":37},{"not_picked":["Loop","Go for the Eyes"],"picked":"Gash","floor":39},{"not_picked":["Ball Lightning","Melter"],"picked":"Hologram","floor":41},{"not_picked":["Steam","Ball Lightning","Skim"],"picked":"SKIP","floor":46},{"not_picked":["Cold Snap","Rebound"],"picked":"Storm","floor":48}],"player_experience":436807,"relics_obtained":[{"floor":7.0,"key":"Mummified Hand"},{"floor":9.0,"key":"Mercury Hourglass"},{"floor":13.0,"key":"Shuriken"},{"floor":24.0,"key":"Dead Branch"},{"floor":26.0,"key":"Letter Opener"},{"floor":27.0,"key":"Bird Faced Urn"},{"floor":41,"key":"Blood Vial"},{"floor":43,"key":"Orichalcum"}],"event_choices":[{"damage_healed":0.0,"max_hp_gain":0.0,"max_hp_loss":0.0,"gold_gain":0.0,"event_name":"Shining Light","player_choice":"Entered Light","floor":3.0,"gold_loss":0.0,"damage_taken":14.0,"cards_upgraded":["Defend_B","Zap"]},{"damage_healed":23.0,"max_hp_gain":0.0,"max_hp_loss":0.0,"gold_gain":0.0,"event_name":"Big Fish","player_choice":"Banana","floor":4.0,"gold_loss":0.0,"damage_taken":0.0},{"damage_healed":0.0,"max_hp_gain":0.0,"max_hp_loss":0.0,"gold_gain":0.0,"event_name":"Golden Idol","player_choice":"Take Wound","floor":11.0,"gold_loss":0.0,"damage_taken":0.0,"relics_obtained":["Golden Idol"],"cards_obtained":["Injury"]},{"damage_healed":0.0,"max_hp_gain":0.0,"max_hp_loss":0.0,"gold_gain":0.0,"event_name":"Scrap Ooze","player_choice":"Success","floor":14.0,"gold_loss":0.0,"damage_taken":3.0,"relics_obtained":["DataDisk"]},{"damage_healed":0.0,"max_hp_gain":0.0,"max_hp_loss":0.0,"gold_gain":200.0,"event_name":"Wheel of Change","player_choice":"Gold","floor":21.0,"gold_loss":0.0,"damage_taken":0.0},{"damage_healed":0,"gold_gain":0,"player_choice":"Memory 1","damage_taken":0,"max_hp_gain":0,"max_hp_loss":0,"event_name":"SensoryStone","floor":37,"gold_loss":0},{"damage_healed":0,"gold_gain":0,"player_choice":"Max HP","damage_taken":0,"max_hp_gain":0,"max_hp_loss":4,"event_name":"Winding Halls","floor":38,"gold_loss":0}],"is_beta":true,"boss_relics":[{"not_picked":["White Beast Statue","Cursed Key"],"picked":"Philosopher\u0027s Stone"},{"not_picked":["Coffee Dripper","Fusion Hammer"],"picked":"Pandora\u0027s Box"}],"items_purged_floors":[22],"is_endless":false,"potions_floor_spawned":[2,5,13,19,20,25,33,35,39,46],"ascension_level":14}