{"gold_per_floor":[212,225,24,44,44,71,71,96,151,151,176,176,201,201,201,273,273,285,230,41,41,55,83,3,3],"floor_reached":25,"playtime":1047,"items_purged":["Strike_G","Strike_G"],"score":490,"play_id":"6cfd6b56-17a3-4516-b93d-62a074b96fcf","local_time":"20190407184106","is_ascension_mode":true,"campfire_choices":[{"data":"Deadly Poison","floor":7.0,"key":"SMITH"},{"data":"Grand Finale","floor":10.0,"key":"SMITH"},{"floor":12.0,"key":"REST"},{"floor":15.0,"key":"REST"}],"neow_cost":"NONE","seed_source_timestamp":24766169591000,"circlet_count":0,"master_deck":["AscendersBane","Defend_G","Defend_G","Defend_G","Defend_G","Defend_G","Survivor+1","Neutralize+1","Cloak And Dagger","Deadly Poison+1","Grand Finale+1","Prepared","Backflip","Venomology","Footwork+1","Choke+1","Dagger Spray+1","Expertise"],"special_seed":0,"relics":["Ring of the Snake","Singing Bowl","Omamori","The Courier","Regal Pillow","Snake Skull","Astrolabe","Tiny Chest","Anchor","Nloth\u0027s Gift","Pantograph"],"potions_floor_usage":[23,23,23],"damage_taken":[{"damage":0.0,"enemies":"Cultist","floor":1.0,"turns":4.0},{"damage":0.0,"enemies":"Small Slimes","floor":2.0,"turns":5.0},{"damage":3.0,"enemies":"Jaw Worm","floor":4.0,"turns":5.0},{"damage":3.0,"enemies":"Gremlin Nob","floor":6.0,"turns":3.0},{"damage":5.0,"enemies":"Lagavulin","floor":8.0,"turns":6.0},{"damage":31.0,"enemies":"Gremlin Nob","floor":11.0,"turns":5.0},{"damage":17.0,"enemies":"Lagavulin","floor":13.0,"turns":7.0},{"damage":21.0,"enemies":"The Guardian","floor":16.0,"turns":9.0},{"damage":6.0,"enemies":"Shell Parasite","floor":18.0,"turns":8.0},{"damage":7,"enemies":"2 Thieves","floor":22,"turns":5},{"damage":31,"enemies":"Gremlin Leader","floor":23,"turns":7},{"damage":13,"enemies":"Slavers","floor":25,"turns":4}],"seed_played":"-6991299111152175873","potions_obtained":[{"floor":1.0,"key":"GhostInAJar"},{"floor":11.0,"key":"Poison Potion"},{"floor":16.0,"key":"FearPotion"},{"floor":22,"key":"Dexterity Potion"}],"is_trial":false,"path_per_floor":["M","M","$","M","?","E","R","E","T","R","E","R","E","?","R","B",null,"M","?","$","?","M","E","$","E"],"character_chosen":"THE_SILENT","items_purchased":["Grand Finale","Prepared","Anchor"],"campfire_rested":2,"item_purchase_floors":[3,3,20],"current_hp_per_floor":[59,59,59,56,36,35,35,32,32,32,1,22,7,2,38,17,58,54,54,54,54,49,18,18,5],"gold":3,"neow_bonus":"HUNDRED_GOLD","is_prod":false,"is_daily":false,"chose_seed":false,"campfire_upgraded":2,"win_rate":0,"timestamp":1554633666,"path_taken":["M","M","$","M","?","E","R","E","T","R","E","R","E","?","R","BOSS","M","?","$","?","M","E","$","E"],"build_version":"2019-04-04","purchased_purges":2,"victory":false,"max_hp_per_floor":[66,66,66,66,66,68,68,70,70,70,70,70,72,72,72,72,72,74,74,74,74,76,76,76,76],"card_choices":[{"not_picked":["Flying Knee","Dagger Throw"],"picked":"Cloak And Dagger","floor":1.0},{"not_picked":["Flying Knee","Bane"],"picked":"Deadly Poison","floor":2.0},{"not_picked":["Deflect","Terror","Dagger Spray"],"picked":"SKIP","floor":4.0},{"not_picked":["Riddle With Holes","Blur","Cloak And Dagger"],"picked":"Singing Bowl","floor":6.0},{"not_picked":["Heel Hook","All Out Attack","Slice"],"picked":"Singing Bowl","floor":8.0},{"not_picked":["Bane","Predator"],"picked":"Backflip","floor":11.0},{"not_picked":["Underhanded Strike","Dagger Spray","Bouncing Flask"],"picked":"Singing Bowl","floor":13.0},{"not_picked":["After Image","Unload"],"picked":"Venomology","floor":16.0},{"not_picked":["Deadly Poison","PiercingWail","Flying Knee+1"],"picked":"Singing Bowl","floor":18.0},{"not_picked":["Setup","Catalyst+1","Sucker Punch"],"picked":"Singing Bowl","floor":22},{"not_picked":["Flechettes","Glass Knife"],"picked":"Expertise","floor":23}],"player_experience":1342464,"relics_obtained":[{"floor":6.0,"key":"Singing Bowl"},{"floor":8.0,"key":"Omamori"},{"floor":9.0,"key":"Potion Belt"},{"floor":11.0,"key":"The Courier"},{"floor":13.0,"key":"Regal Pillow"},{"floor":23,"key":"Pantograph"}],"event_choices":[{"damage_healed":0.0,"max_hp_gain":0.0,"max_hp_loss":0.0,"gold_gain":0.0,"event_name":"Shining Light","player_choice":"Entered Light","floor":5.0,"gold_loss":0.0,"damage_taken":20.0,"cards_upgraded":["Neutralize","Survivor"]},{"damage_healed":0.0,"max_hp_gain":0.0,"max_hp_loss":0.0,"gold_gain":0.0,"event_name":"Scrap Ooze","player_choice":"Success","floor":14.0,"gold_loss":0.0,"damage_taken":5.0,"relics_obtained":["Snake Skull"]},{"damage_healed":0.0,"max_hp_gain":0.0,"max_hp_loss":0.0,"gold_gain":0.0,"event_name":"Addict","player_choice":"Obtained Relic","floor":19.0,"gold_loss":85.0,"damage_taken":0.0,"relics_obtained":["Tiny Chest"]},{"damage_healed":0,"gold_gain":0,"player_choice":"Traded Relic","damage_taken":0,"relics_obtained":["Nloth\u0027s Gift"],"max_hp_gain":0,"max_hp_loss":0,"event_name":"N\u0027loth","floor":21,"relics_lost":["Potion Belt"],"gold_loss":0}],"is_beta":true,"boss_relics":[{"not_picked":["Ring of the Serpent","Tiny House"],"picked":"Astrolabe"}],"items_purged_floors":[20,24],"is_endless":false,"potions_floor_spawned":[1,11,16,22],"killed_by":"Slavers","ascension_level":20}