{"gold_per_floor":[119,119,135,151,116,144,144,154,224,241,241,14,46,60,60,131,131,150,20,20,37,52,52,52,69,93,93,104,104],"floor_reached":29,"playtime":1235,"items_purged":[],"score":474,"play_id":"5c6944b1-97c5-451d-b3c3-ab4fb1ad2aaf","local_time":"20190221231436","is_ascension_mode":true,"campfire_choices":[{"floor":7.0,"key":"REST"},{"data":"Sunder","floor":11.0,"key":"SMITH"},{"floor":15.0,"key":"REST"},{"floor":23.0,"key":"REST"}],"neow_cost":"NONE","seed_source_timestamp":0,"circlet_count":0,"master_deck":["AscendersBane","Zap","Dualcast+1","Creative AI","Capacitor","Storm","Double Energy","Heatsinks","Cold Snap","Sunder+1","Ball Lightning","Leap","Turbo","Core Surge","Thunder Strike","Core Surge","Undo","Compile Driver","Go for the Eyes","Seek","Cold Snap","Force Field","Conserve Battery","Steam Power","Reinforced Body","White Noise","Double Energy","Ball Lightning+1"],"special_seed":0,"relics":["Cracked Core","Emotion Chip","Gremlin Horn","Lantern","Potion Belt","Pandora\u0027s Box","FaceOfCleric","Boot"],"potions_floor_usage":[28,29],"damage_taken":[{"damage":2.0,"enemies":"Jaw Worm","floor":1.0,"turns":3.0},{"damage":10.0,"enemies":"Small Slimes","floor":3.0,"turns":3.0},{"damage":6.0,"enemies":"2 Louse","floor":4.0,"turns":3.0},{"damage":32.0,"enemies":"Gremlin Nob","floor":6.0,"turns":4.0},{"damage":9.0,"enemies":"Red Slaver","floor":8.0,"turns":3.0},{"damage":11.0,"enemies":"Looter","floor":10.0,"turns":4.0},{"damage":10.0,"enemies":"Lagavulin","floor":13.0,"turns":5.0},{"damage":0.0,"enemies":"3 Louse","floor":14.0,"turns":3.0},{"damage":12.0,"enemies":"Slime Boss","floor":16.0,"turns":6.0},{"damage":14.0,"enemies":"3 Byrds","floor":18.0,"turns":3.0},{"damage":9.0,"enemies":"2 Thieves","floor":21.0,"turns":3.0},{"damage":26.0,"enemies":"Shelled Parasite and Fungi","floor":22.0,"turns":4.0},{"damage":17,"enemies":"Snake Plant","floor":25,"turns":5},{"damage":9,"enemies":"Chosen and Byrds","floor":28,"turns":5},{"damage":9,"enemies":"Book of Stabbing","floor":29,"turns":4}],"seed_played":"-336328575204605017","potions_obtained":[{"floor":3.0,"key":"PowerPotion"},{"floor":8.0,"key":"FocusPotion"},{"floor":10.0,"key":"SkillPotion"},{"floor":13.0,"key":"Block Potion"},{"floor":18.0,"key":"Dexterity Potion"},{"floor":22.0,"key":"SpeedPotion"},{"floor":27,"key":"Block Potion"},{"floor":27,"key":"Dexterity Potion"},{"floor":28,"key":"Fire Potion"}],"is_trial":false,"path_per_floor":["M","?","M","M","?","E","R","M","T","M","R","$","E","M","R","B",null,"M","$","?","M","M","R","?","M","T","?","M","E"],"character_chosen":"DEFECT","items_purchased":["Lantern","Ball Lightning","Conserve Battery","Weak Potion","Fire Potion"],"campfire_rested":3,"item_purchase_floors":[12,12,19,19,19],"current_hp_per_floor":[62,41,31,25,42,10,31,22,22,11,11,11,1,1,22,10,56,42,42,42,34,9,30,30,14,14,14,6,0],"gold":104,"neow_bonus":"ONE_RANDOM_RARE_CARD","is_prod":false,"is_daily":false,"chose_seed":false,"campfire_upgraded":1,"win_rate":0,"timestamp":1550762076,"path_taken":["M","?","M","M","?","E","R","M","T","M","R","$","E","M","R","BOSS","M","$","?","M","?","R","?","?","T","?","?","E"],"build_version":"2019-01-23","purchased_purges":0,"victory":false,"max_hp_per_floor":[71,71,71,71,71,71,71,71,71,71,71,71,71,71,71,71,71,71,71,71,72,73,73,73,74,74,74,75,75],"card_choices":[{"not_picked":["Go for the Eyes","Sweeping Beam"],"picked":"Capacitor","floor":1.0},{"not_picked":["Steam","Rebound"],"picked":"Storm","floor":3.0},{"not_picked":["Fusion","Sweeping Beam"],"picked":"Double Energy","floor":4.0},{"not_picked":["Steam Power","Rebound"],"picked":"Heatsinks","floor":6.0},{"not_picked":["Coolheaded","Barrage"],"picked":"Cold Snap","floor":8.0},{"not_picked":["Melter","Barrage"],"picked":"Sunder","floor":10.0},{"not_picked":["All For One","Gash"],"picked":"Leap","floor":13.0},{"not_picked":["Static Discharge","White Noise"],"picked":"Turbo","floor":14.0},{"not_picked":["Rainbow","Machine Learning"],"picked":"Core Surge","floor":16.0},{"not_picked":["Coolheaded","Rebound"],"picked":"Force Field","floor":18.0},{"not_picked":["Gash","Blizzard"],"picked":"Steam Power","floor":21.0},{"not_picked":["Leap","Barrage"],"picked":"Reinforced Body","floor":22.0},{"not_picked":["Reprogram","Streamline"],"picked":"Double Energy","floor":25},{"not_picked":["Static Discharge","Darkness"],"picked":"Ball Lightning+1","floor":28}],"player_experience":2647552,"relics_obtained":[{"floor":6.0,"key":"Emotion Chip"},{"floor":9.0,"key":"Gremlin Horn"},{"floor":13.0,"key":"Potion Belt"},{"floor":26,"key":"Boot"}],"event_choices":[{"damage_healed":0.0,"max_hp_gain":0.0,"max_hp_loss":0.0,"gold_gain":0.0,"event_name":"Shining Light","player_choice":"Entered Light","floor":2.0,"gold_loss":0.0,"damage_taken":21.0,"cards_upgraded":["Defend_B","Dualcast"]},{"damage_healed":17.0,"max_hp_gain":0.0,"max_hp_loss":0.0,"gold_gain":0.0,"event_name":"The Cleric","player_choice":"Healed","floor":5.0,"gold_loss":35.0,"damage_taken":0.0},{"damage_healed":0.0,"max_hp_gain":0.0,"max_hp_loss":0.0,"gold_gain":0.0,"event_name":"FaceTrader","player_choice":"Trade","floor":20.0,"gold_loss":0.0,"damage_taken":0.0,"relics_obtained":["FaceOfCleric"]},{"damage_healed":0,"gold_gain":0,"cards_transformed":["Streamline"],"player_choice":"Transformed","damage_taken":0,"max_hp_gain":0,"max_hp_loss":0,"event_name":"Transmorgrifier","floor":24,"gold_loss":0,"cards_obtained":["White Noise"]},{"damage_healed":0,"gold_gain":0,"player_choice":"Got Potions","damage_taken":0,"max_hp_gain":0,"max_hp_loss":0,"event_name":"Lab","floor":27,"gold_loss":0}],"is_beta":false,"boss_relics":[{"not_picked":["Inserter","Runic Dome"],"picked":"Pandora\u0027s Box"}],"items_purged_floors":[],"is_endless":false,"potions_floor_spawned":[3,8,10,13,18,22,28],"killed_by":"Book of Stabbing","ascension_level":20}