{"gold_per_floor":[113,132,151,151,201,242,242,283,356,371,371],"floor_reached":11,"playtime":344,"items_purged":[],"score":166,"play_id":"0561eea4-9e34-4098-ab5d-09872dfedd96","local_time":"20190125213334","is_ascension_mode":true,"campfire_choices":[{"floor":7.0,"key":"REST"}],"neow_cost":"PERCENT_DAMAGE","seed_source_timestamp":7456169824519,"circlet_count":0,"master_deck":["AscendersBane","Strike_R","Strike_R","Strike_R","Strike_R","Strike_R","Defend_R","Defend_R","Defend_R","Defend_R","Bash","Thunderclap","Spot Weakness","Sword Boomerang","Fiend Fire","Flex"],"special_seed":0,"relics":["Burning Blood","Golden Idol","Bird Faced Urn","Strawberry","Paper Frog"],"potions_floor_usage":[10],"damage_taken":[{"damage":2.0,"enemies":"Cultist","floor":1.0,"turns":4.0},{"damage":10.0,"enemies":"Small Slimes","floor":2.0,"turns":5.0},{"damage":13.0,"enemies":"2 Louse","floor":3.0,"turns":3.0},{"damage":45.0,"enemies":"3 Sentries","floor":6.0,"turns":8.0},{"damage":32.0,"enemies":"Gremlin Nob","floor":8.0,"turns":4.0},{"damage":13,"enemies":"Gremlin Gang","floor":10,"turns":5},{"damage":30,"enemies":"Lagavulin","floor":11,"turns":5}],"seed_played":"-7065787494909444784","potions_obtained":[{"floor":3.0,"key":"SpeedPotion"},{"floor":8.0,"key":"Fruit Juice"}],"is_trial":false,"path_per_floor":["M","M","M","?","?","E","R","E","T","M","E"],"character_chosen":"IRONCLAD","items_purchased":[],"campfire_rested":1,"item_purchase_floors":[],"current_hp_per_floor":[68,64,57,57,49,10,34,20,20,13,0],"gold":371,"neow_bonus":"TWENTY_PERCENT_HP_BONUS","is_prod":false,"is_daily":false,"chose_seed":false,"campfire_upgraded":0,"win_rate":0,"timestamp":1548423214,"path_taken":["M","?","M","?","?","E","R","E","T","?","E"],"build_version":"2019-01-23","purchased_purges":0,"victory":false,"max_hp_per_floor":[89,89,89,81,81,81,81,93,93,93,93],"card_choices":[{"not_picked":["Clothesline","Headbutt"],"picked":"Thunderclap","floor":1.0},{"not_picked":["Iron Wave","Reckless Charge"],"picked":"Spot Weakness","floor":2.0},{"not_picked":["Body Slam","Headbutt"],"picked":"Sword Boomerang","floor":3.0},{"not_picked":["Twin Strike","Reckless Charge"],"picked":"Fiend Fire","floor":6.0},{"not_picked":["Iron Wave","Twin Strike"],"picked":"Flex","floor":8.0},{"not_picked":["Warcry","Wild Strike","Armaments"],"picked":"SKIP","floor":10}],"player_experience":2596553,"relics_obtained":[{"floor":6.0,"key":"Bird Faced Urn"},{"floor":8.0,"key":"Strawberry"},{"floor":9.0,"key":"Paper Frog"}],"event_choices":[{"damage_healed":0.0,"max_hp_gain":0.0,"max_hp_loss":8.0,"gold_gain":0.0,"event_name":"Golden Idol","player_choice":"Lose Max HP","floor":4.0,"gold_loss":0.0,"damage_taken":0.0,"relics_obtained":["Golden Idol"]},{"damage_healed":0.0,"max_hp_gain":0.0,"max_hp_loss":0.0,"gold_gain":50.0,"event_name":"FaceTrader","player_choice":"Touch","floor":5.0,"gold_loss":0.0,"damage_taken":8.0}],"is_beta":false,"boss_relics":[],"items_purged_floors":[],"is_endless":false,"potions_floor_spawned":[3,8],"killed_by":"Lagavulin","ascension_level":20}