{"gold_per_floor":[118,134,134,147,96,96,106,106,133,152,40,40,40,73,73,148,148,158,169,179,193,193,193,211,236,236,267,278,288,368,368,368,368],"floor_reached":33,"playtime":1586,"items_purged":["Strike_B"],"score":593,"play_id":"075e4fcb-4241-45cb-a170-24c965e4a8cd","local_time":"20181004114956","is_ascension_mode":true,"campfire_choices":[{"data":"Zap","floor":6.0,"key":"SMITH"},{"data":"Dualcast","floor":8.0,"key":"SMITH"},{"data":"Defragment","floor":12.0,"key":"SMITH"},{"data":"Hologram","floor":15.0,"key":"SMITH"},{"floor":23.0,"key":"REST"},{"data":"Fission","floor":32.0,"key":"SMITH"}],"neow_cost":"PERCENT_DAMAGE","seed_source_timestamp":10181068580573,"circlet_count":0,"master_deck":["Strike_B+1","Strike_B+1","Strike_B+1","Defend_B+1","Defend_B+1","Defend_B+1","Defend_B+1","Zap+1","Dualcast+1","AscendersBane","Chill","Go for the Eyes+1","Compile Driver","Hologram+1","Compile Driver","Cold Snap","Defragment+1","Electrodynamics","Fission+1","Self Repair","Conserve Battery","Steam","Glacier"],"special_seed":0,"relics":["Cracked Core","Thread and Needle","Orichalcum","Whetstone","Nuclear Battery","Ancient Tea Set","Torii","Smiling Mask","Bottled Lightning","Matryoshka"],"potions_floor_usage":[33],"damage_taken":[{"damage":3.0,"enemies":"Jaw Worm","floor":1.0,"turns":3.0},{"damage":0.0,"enemies":"Small Slimes","floor":2.0,"turns":4.0},{"damage":0.0,"enemies":"2 Louse","floor":4.0,"turns":3.0},{"damage":0.0,"enemies":"Exordium Thugs","floor":7.0,"turns":5.0},{"damage":0.0,"enemies":"Gremlin Gang","floor":10.0,"turns":4.0},{"damage":0.0,"enemies":"Lagavulin","floor":14.0,"turns":7.0},{"damage":2.0,"enemies":"The Guardian","floor":16.0,"turns":11.0},{"damage":0.0,"enemies":"Shell Parasite","floor":18.0,"turns":5.0},{"damage":5.0,"enemies":"3 Byrds","floor":19.0,"turns":3.0},{"damage":24.0,"enemies":"Snake Plant","floor":20.0,"turns":6.0},{"damage":21.0,"enemies":"Sentry and Sphere","floor":21.0,"turns":4.0},{"damage":3.0,"enemies":"Centurion and Healer","floor":24.0,"turns":8.0},{"damage":0.0,"enemies":"Gremlin Leader","floor":25.0,"turns":8.0},{"damage":7.0,"enemies":"Slavers","floor":27.0,"turns":6.0},{"damage":2.0,"enemies":"Chosen and Byrds","floor":28.0,"turns":5.0},{"damage":6.0,"enemies":"Snake Plant","floor":29.0,"turns":4.0},{"damage":90,"enemies":"Automaton","floor":33,"turns":12}],"seed_played":"-7427033749520895819","potions_obtained":[{"floor":1.0,"key":"Swift Potion"},{"floor":2.0,"key":"SteroidPotion"},{"floor":10.0,"key":"Strength Potion"},{"floor":24.0,"key":"Regen Potion"},{"floor":25.0,"key":"Swift Potion"},{"floor":28.0,"key":"Strength Potion"}],"is_trial":false,"path_per_floor":["M","M","?","M","$","R","M","R","T","M","$","R","$","E","R","B",null,"M","M","M","M","?","R","M","E","T","E","M","M","T","T","R"],"character_chosen":"DEFECT","items_purchased":["Hologram","Defragment"],"campfire_rested":1,"item_purchase_floors":[5,11],"current_hp_per_floor":[43,43,43,43,43,43,43,43,43,43,43,43,43,43,43,41,64,64,59,42,28,28,49,53,60,60,71,71,71,71,71,71,0],"gold":368,"neow_bonus":"ONE_RARE_RELIC","is_prod":false,"is_daily":false,"chose_seed":false,"campfire_upgraded":5,"win_rate":0,"timestamp":1538678996,"path_taken":["M","M","?","M","$","R","M","R","T","M","?","R","$","E","R","BOSS","M","?","M","M","?","R","M","E","T","E","?","M","?","?","R","BOSS"],"build_version":"2018-09-27","purchased_purges":1,"victory":false,"max_hp_per_floor":[71,71,71,71,71,71,71,71,71,71,71,71,71,71,71,71,71,71,71,71,71,71,71,71,71,71,71,71,71,71,71,71,71],"card_choices":[{"not_picked":["Heatsinks","Skim"],"picked":"Chill","floor":1.0},{"not_picked":["Redo","Steam"],"picked":"Go for the Eyes","floor":2.0},{"not_picked":["Barrage","Conserve Battery"],"picked":"Compile Driver","floor":4.0},{"not_picked":["Leap","Redo"],"picked":"Compile Driver","floor":7.0},{"not_picked":["Go for the Eyes","Hello World"],"picked":"Cold Snap","floor":10.0},{"not_picked":["Steam","Machine Learning"],"picked":"Electrodynamics","floor":14.0},{"not_picked":["Machine Learning","Reboot"],"picked":"Fission","floor":16.0},{"not_picked":["Hologram","Turbo"],"picked":"Self Repair","floor":18.0},{"not_picked":["Sunder","Compile Driver"],"picked":"Conserve Battery","floor":19.0},{"not_picked":["Blizzard","Gash"],"picked":"Steam","floor":20.0},{"not_picked":["Gash","Beam Cell","Turbo"],"picked":"SKIP","floor":21.0},{"not_picked":["Consume","Gash","Turbo"],"picked":"SKIP","floor":24.0},{"not_picked":["Auto Shields","Hyperbeam","Conserve Battery"],"picked":"SKIP","floor":25.0},{"not_picked":["Hello World","Chaos"],"picked":"Glacier","floor":27.0},{"not_picked":["Static Discharge+1","Stack","Beam Cell"],"picked":"SKIP","floor":28.0},{"not_picked":["Turbo+1","Compile Driver","Stack"],"picked":"SKIP","floor":29.0}],"player_experience":1261327,"relics_obtained":[{"floor":9.0,"key":"Orichalcum"},{"floor":14.0,"key":"Whetstone"},{"floor":25.0,"key":"Ancient Tea Set"},{"floor":26.0,"key":"Torii"},{"floor":27.0,"key":"Smiling Mask"},{"floor":30.0,"key":"Bottled Lightning"},{"floor":31.0,"key":"Matryoshka"}],"event_choices":[{"event_name":"Golden Idol","player_choice":"Ignored","floor":3.0,"damage_taken":0.0},{"event_name":"Back to Basics","player_choice":"Simplicity","floor":22.0,"damage_taken":0.0}],"is_beta":false,"boss_relics":[{"not_picked":["Tiny House","Astrolabe"],"picked":"Nuclear Battery"}],"items_purged_floors":[11],"is_endless":false,"potions_floor_spawned":[1,2,10,14,19,24,25,28],"killed_by":"Automaton","ascension_level":15}