{"gold_per_floor":[114,133,143,158,176,176,209,220,220,220,43,57,57,76,76,179,179,193,193,204,215,233,233,260,277,301,301,301,226,52,87,87,87],"floor_reached":33,"playtime":1094,"items_purged":["Strike_R"],"score":320,"play_id":"949f5aa9-bf6b-4fac-a826-1da0b0ba8432","local_time":"25610720183051","is_ascension_mode":true,"campfire_choices":[{"data":"Rage","floor":6,"key":"SMITH"},{"data":"Infernal Blade","floor":10,"key":"SMITH"},{"data":"Blood for Blood","floor":15,"key":"SMITH"},{"data":"Double Tap","floor":23,"key":"SMITH"},{"floor":28,"key":"REST"},{"data":"Bandage Up","floor":32,"key":"SMITH"}],"neow_cost":"CURSE","seed_source_timestamp":25899783534356,"circlet_count":0,"master_deck":["Strike_R","Strike_R","Strike_R","Defend_R","Defend_R","Defend_R","Bash","Infernal Blade+1","Flame Barrier","Rage+1","Wild Strike","Shrug It Off","Armaments+1","Thunderclap","Whirlwind","Inflame","Blood for Blood+1","Double Tap+1","Shrug It Off+1","Metallicize","Spot Weakness+1","Dual Wield+1","Bandage Up+1"],"relics":["Burning Blood","Strawberry","Meat on the Bone","Orichalcum","Sozu","Oddly Smooth Stone","Omamori","Bottled Lightning"],"potions_floor_usage":[5,7,8,14,14,16,16],"damage_taken":[{"damage":6,"enemies":"Cultist","floor":1,"turns":3},{"damage":12,"enemies":"Jaw Worm","floor":2,"turns":2},{"damage":0,"enemies":"2 Louse","floor":3,"turns":2},{"damage":19,"enemies":"2 Fungi Beasts","floor":4,"turns":4},{"damage":0,"enemies":"Exordium Thugs","floor":5,"turns":2},{"damage":21,"enemies":"Lagavulin","floor":7,"turns":7},{"damage":29,"enemies":"Gremlin Gang","floor":8,"turns":4},{"damage":3,"enemies":"Blue Slaver","floor":12,"turns":2},{"damage":7,"enemies":"Exordium Thugs","floor":14,"turns":4},{"damage":39,"enemies":"Slime Boss","floor":16,"turns":11},{"damage":22,"enemies":"2 Thieves","floor":18,"turns":3},{"damage":14,"enemies":"Spheric Guardian","floor":20,"turns":4},{"damage":9,"enemies":"Snecko","floor":21,"turns":5},{"damage":27,"enemies":"Centurion and Healer","floor":22,"turns":6},{"damage":32,"enemies":"Slavers","floor":24,"turns":4},{"damage":15,"enemies":"Snake Plant","floor":25,"turns":4},{"damage":24,"enemies":"Book of Stabbing","floor":31,"turns":6},{"damage":68,"enemies":"Automaton","floor":33,"turns":10}],"seed_played":"1918558446568925550","potions_obtained":[{"floor":3,"key":"AttackPotion"},{"floor":4,"key":"PowerPotion"},{"floor":7,"key":"AttackPotion"},{"floor":13,"key":"SneckoOil"},{"floor":13,"key":"SneckoOil"},{"floor":13,"key":"Regen Potion"},{"floor":14,"key":"SpeedPotion"}],"is_trial":false,"path_per_floor":["M","M","M","M","M","R","E","M","T","R","$","M","?","M","R","B",null,"M","?","M","M","M","R","E","M","T","?","R","?","$","E","R"],"character_chosen":"IRONCLAD","items_purchased":["Orichalcum","Inflame","Bandage Up"],"campfire_rested":1,"item_purchase_floors":[11,11,30],"current_hp_per_floor":[80,74,80,67,73,73,65,42,42,42,42,57,57,68,68,47,87,71,71,63,60,51,51,37,40,40,40,66,66,66,62,62,0],"gold":87,"neow_bonus":"TRANSFORM_TWO_CARDS","is_prod":false,"is_daily":false,"chose_seed":false,"campfire_upgraded":5,"win_rate":0,"timestamp":1532086251,"path_taken":["M","M","M","?","M","R","E","M","T","R","?","?","?","M","R","BOSS","M","?","?","M","M","R","E","M","T","?","R","?","$","E","R","BOSS"],"build_version":"2018-07-19v2","purchased_purges":1,"victory":false,"max_hp_per_floor":[80,80,80,80,80,80,87,87,87,87,87,87,87,87,87,87,87,87,87,87,87,87,87,87,87,87,87,87,87,87,87,87,87],"card_choices":[{"not_picked":["Burning Pact","Sword Boomerang"],"picked":"Rage","floor":1},{"not_picked":["Body Slam","Clothesline"],"picked":"Wild Strike","floor":2},{"not_picked":["Warcry","Perfected Strike"],"picked":"Shrug It Off","floor":3},{"not_picked":["Brutality","Combust"],"picked":"Armaments","floor":4},{"not_picked":["Power Through","Hemokinesis"],"picked":"Thunderclap","floor":5},{"not_picked":["Clash","Thunderclap"],"picked":"Whirlwind","floor":7},{"not_picked":["Power Through","Iron Wave","Searing Blow"],"picked":"SKIP","floor":8},{"not_picked":["Searing Blow","Wild Strike"],"picked":"Blood for Blood","floor":12},{"not_picked":["Wild Strike","Armaments","True Grit"],"picked":"SKIP","floor":14},{"not_picked":["Offering","Juggernaut"],"picked":"Double Tap","floor":16},{"not_picked":["True Grit+1","Pommel Strike"],"picked":"Shrug It Off+1","floor":18},{"not_picked":["Iron Wave","Pommel Strike"],"picked":"Metallicize","floor":20},{"not_picked":["Cleave","Pommel Strike"],"picked":"Spot Weakness+1","floor":21},{"not_picked":["Sword Boomerang+1","Hemokinesis","Clothesline"],"picked":"SKIP","floor":22},{"not_picked":["Thunderclap","Whirlwind","Burning Pact"],"picked":"SKIP","floor":24},{"not_picked":["Headbutt","Feed"],"picked":"Dual Wield+1","floor":25},{"not_picked":["Wild Strike","Corruption","Inflame"],"picked":"SKIP","floor":31}],"player_experience":97992,"relics_obtained":[{"floor":7,"key":"Strawberry"},{"floor":9,"key":"Meat on the Bone"},{"floor":24,"key":"Oddly Smooth Stone"},{"floor":26,"key":"Omamori"},{"floor":31,"key":"Bottled Lightning"}],"event_choices":[{"event_name":"The Lab","player_choice":"Got Potions","floor":13,"damage_taken":0},{"event_name":"Vampires","player_choice":"Ignored","floor":19,"damage_taken":0},{"event_name":"Upgrade Shrine","player_choice":"Upgraded","floor":27,"damage_taken":0},{"event_name":"Beggar","player_choice":"Gave Gold","floor":29,"damage_taken":0}],"is_beta":false,"boss_relics":[{"not_picked":["Fusion Hammer","Philosopher\u0027s Stone"],"picked":"Sozu"}],"items_purged_floors":[30],"is_endless":false,"potions_floor_spawned":[3,4,7,14,18,20],"killed_by":"Automaton","ascension_level":2}