{"gold_per_floor":[213,141,154,154,173,173,198,228,240,269,281,338,53,128,128,203,203,215,233,87,37,37,70,70,97,180,180,192,206,206,256,256,331,331,343,354,31,131,143,143,0,0,0,0],"floor_reached":44,"playtime":1565,"items_purged":["Strike_R","Strike_R","Strike_R"],"score":922,"play_id":"e7b21837-cf14-4da5-a105-164e2f9986cd","local_time":"20181027200251","is_ascension_mode":true,"campfire_choices":[{"data":"Armaments","floor":6.0,"key":"SMITH"},{"data":"Havoc","floor":11.0,"key":"SMITH"},{"data":"Demon Form","floor":15.0,"key":"SMITH"},{"data":"Whirlwind","floor":24.0,"key":"SMITH"},{"data":"Warcry","floor":27.0,"key":"SMITH"},{"floor":30,"key":"REST"},{"data":"Offering","floor":32,"key":"SMITH"},{"floor":40,"key":"REST"}],"neow_cost":"NONE","seed_source_timestamp":43239396148448,"circlet_count":0,"master_deck":["Strike_R+1","Defend_R","Defend_R","Defend_R","Defend_R","Bash+1","AscendersBane","Havoc+1","Wild Strike","Armaments+1","Demon Form+1","Power Through","Whirlwind+1","Evolve","Offering+1","Shrug It Off","Anger","Evolve","Fiend Fire","Warcry+1","Writhe","Feel No Pain","Heavy Blade","Burning Pact","True Grit","Warcry","Pommel Strike"],"special_seed":0,"relics":["Burning Blood","Ancient Tea Set","Ginger","PreservedInsect","MawBank","Dodecahedron","Bottled Lightning","Oddly Smooth Stone","Cursed Key","Bag of Marbles","Juzu Bracelet","Tiny Chest","Runic Dome","Red Skull","Nunchaku","Red Mask"],"potions_floor_usage":[33,38],"damage_taken":[{"damage":19.0,"enemies":"Jaw Worm","floor":1.0,"turns":5.0},{"damage":6.0,"enemies":"Cultist","floor":3.0,"turns":4.0},{"damage":0.0,"enemies":"Small Slimes","floor":5.0,"turns":3.0},{"damage":16.0,"enemies":"Lagavulin","floor":8.0,"turns":8.0},{"damage":7.0,"enemies":"Looter","floor":10.0,"turns":3.0},{"damage":13.0,"enemies":"Gremlin Nob","floor":12.0,"turns":4.0},{"damage":0.0,"enemies":"Slime Boss","floor":16.0,"turns":7.0},{"damage":14.0,"enemies":"Shell Parasite","floor":18.0,"turns":5.0},{"damage":6.0,"enemies":"3 Byrds","floor":19.0,"turns":4.0},{"damage":24.0,"enemies":"Book of Stabbing","floor":23.0,"turns":4.0},{"damage":6.0,"enemies":"Gremlin Leader","floor":25.0,"turns":4.0},{"damage":14.0,"enemies":"Centurion and Healer","floor":28.0,"turns":3.0},{"damage":17,"enemies":"Shelled Parasite and Fungi","floor":29,"turns":6},{"damage":29,"enemies":"Champ","floor":33,"turns":11},{"damage":22,"enemies":"Orb Walker","floor":35,"turns":4},{"damage":48,"enemies":"3 Darklings","floor":36,"turns":5},{"damage":6,"enemies":"Mind Bloom Boss Battle","floor":38,"turns":6},{"damage":20,"enemies":"Writhing Mass","floor":39,"turns":3},{"damage":34,"enemies":"Jaw Worm Horde","floor":44,"turns":2}],"seed_played":"-2185758272672716888","potions_obtained":[{"floor":3.0,"key":"BloodPotion"},{"floor":5.0,"key":"Weak Potion"},{"floor":8.0,"key":"Weak Potion"},{"floor":18.0,"key":"Energy Potion"},{"floor":28.0,"key":"BloodPotion"},{"floor":36,"key":"Regen Potion"},{"floor":38,"key":"Explosive Potion"}],"is_trial":false,"path_per_floor":["M","?","M","T","M","R","T","E","T","M","R","E","$","?","R","B",null,"M","M","$","?","?","E","R","E","T","R","M","M","R","?","R","B",null,"M","M","$","?","M","R","?","?","T"],"character_chosen":"IRONCLAD","items_purchased":["Evolve","Oddly Smooth Stone","Anger","True Grit","Red Skull"],"campfire_rested":2,"item_purchase_floors":[13,13,20,37,37],"current_hp_per_floor":[55,55,55,55,61,61,61,51,51,50,50,43,43,32,32,38,66,58,58,58,58,58,47,47,47,47,47,39,28,50,50,50,34,65,49,7,7,22,8,30,30,30,30,0],"gold":0,"neow_bonus":"HUNDRED_GOLD","is_prod":false,"is_daily":false,"chose_seed":false,"campfire_upgraded":6,"win_rate":0,"timestamp":1540695771,"path_taken":["M","?","M","?","M","R","?","E","T","?","R","E","$","?","R","BOSS","M","M","$","?","?","E","R","E","T","R","M","M","R","?","R","BOSS","M","M","$","?","M","R","?","?","T","M"],"build_version":"2018-10-25v2","purchased_purges":3,"victory":false,"max_hp_per_floor":[75,75,75,75,75,75,75,75,75,75,75,75,75,75,75,75,75,75,75,75,75,75,75,75,75,75,75,75,75,75,75,75,75,75,75,75,75,75,75,75,75,75,75,75],"card_choices":[{"not_picked":["Thunderclap","Cleave"],"picked":"Havoc","floor":1.0},{"not_picked":["Clash","Warcry"],"picked":"Wild Strike","floor":3.0},{"not_picked":["Warcry","Heavy Blade"],"picked":"Armaments","floor":5.0},{"not_picked":["Havoc","Armaments"],"picked":"Demon Form","floor":8.0},{"not_picked":["Body Slam","Fire Breathing"],"picked":"Power Through","floor":10.0},{"not_picked":["Infernal Blade","Clothesline"],"picked":"Whirlwind","floor":12.0},{"not_picked":["Demon Form","Immolate"],"picked":"Offering","floor":16.0},{"not_picked":["Cleave","Havoc+1"],"picked":"Shrug It Off","floor":18.0},{"not_picked":["Sentinel","Wild Strike","Cleave"],"picked":"SKIP","floor":19.0},{"not_picked":["True Grit","Sword Boomerang"],"picked":"Fiend Fire","floor":23.0},{"not_picked":["Sword Boomerang+1","Heavy Blade+1"],"picked":"Warcry","floor":25.0},{"not_picked":["Clothesline","Rupture","Dropkick"],"picked":"SKIP","floor":28.0},{"not_picked":["Carnage","True Grit"],"picked":"Feel No Pain","floor":29},{"not_picked":["Berserk","Double Tap"],"picked":"Limit Break","floor":33},{"not_picked":["Anger","Havoc"],"picked":"Heavy Blade","floor":35},{"not_picked":["Rampage","Corruption"],"picked":"Burning Pact","floor":36},{"not_picked":["Fire Breathing","Clash"],"picked":"Warcry","floor":38},{"not_picked":["Anger+1","Shockwave"],"picked":"Pommel Strike","floor":39}],"player_experience":1498460,"relics_obtained":[{"floor":4.0,"key":"Ginger"},{"floor":7.0,"key":"PreservedInsect"},{"floor":8.0,"key":"MawBank"},{"floor":9.0,"key":"Dodecahedron"},{"floor":12.0,"key":"Bottled Lightning"},{"floor":23.0,"key":"Bag of Marbles"},{"floor":25.0,"key":"Juzu Bracelet"},{"floor":26.0,"key":"Tiny Chest"},{"floor":38,"key":"Nunchaku"}],"event_choices":[{"damage_healed":0.0,"max_hp_gain":0.0,"max_hp_loss":0.0,"gold_gain":0.0,"event_name":"WeMeetAgain","player_choice":"Paid Gold","floor":2.0,"gold_loss":72.0,"damage_taken":0.0,"relics_obtained":["Ancient Tea Set"]},{"damage_healed":0.0,"max_hp_gain":0.0,"max_hp_loss":0.0,"gold_gain":75.0,"event_name":"World of Goop","player_choice":"Gather Gold","floor":14.0,"gold_loss":0.0,"damage_taken":11.0},{"damage_healed":0.0,"max_hp_gain":0.0,"max_hp_loss":0.0,"gold_gain":0.0,"event_name":"Designer","player_choice":"Upgraded Two","floor":21.0,"gold_loss":50.0,"damage_taken":0.0,"cards_upgraded":["Strike_R","Bash"]},{"damage_healed":0.0,"max_hp_gain":0.0,"max_hp_loss":0.0,"gold_gain":0.0,"cards_transformed":["Strike_R"],"event_name":"Transmorgrifier","player_choice":"Transformed","floor":22.0,"gold_loss":0.0,"damage_taken":0.0,"cards_obtained":["Evolve"]},{"damage_healed":0,"gold_gain":100,"player_choice":"Pray","damage_taken":0,"max_hp_gain":0,"max_hp_loss":0,"event_name":"Golden Shrine","floor":31,"gold_loss":0},{"damage_healed":0,"gold_gain":0,"player_choice":"Fight","damage_taken":0,"max_hp_gain":0,"max_hp_loss":0,"event_name":"MindBloom","floor":38,"gold_loss":0},{"damage_healed":0,"gold_gain":0,"player_choice":"Paid","damage_taken":0,"relics_obtained":["Red Mask"],"max_hp_gain":0,"max_hp_loss":0,"event_name":"Tomb of Lord Red Mask","floor":41,"gold_loss":143},{"cards_removed":["Limit Break"],"damage_healed":0,"gold_gain":0,"player_choice":"Removed Skill","damage_taken":0,"max_hp_gain":0,"max_hp_loss":0,"event_name":"Falling","floor":42,"gold_loss":0}],"is_beta":false,"boss_relics":[{"not_picked":["Tiny House","Astrolabe"],"picked":"Cursed Key"},{"not_picked":["Black Blood","Orrery"],"picked":"Runic Dome"}],"items_purged_floors":[13,20,37],"is_endless":false,"potions_floor_spawned":[3,5,8,18,28,36,38],"killed_by":"Jaw Worm Horde","ascension_level":15}