{"gold_per_floor":[115,265,265,73,73,83,83,114,114,126,142,42,59,92,92,165,165,176,176,51,51,51,62,89,14,14,14,25,25,43,54,54,130,130,141,141,158,169,185,185,185],"floor_reached":41,"playtime":1324,"items_purged":["Doubt","Strike_B","Strike_B"],"score":871,"play_id":"1ee87a73-fcea-43c1-b4d4-d0ee65ad8249","local_time":"20190222154833","is_ascension_mode":true,"campfire_choices":[{"data":"Doom and Gloom","floor":7.0,"key":"SMITH"},{"data":"Darkness","floor":15.0,"key":"SMITH"},{"floor":27.0,"key":"REST"},{"data":"Defragment","floor":29.0,"key":"SMITH"},{"data":"Rainbow","floor":32.0,"key":"SMITH"},{"data":"Chill","floor":40.0,"key":"SMITH"}],"neow_cost":"NONE","seed_source_timestamp":13059003956300,"circlet_count":0,"master_deck":["AscendersBane","Strike_B","Defend_B","Defend_B","Defend_B","Defend_B","Zap","Dualcast","Defragment+1","Chill+1","Doom and Gloom+1","Darkness+1","FTL","Buffer+1","Necronomicurse","Rainbow+1","Capacitor+1","Defragment+1"],"special_seed":0,"relics":["Cracked Core","Bag of Marbles","Pantograph","Turnip","Bottled Tornado","Frozen Egg 2","Velvet Choker","Necronomicon","Anchor","Singing Bowl","Coffee Dripper"],"potions_floor_usage":[],"damage_taken":[{"damage":2.0,"enemies":"Jaw Worm","floor":1.0,"turns":3.0},{"damage":0.0,"enemies":"2 Louse","floor":6.0,"turns":3.0},{"damage":8.0,"enemies":"Gremlin Nob","floor":8.0,"turns":3.0},{"damage":1.0,"enemies":"Cultist","floor":10.0,"turns":3.0},{"damage":0.0,"enemies":"Exordium Thugs","floor":11.0,"turns":3.0},{"damage":10.0,"enemies":"Blue Slaver","floor":13.0,"turns":4.0},{"damage":27.0,"enemies":"3 Sentries","floor":14.0,"turns":7.0},{"damage":22.0,"enemies":"Slime Boss","floor":16.0,"turns":4.0},{"damage":0.0,"enemies":"Spheric Guardian","floor":18.0,"turns":4.0},{"damage":0.0,"enemies":"Chosen","floor":23.0,"turns":3.0},{"damage":32.0,"enemies":"Book of Stabbing","floor":24.0,"turns":5.0},{"damage":0.0,"enemies":"3 Cultists","floor":28.0,"turns":2.0},{"damage":0.0,"enemies":"Centurion and Healer","floor":30.0,"turns":4.0},{"damage":0.0,"enemies":"Snake Plant","floor":31.0,"turns":3.0},{"damage":14.0,"enemies":"Collector","floor":33.0,"turns":7.0},{"damage":0.0,"enemies":"Orb Walker","floor":35.0,"turns":4.0},{"damage":0.0,"enemies":"3 Shapes","floor":37.0,"turns":1.0},{"damage":20.0,"enemies":"Spire Growth","floor":38.0,"turns":5.0},{"damage":36.0,"enemies":"Sphere and 2 Shapes","floor":39.0,"turns":5.0},{"damage":27,"enemies":"Nemesis","floor":41,"turns":2}],"seed_played":"-2228427871177083144","potions_obtained":[{"floor":8.0,"key":"SkillPotion"},{"floor":13.0,"key":"Dexterity Potion"},{"floor":16.0,"key":"SteroidPotion"},{"floor":28.0,"key":"Ancient Potion"},{"floor":30.0,"key":"SpeedPotion"}],"is_trial":false,"path_per_floor":["M","?","?","$","T","M","R","E","T","M","M","$","M","E","R","B",null,"M","?","$","?","$","M","E","?","T","R","M","R","M","M","R","B",null,"M","?","M","M","M","R","E"],"character_chosen":"DEFECT","items_purchased":["Defragment","Chill"],"campfire_rested":1,"item_purchase_floors":[4,4],"current_hp_per_floor":[62,62,67,67,67,67,67,59,59,58,58,58,48,21,21,24,63,63,42,42,42,42,42,10,10,10,32,32,32,34,36,36,49,74,76,76,78,60,26,26,0],"gold":185,"neow_bonus":"RANDOM_COMMON_RELIC","is_prod":false,"is_daily":false,"chose_seed":false,"campfire_upgraded":5,"win_rate":0,"timestamp":1550821713,"path_taken":["M","?","?","$","?","M","R","E","T","M","?","?","M","E","R","BOSS","M","?","$","?","?","?","E","?","T","R","M","R","M","M","R","BOSS","M","?","?","M","M","R","E"],"build_version":"2019-01-23","purchased_purges":3,"victory":false,"max_hp_per_floor":[71,71,76,76,76,76,76,76,76,76,76,76,76,76,76,76,76,76,76,76,76,76,76,76,76,76,76,76,76,78,80,80,82,82,84,84,86,88,90,90,90],"card_choices":[{"not_picked":["Redo","Cold Snap","Conserve Battery"],"picked":"SKIP","floor":1.0},{"not_picked":["Consume","Turbo"],"picked":"Doom and Gloom","floor":6.0},{"not_picked":["Steam Power","Cold Snap"],"picked":"Darkness","floor":8.0},{"not_picked":["Barrage","Rainbow","Turbo"],"picked":"SKIP","floor":10.0},{"not_picked":["Beam Cell","Leap","Go for the Eyes"],"picked":"SKIP","floor":11.0},{"not_picked":["Rebound","Force Field","Turbo"],"picked":"SKIP","floor":13.0},{"not_picked":["Steam Power","Scrape"],"picked":"FTL","floor":14.0},{"not_picked":["Machine Learning+1","Multi-Cast"],"picked":"Buffer+1","floor":16.0},{"not_picked":["White Noise","Barrage","Go for the Eyes"],"picked":"SKIP","floor":18.0},{"not_picked":["Ball Lightning","Rebound","Leap"],"picked":"SKIP","floor":23.0},{"not_picked":["Ball Lightning","Rebound","Leap"],"picked":"SKIP","floor":23.0},{"not_picked":["Machine Learning+1","Leap","Rainbow"],"picked":"SKIP","floor":24.0},{"not_picked":["Machine Learning+1","Leap"],"picked":"Rainbow","floor":24.0},{"not_picked":["Barrage","Stack"],"picked":"Capacitor+1","floor":28.0},{"not_picked":["Turbo","Gash","Melter"],"picked":"Singing Bowl","floor":30.0},{"not_picked":["Gash","Sweeping Beam","Static Discharge+1"],"picked":"Singing Bowl","floor":31.0},{"not_picked":["Rainbow","Fission","Reboot"],"picked":"Singing Bowl","floor":33.0},{"not_picked":["Fusion","Turbo","Cold Snap"],"picked":"Singing Bowl","floor":35.0},{"not_picked":["Barrage","Turbo","Ball Lightning"],"picked":"Singing Bowl","floor":37.0},{"not_picked":["Static Discharge+1","Redo","Turbo"],"picked":"Singing Bowl","floor":38.0},{"not_picked":["Redo+1","BootSequence+1","Go for the Eyes"],"picked":"Singing Bowl","floor":39.0}],"player_experience":2659983,"relics_obtained":[{"floor":5.0,"key":"Pantograph"},{"floor":8.0,"key":"Turnip"},{"floor":9.0,"key":"Bottled Tornado"},{"floor":14.0,"key":"Frozen Egg 2"},{"floor":19.0,"key":"Necronomicon"},{"floor":24.0,"key":"Anchor"},{"floor":26.0,"key":"Singing Bowl"}],"event_choices":[{"damage_healed":0.0,"max_hp_gain":0.0,"max_hp_loss":0.0,"gold_gain":150.0,"event_name":"Liars Game","player_choice":"AGREE","floor":2.0,"gold_loss":0.0,"damage_taken":0.0,"cards_obtained":["Doubt"]},{"damage_healed":0.0,"max_hp_gain":5.0,"max_hp_loss":0.0,"gold_gain":0.0,"event_name":"Big Fish","player_choice":"Donut","floor":3.0,"gold_loss":0.0,"damage_taken":0.0},{"damage_healed":0.0,"max_hp_gain":0.0,"max_hp_loss":0.0,"gold_gain":0.0,"event_name":"Cursed Tome","player_choice":"Obtained Book","floor":19.0,"gold_loss":0.0,"damage_taken":21.0},{"cards_removed":["Strike_B"],"damage_healed":0.0,"max_hp_gain":0.0,"max_hp_loss":0.0,"gold_gain":0.0,"event_name":"Beggar","player_choice":"Gave Gold","floor":25.0,"gold_loss":75.0,"damage_taken":0.0},{"damage_healed":0.0,"max_hp_gain":0.0,"max_hp_loss":0.0,"gold_gain":0.0,"event_name":"Duplicator","player_choice":"Copied","floor":36.0,"gold_loss":0.0,"damage_taken":0.0,"cards_obtained":["Defragment"]}],"is_beta":false,"boss_relics":[{"not_picked":["Busted Crown","Eternal Feather"],"picked":"Velvet Choker"},{"not_picked":["Nuclear Battery","Calling Bell"],"picked":"Coffee Dripper"}],"items_purged_floors":[4,12,20],"is_endless":false,"potions_floor_spawned":[8,13,16,23,28,30],"killed_by":"Nemesis","ascension_level":20}