{"gold_per_floor":[118,293,393,393,410,410,438,438,512,540,540,554,26,42,42,146,146,166,81,96,57,68,68,87,87,87,120,120,120,155,175,175,279,279,298,18,31,31,42,42,69,69,69,69,89,89,55,82,82,82],"floor_reached":51,"playtime":2541,"items_purged":[],"score":1101,"play_id":"b4a2e19f-7b1b-422e-a25f-c7f3eda36355","local_time":"20180730214227","is_ascension_mode":true,"campfire_choices":[{"data":"Storm of Steel","floor":6,"key":"SMITH"},{"data":"PiercingWail","floor":8,"key":"SMITH"},{"data":"All Out Attack","floor":11,"key":"SMITH"},{"data":"Crippling Poison","floor":15,"key":"SMITH"},{"floor":23,"key":"DIG"},{"floor":28,"key":"DIG"},{"floor":32,"key":"DIG"},{"data":"Apotheosis","floor":40,"key":"SMITH"},{"floor":42,"key":"DIG"},{"floor":44,"key":"DIG"},{"floor":49,"key":"DIG"}],"neow_cost":"NONE","seed_source_timestamp":246766327636201,"circlet_count":0,"master_deck":["Defend_G","Defend_G","Defend_G","Defend_G","Defend_G","Strike_G","Strike_G","Strike_G","Strike_G","Survivor","Neutralize","Storm of Steel+1","All Out Attack+1","Doubt","Die Die Die","PiercingWail+1","PiercingWail","Caltrops+1","Cloak And Dagger","Noxious Fumes+1","Crippling Poison+1","Adrenaline","Choke+1","Footwork+1","Wraith Form v2+1","Deflect","Neutralize","Crippling Poison+1","Apotheosis+1","Crippling Poison","PiercingWail+1","Thinking Ahead","Accuracy+1","Footwork+1","A Thousand Cuts+1","Well Laid Plans+1","Footwork+1"],"relics":["Ring of the Snake","Frozen Egg 2","Dodecahedron","Pantograph","Lee\u0027s Waffle","Shovel","Sozu","Mummified Hand","Turnip","Enchiridion","Ornamental Fan","Peace Pipe","Bag of Marbles","Torii","Vajra","Lizard Tail","Bronze Scales","Thread and Needle","Mango","Darkstone Periapt","Oddly Smooth Stone","Regal Pillow"],"potions_floor_usage":[33,50],"damage_taken":[{"damage":7,"enemies":"Small Slimes","floor":1,"turns":3},{"damage":0,"enemies":"Jaw Worm","floor":5,"turns":4},{"damage":8,"enemies":"3 Sentries","floor":7,"turns":6},{"damage":15,"enemies":"Gremlin Nob","floor":10,"turns":4},{"damage":0,"enemies":"Cultist","floor":12,"turns":4},{"damage":1,"enemies":"Blue Slaver","floor":14,"turns":4},{"damage":15,"enemies":"Slime Boss","floor":16,"turns":9},{"damage":6,"enemies":"Shell Parasite","floor":18,"turns":5},{"damage":6,"enemies":"2 Thieves","floor":20,"turns":3},{"damage":6,"enemies":"Snake Plant","floor":22,"turns":3},{"damage":0,"enemies":"3 Cultists","floor":24,"turns":3},{"damage":0,"enemies":"Slavers","floor":27,"turns":4},{"damage":1,"enemies":"Gremlin Leader","floor":30,"turns":5},{"damage":7,"enemies":"Centurion and Healer","floor":31,"turns":4},{"damage":18,"enemies":"Automaton","floor":33,"turns":8},{"damage":1,"enemies":"3 Shapes","floor":35,"turns":3},{"damage":0,"enemies":"3 Darklings","floor":37,"turns":4},{"damage":10,"enemies":"4 Shapes","floor":39,"turns":3},{"damage":2,"enemies":"Giant Head","floor":41,"turns":10},{"damage":0,"enemies":"Sphere and 2 Shapes","floor":45,"turns":5},{"damage":0,"enemies":"2 Orb Walkers","floor":48,"turns":4},{"damage":47,"enemies":"Time Eater","floor":50,"turns":13}],"seed_played":"6978500832422313430","potions_obtained":[{"floor":1,"key":"SmokeBomb"},{"floor":12,"key":"LiquidBronze"},{"floor":14,"key":"EntropicBrew"}],"is_trial":false,"path_per_floor":["M","?","?","?","M","R","E","R","T","E","R","M","$","M","R","B",null,"M","?","M","$","M","R","M","?","T","E","R","?","E","M","R","B",null,"M","$","M","?","M","R","E","R","T","R","M","?","$","E","R","B"],"character_chosen":"THE_SILENT","items_purchased":["Noxious Fumes+1","Lee\u0027s Waffle","Shovel","Footwork+1","Apotheosis","Crippling Poison","Well Laid Plans+1"],"campfire_rested":0,"item_purchase_floors":[13,13,13,21,36,36,47],"current_hp_per_floor":[56,56,56,56,56,56,48,48,48,33,33,33,77,76,76,62,73,67,67,61,61,55,55,55,39,39,39,39,39,38,31,31,38,67,66,66,66,66,56,56,54,54,68,68,68,68,68,68,68,44],"gold":82,"neow_bonus":"ONE_RANDOM_RARE_CARD","is_prod":false,"is_daily":false,"chose_seed":false,"campfire_upgraded":5,"win_rate":0,"timestamp":1532979747,"path_taken":["M","?","?","?","M","R","E","R","T","E","R","M","$","M","R","BOSS","M","?","M","$","M","R","M","?","T","E","R","?","E","M","R","BOSS","M","$","?","?","M","R","E","R","T","R","M","?","$","E","R","BOSS"],"build_version":"2018-07-26","purchased_purges":0,"victory":true,"max_hp_per_floor":[70,70,70,70,70,70,70,70,70,70,70,70,77,77,77,77,77,77,77,77,77,77,77,77,77,77,77,77,77,77,77,77,77,77,77,77,77,77,77,77,77,77,91,91,91,91,91,91,91,91],"card_choices":[{"not_picked":["Outmaneuver","Masterful Stab"],"picked":"All Out Attack","floor":1},{"not_picked":["Deflect","Catalyst"],"picked":"PiercingWail","floor":5},{"not_picked":["Dagger Spray","Slice"],"picked":"PiercingWail","floor":7},{"not_picked":["Blur","Dodge and Roll"],"picked":"Caltrops+1","floor":10},{"not_picked":["Finisher","Deadly Poison"],"picked":"Cloak And Dagger","floor":12},{"not_picked":["Outmaneuver","Sucker Punch"],"picked":"Crippling Poison","floor":14},{"not_picked":["Malaise","Night Terror"],"picked":"Adrenaline","floor":16},{"not_picked":["Expertise","Dagger Throw","Flying Knee"],"picked":"SKIP","floor":18},{"not_picked":["Poisoned Stab","Underhanded Strike"],"picked":"Choke+1","floor":20},{"not_picked":["Expertise","Poisoned Stab+1","Deflect+1"],"picked":"SKIP","floor":22},{"not_picked":["Bane","Quick Slash","Dagger Throw"],"picked":"SKIP","floor":24},{"not_picked":["Setup","Acrobatics"],"picked":"Wraith Form v2+1","floor":27},{"not_picked":["Dagger Spray","Dodge and Roll"],"picked":"Crippling Poison+1","floor":30},{"not_picked":["Reflex+1","Outmaneuver","Flechettes"],"picked":"SKIP","floor":31},{"not_picked":["Deflect","Backflip","Prepared"],"picked":"SKIP","floor":35},{"not_picked":["Flying Knee+1","All Out Attack"],"picked":"PiercingWail+1","floor":37},{"not_picked":["Good Instincts","Deep Breath"],"picked":"Thinking Ahead","floor":38},{"not_picked":["Acrobatics","Prepared+1"],"picked":"Accuracy+1","floor":39},{"not_picked":["Expertise","Dash+1"],"picked":"Footwork+1","floor":41},{"not_picked":["Deflect","Poisoned Stab+1","Leg Sweep"],"picked":"SKIP","floor":45},{"not_picked":["Masterful Stab+1","Deadly Poison+1"],"picked":"Footwork+1","floor":48}],"player_experience":229833,"relics_obtained":[{"floor":7,"key":"Frozen Egg 2"},{"floor":9,"key":"Dodecahedron"},{"floor":10,"key":"Pantograph"},{"floor":23,"key":"Turnip"},{"floor":25,"key":"Enchiridion"},{"floor":26,"key":"Ornamental Fan"},{"floor":27,"key":"Peace Pipe"},{"floor":28,"key":"Bag of Marbles"},{"floor":30,"key":"Torii"},{"floor":32,"key":"Vajra"},{"floor":41,"key":"Bronze Scales"},{"floor":42,"key":"Thread and Needle"},{"floor":43,"key":"Mango"},{"floor":44,"key":"Darkstone Periapt"},{"floor":48,"key":"Oddly Smooth Stone"},{"floor":49,"key":"Regal Pillow"}],"event_choices":[{"event_name":"Liars Game","player_choice":"agreed","floor":2,"damage_taken":0},{"event_name":"Golden Shrine","player_choice":"Pray","floor":3,"damage_taken":0},{"event_name":"Transmorgrifier","player_choice":"Transform","floor":4,"damage_taken":0},{"event_name":"Addict","player_choice":"Obtained Relic","floor":19,"damage_taken":0},{"event_name":"Cursed Tome","player_choice":"Obtained Book","floor":25,"damage_taken":0},{"event_name":"Match and Keep!","player_choice":"3 cards matched","floor":29,"damage_taken":0},{"event_name":"SensoryStone","player_choice":"Memory 1","floor":38,"damage_taken":0},{"event_name":"Transmorgrifier","player_choice":"Transform","floor":46,"damage_taken":0}],"is_beta":false,"boss_relics":[{"not_picked":["Empty Cage","Ectoplasm"],"picked":"Sozu"},{"not_picked":["Orrery","White Beast Statue"],"picked":"Lizard Tail"}],"items_purged_floors":[],"is_endless":false,"potions_floor_spawned":[1,12,14,20,22,27,41,48],"ascension_level":6}