{"gold_per_floor":[109,126,140,156,176,176,201,201,201,267,302,313,327,353,365,448,460,460,460,460,351,351,351,351,351,351,351,229,154,154,154,154,154,154,154,154,154,154,154,154,154,154,154,154,154,154,79,79,79,79],"floor_reached":51,"playtime":3816,"items_purged":["Strike_G+1"],"score":1329,"play_id":"ee37690f-5dbc-4e51-9d5e-4df588e2fd57","local_time":"20180723151801","is_ascension_mode":true,"campfire_choices":[{"data":"Terror","floor":6.0,"key":"SMITH"},{"data":"Neutralize","floor":8.0,"key":"SMITH"},{"data":"Cloak And Dagger","floor":15.0,"key":"SMITH"},{"data":"Cloak And Dagger","floor":23.0,"key":"SMITH"},{"floor":25.0,"key":"REST"},{"data":"Cloak And Dagger","floor":27.0,"key":"SMITH"},{"floor":32.0,"key":"REST"},{"data":"Blur","floor":40.0,"key":"SMITH"},{"data":"Footwork","floor":42,"key":"SMITH"},{"data":"Cloak And Dagger","floor":46,"key":"SMITH"},{"data":"Footwork","floor":49,"key":"SMITH"}],"neow_cost":"NONE","seed_source_timestamp":0,"circlet_count":0,"master_deck":["Defend_G+1","Defend_G+1","Defend_G+1","Defend_G+1","Defend_G+1","Strike_G+1","Strike_G+1","Neutralize+1","AscendersBane","Terror+1","Dagger Spray","Cloak And Dagger+1","Infinite Blades","Backstab","Noxious Fumes","Dagger Throw","Cloak And Dagger+1","Adrenaline","Footwork+1","Well Laid Plans","Leg Sweep","Escape Plan","Cloak And Dagger+1","Acrobatics","Footwork+1","Glass Knife","Backflip","Blur+1","Leg Sweep","Cloak And Dagger+1","Dodge and Roll+1"],"special_seed":0,"relics":["Ring of the Snake","Omamori","Mercury Hourglass","Bottled Tornado","MawBank","Ectoplasm","Bronze Scales","Shuriken","Lizard Tail","Gremlin Horn"],"potions_floor_usage":[50,50],"damage_taken":[{"damage":1.0,"enemies":"Cultist","floor":1.0,"turns":3.0},{"damage":0.0,"enemies":"Small Slimes","floor":2.0,"turns":3.0},{"damage":0.0,"enemies":"Jaw Worm","floor":3.0,"turns":4.0},{"damage":0.0,"enemies":"Looter","floor":4.0,"turns":3.0},{"damage":14.0,"enemies":"3 Louse","floor":5.0,"turns":5.0},{"damage":4.0,"enemies":"3 Sentries","floor":7.0,"turns":6.0},{"damage":8.0,"enemies":"Gremlin Nob","floor":11.0,"turns":3.0},{"damage":0.0,"enemies":"2 Fungi Beasts","floor":12.0,"turns":2.0},{"damage":3.0,"enemies":"Looter","floor":13.0,"turns":3.0},{"damage":10.0,"enemies":"Lagavulin","floor":14.0,"turns":5.0},{"damage":19.0,"enemies":"Slime Boss","floor":16.0,"turns":8.0},{"damage":0.0,"enemies":"Spheric Guardian","floor":18.0,"turns":3.0},{"damage":0.0,"enemies":"Chosen","floor":20.0,"turns":3.0},{"damage":4.0,"enemies":"Snake Plant","floor":22.0,"turns":4.0},{"damage":25.0,"enemies":"Gremlin Leader","floor":24.0,"turns":8.0},{"damage":0.0,"enemies":"Sentry and Sphere","floor":30.0,"turns":3.0},{"damage":9.0,"enemies":"Snecko","floor":31.0,"turns":6.0},{"damage":0.0,"enemies":"Champ","floor":33.0,"turns":10.0},{"damage":0.0,"enemies":"Flame Bruiser 1 Orb","floor":35.0,"turns":4.0},{"damage":0.0,"enemies":"3 Darklings","floor":36.0,"turns":5.0},{"damage":0.0,"enemies":"Transient","floor":37.0,"turns":5.0},{"damage":4.0,"enemies":"Spire Growth","floor":38.0,"turns":4.0},{"damage":9.0,"enemies":"Sphere and 2 Shapes","floor":39.0,"turns":5.0},{"damage":0.0,"enemies":"Flame Bruiser 2 Orb","floor":41.0,"turns":5.0},{"damage":5,"enemies":"3 Darklings","floor":45,"turns":5},{"damage":0,"enemies":"4 Shapes","floor":48,"turns":5},{"damage":0,"enemies":"Awakened One","floor":50,"turns":14}],"seed_played":"5507726288583850974","potions_obtained":[{"floor":3.0,"key":"Swift Potion"},{"floor":5.0,"key":"AttackPotion"},{"floor":7.0,"key":"Regen Potion"},{"floor":11.0,"key":"SneckoOil"},{"floor":14.0,"key":"GhostInAJar"},{"floor":22.0,"key":"SteroidPotion"},{"floor":24.0,"key":"GhostInAJar"},{"floor":35.0,"key":"Dexterity Potion"}],"is_trial":false,"path_per_floor":["M","M","M","M","M","R","E","R","T","?","E","M","M","E","R","B",null,"M","?","M","$","M","R","E","R","T","R","$","?","M","M","R","B",null,"M","M","M","M","M","R","M","R","T","?","M","R","$","M","R","B"],"character_chosen":"THE_SILENT","items_purchased":["Well Laid Plans","Leg Sweep","Acrobatics","Footwork"],"campfire_rested":2,"item_purchase_floors":[21,21,28,28],"current_hp_per_floor":[58,58,58,58,44,44,40,40,40,40,32,32,29,33,33,14,53,53,53,53,53,49,49,24,43,43,43,43,43,43,34,53,53,63,63,63,63,59,50,50,50,50,50,50,45,45,45,45,45,45],"gold":79,"neow_bonus":"TRANSFORM_CARD","is_prod":false,"is_daily":false,"chose_seed":false,"campfire_upgraded":9,"win_rate":0,"timestamp":1532384281,"path_taken":["M","M","M","M","M","R","E","R","T","?","E","M","M","E","R","BOSS","M","?","M","$","M","R","E","R","T","R","$","?","M","M","R","BOSS","M","M","?","M","M","R","M","R","T","?","M","R","$","M","R","BOSS"],"build_version":"2018-07-19v2","purchased_purges":1,"victory":true,"max_hp_per_floor":[66,66,66,66,66,66,66,66,66,66,66,66,66,66,66,66,66,66,66,66,66,66,66,66,66,66,66,66,66,66,66,66,66,66,66,66,66,66,66,66,66,66,66,66,66,66,66,66,66,66],"card_choices":[{"not_picked":["Leg Sweep","Tactician"],"picked":"Dagger Spray","floor":1.0},{"not_picked":["Deflect","Quick Slash"],"picked":"Cloak And Dagger","floor":2.0},{"not_picked":["Poisoned Stab","Prepared"],"picked":"Infinite Blades","floor":3.0},{"not_picked":["Bane","PiercingWail","Deadly Poison"],"picked":"SKIP","floor":4.0},{"not_picked":["Deflect","Slice"],"picked":"Backstab","floor":5.0},{"not_picked":["Masterful Stab","Expertise","Prepared"],"picked":"SKIP","floor":7.0},{"not_picked":["Venomology","Prepared","Dodge and Roll"],"picked":"SKIP","floor":11.0},{"not_picked":["Dodge and Roll","Sucker Punch"],"picked":"Noxious Fumes","floor":12.0},{"not_picked":["Poisoned Stab","Flechettes"],"picked":"Dagger Throw","floor":13.0},{"not_picked":["Concentrate","Distraction"],"picked":"Cloak And Dagger","floor":14.0},{"not_picked":["Die Die Die","Doppelganger"],"picked":"Adrenaline","floor":16.0},{"not_picked":["Poisoned Stab","Outmaneuver","Slice"],"picked":"SKIP","floor":18.0},{"not_picked":["Terror","Escape Plan"],"picked":"Footwork","floor":20.0},{"not_picked":["Dagger Spray","Flying Knee"],"picked":"Escape Plan","floor":22.0},{"not_picked":["Dagger Throw","Bullet Time"],"picked":"Cloak And Dagger","floor":24.0},{"not_picked":["Acrobatics+1","Prepared","Underhanded Strike"],"picked":"SKIP","floor":30.0},{"not_picked":["Prepared","Deadly Poison","Concentrate"],"picked":"SKIP","floor":31.0},{"not_picked":["Tools of the Trade","Wraith Form v2"],"picked":"Glass Knife","floor":33.0},{"not_picked":["Eviscerate","Flechettes","Bouncing Flask+1"],"picked":"SKIP","floor":35.0},{"not_picked":["Dodge and Roll","Flying Knee","Flechettes"],"picked":"SKIP","floor":36.0},{"not_picked":["Blur","Bane"],"picked":"Backflip","floor":37.0},{"not_picked":["Quick Slash","Flechettes","Bouncing Flask"],"picked":"SKIP","floor":38.0},{"not_picked":["Masterful Stab","Dash+1"],"picked":"Blur","floor":39.0},{"not_picked":["Deadly Poison","Prepared"],"picked":"Leg Sweep","floor":41.0},{"not_picked":["Quick Slash","Poisoned Stab"],"picked":"Cloak And Dagger","floor":45},{"not_picked":["Underhanded Strike","Storm of Steel"],"picked":"Dodge and Roll+1","floor":48}],"player_experience":858497,"relics_obtained":[{"floor":7.0,"key":"Omamori"},{"floor":9.0,"key":"Mercury Hourglass"},{"floor":11.0,"key":"Bottled Tornado"},{"floor":14.0,"key":"MawBank"},{"floor":24.0,"key":"Bronze Scales"},{"floor":26.0,"key":"Shuriken"},{"floor":43,"key":"Gremlin Horn"}],"event_choices":[{"event_name":"Golden Wing","player_choice":"Gained Gold","floor":10.0,"damage_taken":0.0},{"event_name":"Back to Basics","player_choice":"Simplicity","floor":19.0,"damage_taken":0.0},{"event_name":"Beggar","player_choice":"Gave Gold","floor":29.0,"damage_taken":0.0},{"event_name":"Purifier","player_choice":"One Purge","floor":44,"damage_taken":0}],"is_beta":false,"boss_relics":[{"not_picked":["HoveringKite","Pandora\u0027s Box"],"picked":"Ectoplasm"},{"not_picked":["Tiny House","Coffee Dripper"],"picked":"Lizard Tail"}],"items_purged_floors":[47],"is_endless":false,"potions_floor_spawned":[3,5,7,11,13,14,22,24,30,31,35,36,37,48],"ascension_level":15}