{"gold_per_floor":[114,114,132,151,28,28,64,89,115,179,179,179,202,242,242,332,332,348,366,172,172,190,229,229,267,317,32,32,32,68,18,18,18],"floor_reached":33,"playtime":1239,"items_purged":["Strike_B"],"score":635,"play_id":"14f62443-40e2-4fd4-ab8b-405443277356","local_time":"20180911222951","is_ascension_mode":true,"campfire_choices":[{"floor":6.0,"key":"REST"},{"data":"Streamline","floor":12.0,"key":"SMITH"},{"data":"Zap","floor":15.0,"key":"SMITH"},{"floor":24.0,"key":"REST"},{"floor":29,"key":"REST"},{"floor":32,"key":"REST"}],"neow_cost":"NONE","seed_source_timestamp":41832883332293,"circlet_count":0,"master_deck":["Strike_B","Strike_B","Strike_B","Defend_B","Defend_B","Defend_B","Defend_B","Zap+1","Dualcast","AscendersBane","Conserve Battery","Injury","Rip and Tear","Cold Snap","Ball Lightning","Leap","Undo","Streamline+1","Conserve Battery","Skim","Ball Lightning","Core Surge","Go for the Eyes","Capacitor","Conserve Battery","Cold Snap+1","Reboot","Compile Driver","Core Surge","Conserve Battery+1","Consume","Hologram"],"special_seed":0,"relics":["Cracked Core","PreservedInsect","Golden Idol","Dream Catcher","Boot","Tiny Chest","Centennial Puzzle","Velvet Choker","Potion Belt","Vajra","Pear","Nloth\u0027s Gift","Ornamental Fan"],"potions_floor_usage":[25,33],"damage_taken":[{"damage":9.0,"enemies":"Small Slimes","floor":1.0,"turns":3.0},{"damage":0.0,"enemies":"2 Louse","floor":3.0,"turns":3.0},{"damage":12.0,"enemies":"Jaw Worm","floor":4.0,"turns":3.0},{"damage":2.0,"enemies":"Gremlin Nob","floor":7.0,"turns":3.0},{"damage":1.0,"enemies":"Large Slime","floor":8.0,"turns":5.0},{"damage":9.0,"enemies":"Lagavulin","floor":10.0,"turns":5.0},{"damage":2.0,"enemies":"2 Fungi Beasts","floor":13.0,"turns":3.0},{"damage":2.0,"enemies":"Gremlin Nob","floor":14.0,"turns":3.0},{"damage":34.0,"enemies":"Hexaghost","floor":16.0,"turns":9.0},{"damage":7.0,"enemies":"Chosen","floor":18.0,"turns":4.0},{"damage":10.0,"enemies":"3 Byrds","floor":19.0,"turns":4.0},{"damage":0.0,"enemies":"Cultist and Chosen","floor":22.0,"turns":5.0},{"damage":32.0,"enemies":"Slavers","floor":23.0,"turns":4.0},{"damage":20,"enemies":"Gremlin Leader","floor":25,"turns":6},{"damage":26,"enemies":"Slavers","floor":30,"turns":6},{"damage":46,"enemies":"Collector","floor":33,"turns":10}],"seed_played":"-1065511996528626703","potions_obtained":[{"floor":3.0,"key":"SpeedPotion"},{"floor":7.0,"key":"Weak Potion"},{"floor":13.0,"key":"SteroidPotion"},{"floor":16.0,"key":"EssenceOfSteel"},{"floor":19.0,"key":"FearPotion"},{"floor":22.0,"key":"Poison Potion"},{"floor":30,"key":"SpeedPotion"}],"is_trial":false,"path_per_floor":["M","?","M","M","$","R","E","M","T","E","?","R","M","E","R","B",null,"M","M","$","?","M","E","R","E","T","$","?","R","E","?","R"],"character_chosen":"DEFECT","items_purchased":["Ball Lightning","Leap","FocusPotion","Conserve Battery","Pear"],"campfire_rested":4,"item_purchase_floors":[5,5,20,20,27],"current_hp_per_floor":[55,55,55,43,43,64,62,61,61,52,52,52,50,48,48,14,57,50,40,40,40,40,8,29,9,9,19,19,43,17,17,41,0],"gold":18,"neow_bonus":"RANDOM_COMMON_RELIC","is_prod":false,"is_daily":false,"chose_seed":false,"campfire_upgraded":2,"win_rate":0,"timestamp":1536730191,"path_taken":["M","?","M","M","$","R","E","M","T","E","?","R","M","E","R","BOSS","M","M","$","?","?","E","R","E","T","$","?","R","E","?","R","BOSS"],"build_version":"2018-09-06","purchased_purges":1,"victory":false,"max_hp_per_floor":[71,71,71,71,71,71,71,71,71,71,71,71,71,71,71,71,71,71,71,71,71,71,71,71,71,71,81,81,81,81,81,81,81],"card_choices":[{"not_picked":["Beam Cell","Reinforced Body"],"picked":"Conserve Battery","floor":1.0},{"not_picked":["Hello World","Stack"],"picked":"Rip and Tear","floor":3.0},{"not_picked":["Streamline","Tempest"],"picked":"Cold Snap","floor":4.0},{"not_picked":["Redo","Hologram"],"picked":"Undo","floor":7.0},{"not_picked":["Conserve Battery","Gash"],"picked":"Streamline","floor":8.0},{"not_picked":["Beam Cell","Scrape"],"picked":"Conserve Battery","floor":10.0},{"not_picked":["Turbo","Aggregate"],"picked":"Skim","floor":13.0},{"not_picked":["Conserve Battery","Streamline"],"picked":"Ball Lightning","floor":14.0},{"not_picked":["Amplify","Hyperbeam"],"picked":"Core Surge","floor":16.0},{"not_picked":["Streamline","Undo"],"picked":"Go for the Eyes","floor":18.0},{"not_picked":["Hologram","Leap"],"picked":"Capacitor","floor":19.0},{"not_picked":["Fusion","Heatsinks"],"picked":"Cold Snap+1","floor":22.0},{"not_picked":["Ball Lightning","Steam Power"],"picked":"Reboot","floor":23.0},{"not_picked":["Cold Snap","Go for the Eyes"],"picked":"Compile Driver","floor":24.0},{"not_picked":["Sunder","Sweeping Beam+1"],"picked":"Core Surge","floor":25},{"not_picked":["Turbo","Stack"],"picked":"Conserve Battery+1","floor":29},{"not_picked":["Hyperbeam","Steam"],"picked":"Consume","floor":30},{"not_picked":["Barrage","Beam Cell"],"picked":"Hologram","floor":32}],"player_experience":1108616,"relics_obtained":[{"floor":7.0,"key":"Dream Catcher"},{"floor":9.0,"key":"Boot"},{"floor":10.0,"key":"Tiny Chest"},{"floor":14.0,"key":"Centennial Puzzle"},{"floor":23.0,"key":"Potion Belt"},{"floor":25,"key":"Orichalcum"},{"floor":26,"key":"Vajra"},{"floor":30,"key":"Ornamental Fan"}],"event_choices":[{"event_name":"Golden Idol","player_choice":"Take Wound","floor":2.0,"damage_taken":0.0},{"event_name":"Dead Adventurer","player_choice":"Searched \u00270\u0027 times","floor":11.0,"damage_taken":0.0},{"event_name":"Cursed Tome","player_choice":"Ignored","floor":21.0,"damage_taken":0.0},{"event_name":"N\u0027loth","player_choice":"Traded a Orichalcum","floor":28,"damage_taken":0},{"event_name":"The Joust","player_choice":"Bet on Owner","floor":31,"damage_taken":0}],"is_beta":false,"boss_relics":[{"not_picked":["Black Star","Runic Dome"],"picked":"Velvet Choker"}],"items_purged_floors":[20],"is_endless":false,"potions_floor_spawned":[3,7,13,16,19,22,30],"killed_by":"Collector","ascension_level":18}