{"gold_per_floor":[119,119,69,22,35,66,66,86,86,86,102,140,161,184,184,184],"floor_reached":16,"playtime":433,"items_purged":[],"score":137,"play_id":"da3715bc-b86d-4ea9-8cc3-82cd27d39919","local_time":"20181202122253","is_ascension_mode":false,"campfire_choices":[{"data":"Clothesline","floor":7,"key":"SMITH"},{"data":"Perfected Strike","floor":15,"key":"SMITH"}],"neow_cost":"NONE","seed_source_timestamp":554108718115161,"circlet_count":0,"master_deck":["Strike_R","Strike_R","Strike_R","Strike_R","Defend_R","Defend_R","Defend_R","Defend_R","Bash","Thunderclap","Twin Strike","Clothesline+1","Pommel Strike","Perfected Strike+1","Regret","Dual Wield","Dual Wield","Pommel Strike","Twin Strike"],"relics":["Burning Blood","NeowsBlessing","Golden Idol","Kunai","Paper Frog","Pen Nib","Pantograph"],"potions_floor_usage":[6,13,16],"damage_taken":[{"damage":0,"enemies":"Jaw Worm","floor":1,"turns":1},{"damage":0,"enemies":"Small Slimes","floor":5,"turns":1},{"damage":0,"enemies":"Gremlin Nob","floor":6,"turns":1},{"damage":0,"enemies":"2 Louse","floor":8,"turns":1},{"damage":13,"enemies":"Looter","floor":11,"turns":2},{"damage":36,"enemies":"3 Sentries","floor":12,"turns":7},{"damage":8,"enemies":"Lots of Slimes","floor":13,"turns":3},{"damage":18,"enemies":"Large Slime","floor":14,"turns":4},{"damage":58,"enemies":"The Guardian","floor":16,"turns":8}],"seed_played":"3019826446183630372","potions_obtained":[{"floor":1,"key":"Poison Potion"},{"floor":5,"key":"Fruit Juice"},{"floor":12,"key":"SneckoOil"}],"is_trial":false,"path_per_floor":["M","?","?","$","M","E","R","M","T","?","M","E","M","M","R","B"],"character_chosen":"IRONCLAD","items_purchased":["Twin Strike"],"campfire_rested":0,"item_purchase_floors":[4],"current_hp_per_floor":[80,60,60,60,66,77,77,83,83,83,76,46,44,32,32,0],"gold":184,"neow_bonus":"THREE_ENEMY_KILL","is_prod":false,"is_daily":false,"chose_seed":false,"campfire_upgraded":2,"win_rate":0,"timestamp":1543749773,"path_taken":["M","?","?","$","M","E","R","M","T","?","M","E","M","?","R","BOSS"],"build_version":"2018-11-15","purchased_purges":0,"victory":false,"max_hp_per_floor":[80,80,80,80,80,85,85,85,85,85,85,85,85,85,85,85],"card_choices":[{"not_picked":["Intimidate","True Grit"],"picked":"Thunderclap","floor":1},{"not_picked":["Anger","Second Wind"],"picked":"Clothesline","floor":5},{"not_picked":["Heavy Blade","Combust"],"picked":"Pommel Strike","floor":6},{"not_picked":["True Grit","Iron Wave"],"picked":"Perfected Strike","floor":8},{"not_picked":["Wild Strike","Berserk"],"picked":"Dual Wield","floor":11},{"not_picked":["Uppercut","Rampage"],"picked":"Dual Wield","floor":12},{"not_picked":["Flex","Carnage"],"picked":"Pommel Strike","floor":13},{"not_picked":["Fire Breathing","Rage"],"picked":"Twin Strike","floor":14}],"player_experience":361593,"relics_obtained":[{"floor":6,"key":"Kunai"},{"floor":9,"key":"Paper Frog"},{"floor":12,"key":"Pantograph"}],"event_choices":[{"damage_healed":0,"gold_gain":0,"player_choice":"Take Damage","damage_taken":20,"relics_obtained":["Golden Idol"],"max_hp_gain":0,"max_hp_loss":0,"event_name":"Golden Idol","floor":2,"gold_loss":0},{"cards_removed":["Strike_R"],"damage_healed":0,"gold_gain":0,"player_choice":"Card Removal","damage_taken":0,"max_hp_gain":0,"max_hp_loss":0,"event_name":"The Cleric","floor":3,"gold_loss":50},{"damage_healed":0,"gold_gain":0,"player_choice":"Box","damage_taken":0,"relics_obtained":["Pen Nib"],"max_hp_gain":0,"max_hp_loss":0,"event_name":"Big Fish","floor":10,"gold_loss":0,"cards_obtained":["Regret"]}],"is_beta":false,"boss_relics":[],"items_purged_floors":[],"is_endless":false,"potions_floor_spawned":[1,5,12],"killed_by":"The Guardian","ascension_level":0}