{"gold_per_floor":[110,110,35,110,126,126,161,2,2,19,32,32,32,43,43,119,119,136,150,50,76,88,115,132,166,189,221,221,221,235,267,267,341,341,353,371,471,481,481,512,512,539,539,539,539,554,391,171,171,171,171,171,171,26,358,358],"floor_reached":57,"playtime":2591,"items_purged":["Strike_G","Bane+1","All Out Attack+1","Flechettes+1"],"score":3211,"play_id":"09255e4b-e36e-4650-91c9-ecd8ec82628b","local_time":"20181207020608","is_ascension_mode":true,"campfire_choices":[{"data":"Quick Slash","floor":6.0,"key":"SMITH"},{"data":"Tactician","floor":12.0,"key":"SMITH"},{"data":"Neutralize","floor":15.0,"key":"SMITH"},{"data":"Calculated Gamble","floor":29.0,"key":"SMITH"},{"data":"Reflex","floor":32.0,"key":"SMITH"},{"data":"Acrobatics","floor":41.0,"key":"SMITH"},{"data":"Well Laid Plans","floor":44.0,"key":"SMITH"},{"floor":49.0,"key":"RECALL"},{"data":"Deep Breath","floor":53,"key":"SMITH"}],"neow_cost":"NONE","seed_source_timestamp":111603138907493,"circlet_count":0,"master_deck":["AscendersBane","Survivor","Neutralize+1","Footwork","Quick Slash+1","Tactician+1","Dagger Throw+1","All Out Attack+1","Malaise","Choke+1","Underhanded Strike+1","Deflect","Deflect","Calculated Gamble+1","Acrobatics+1","Well Laid Plans+1","Reflex+1","Terror","Expertise+1","Deep Breath+1","Grand Finale+1","Infinite Blades","Backflip","Acrobatics","Escape Plan","Finesse"],"special_seed":0,"relics":["Ring of the Snake","StoneCalendar","Bag of Marbles","Molten Egg 2","Ninja Scroll","Pandora\u0027s Box","Red Mask","Blue Candle","Ornamental Fan","Boot","Sundial","Nloth\u0027s Gift","The Courier","Black Star","Girya","Pen Nib","Whetstone","Question Card","Bottled Tornado","Peace Pipe","Old Coin"],"potions_floor_usage":[51,56,56],"damage_taken":[{"damage":0.0,"enemies":"Small Slimes","floor":1.0,"turns":1.0},{"damage":0.0,"enemies":"2 Louse","floor":5.0,"turns":1.0},{"damage":0.0,"enemies":"Lagavulin","floor":7.0,"turns":1.0},{"damage":0.0,"enemies":"Jaw Worm","floor":10.0,"turns":6.0},{"damage":0.0,"enemies":"Gremlin Gang","floor":11.0,"turns":5.0},{"damage":0.0,"enemies":"Exordium Wildlife","floor":14.0,"turns":1.0},{"damage":27.0,"enemies":"Slime Boss","floor":16.0,"turns":8.0},{"damage":0.0,"enemies":"Shell Parasite","floor":18.0,"turns":1.0},{"damage":10.0,"enemies":"Spheric Guardian","floor":19.0,"turns":4.0},{"damage":0.0,"enemies":"Masked Bandits","floor":21.0,"turns":2.0},{"damage":0.0,"enemies":"Shelled Parasite and Fungi","floor":22.0,"turns":2.0},{"damage":12.0,"enemies":"Book of Stabbing","floor":23.0,"turns":3.0},{"damage":6.0,"enemies":"Snecko","floor":24.0,"turns":4.0},{"damage":0.0,"enemies":"Slavers","floor":25.0,"turns":1.0},{"damage":0.0,"enemies":"Gremlin Leader","floor":27.0,"turns":2.0},{"damage":0.0,"enemies":"Cultist and Chosen","floor":30.0,"turns":2.0},{"damage":0.0,"enemies":"Slavers","floor":31.0,"turns":2.0},{"damage":10.0,"enemies":"Champ","floor":33.0,"turns":7.0},{"damage":0.0,"enemies":"Orb Walker","floor":35.0,"turns":2.0},{"damage":4.0,"enemies":"3 Shapes","floor":36.0,"turns":3.0},{"damage":0.0,"enemies":"Mind Bloom Boss Battle","floor":37.0,"turns":7.0},{"damage":4.0,"enemies":"Maw","floor":38.0,"turns":6.0},{"damage":20.0,"enemies":"Reptomancer","floor":40.0,"turns":5.0},{"damage":0.0,"enemies":"Giant Head","floor":42.0,"turns":4.0},{"damage":5.0,"enemies":"Jaw Worm Horde","floor":46.0,"turns":2.0},{"damage":3.0,"enemies":"Donu and Deca","floor":50.0,"turns":3.0},{"damage":11,"enemies":"Time Eater","floor":51,"turns":6},{"damage":0,"enemies":"Shield and Spear","floor":55,"turns":2},{"damage":42,"enemies":"The Heart","floor":56,"turns":8}],"seed_played":"-6104362558721414086","potions_obtained":[{"floor":1.0,"key":"Block Potion"},{"floor":11.0,"key":"Regen Potion"},{"floor":22.0,"key":"GamblersBrew"},{"floor":23.0,"key":"Explosive Potion"},{"floor":31.0,"key":"GhostInAJar"},{"floor":35.0,"key":"SkillPotion"},{"floor":38.0,"key":"Regen Potion"},{"floor":46.0,"key":"Fire Potion"}],"is_trial":false,"path_per_floor":["M","?","?","?","M","R","E","$","T","M","M","R","T","M","R","B",null,"M","M","$","?","M","E","M","E","T","E","?","R","M","E","R","B",null,"M","M","?","M","?","E","R","E","T","R","?","M","$","$","R","B","B",null,"R","$","E","B",null],"character_chosen":"THE_SILENT","items_purchased":["Tactician","GhostInAJar","Acrobatics","Escape Plan","GhostInAJar","Finesse"],"campfire_rested":0,"item_purchase_floors":[8,47,48,48,54,54],"current_hp_per_floor":[59,48,48,37,37,37,37,37,37,37,37,37,37,37,37,10,52,52,42,42,42,42,30,24,24,24,24,24,24,24,24,24,14,53,53,49,49,45,35,29,29,29,29,29,29,24,24,24,24,21,10,52,52,52,52,10],"gold":358,"neow_bonus":"THREE_ENEMY_KILL","is_prod":false,"is_daily":false,"chose_seed":false,"campfire_upgraded":8,"win_rate":0,"timestamp":1544119568,"path_taken":["M","?","?","?","M","R","E","$","T","M","M","R","?","M","R","BOSS","M","M","$","?","M","E","M","E","T","E","?","R","M","E","R","BOSS","M","?","?","M","?","E","R","E","T","R","?","?","?","$","R","BOSS","BOSS","R","$","E","BOSS"],"build_version":"2018-11-15","purchased_purges":4,"victory":true,"max_hp_per_floor":[66,66,66,66,66,66,66,66,66,66,66,66,66,66,66,66,66,66,66,66,66,66,66,66,66,66,66,66,66,66,66,66,66,66,66,66,66,66,66,66,66,66,66,66,66,66,66,66,66,66,66,66,66,66,66,66],"card_choices":[{"not_picked":["Caltrops","Prepared"],"picked":"Footwork","floor":1.0},{"not_picked":["Catalyst","Cloak And Dagger"],"picked":"Quick Slash","floor":5.0},{"not_picked":["Deflect","Blur","Underhanded Strike"],"picked":"SKIP","floor":7.0},{"not_picked":["Poisoned Stab+1","Reflex"],"picked":"Dagger Throw+1","floor":10.0},{"not_picked":["Well Laid Plans","Slice+1"],"picked":"All Out Attack+1","floor":11.0},{"not_picked":["Noxious Fumes","Skewer+1","Catalyst"],"picked":"SKIP","floor":14.0},{"not_picked":["Doppelganger","Die Die Die+1"],"picked":"Malaise","floor":16.0},{"not_picked":["Outmaneuver+1","Slice+1","All Out Attack+1"],"picked":"SKIP","floor":18.0},{"not_picked":["Dagger Throw+1","Terror+1"],"picked":"Calculated Gamble","floor":19.0},{"not_picked":["Outmaneuver","Flying Knee+1","Riddle With Holes+1"],"picked":"SKIP","floor":22.0},{"not_picked":["Flying Knee+1","Crippling Poison","Outmaneuver"],"picked":"SKIP","floor":23.0},{"not_picked":["Dodge and Roll","Choke+1"],"picked":"Acrobatics","floor":24.0},{"not_picked":["Setup","Deadly Poison"],"picked":"Well Laid Plans","floor":25.0},{"not_picked":["Setup","Infinite Blades"],"picked":"Reflex","floor":27.0},{"not_picked":["Outmaneuver","Catalyst","Deadly Poison"],"picked":"SKIP","floor":30.0},{"not_picked":["Blade Dance","Storm of Steel"],"picked":"Terror","floor":31.0},{"not_picked":["Flying Knee+1","Eviscerate+1","Accuracy"],"picked":"SKIP","floor":35.0},{"not_picked":["Outmaneuver+1","Flechettes+1","Well Laid Plans"],"picked":"SKIP","floor":36.0},{"not_picked":["Bane+1","Outmaneuver"],"picked":"Expertise+1","floor":38.0},{"not_picked":["Trip","Flash of Steel+1"],"picked":"Deep Breath","floor":39.0},{"not_picked":["Malaise","Cloak And Dagger+1"],"picked":"Grand Finale+1","floor":40.0},{"not_picked":["Noxious Fumes","Flying Knee+1","Masterful Stab+1"],"picked":"SKIP","floor":42.0},{"not_picked":["PiercingWail","Dodge and Roll+1","Deflect+1"],"picked":"Backflip","floor":46.0},{"not_picked":["Deflect","Phantasmal Killer","Poisoned Stab+1","Dagger Spray+1"],"picked":"SKIP","floor":55}],"player_experience":2289174,"relics_obtained":[{"floor":7.0,"key":"Bag of Marbles"},{"floor":9.0,"key":"Molten Egg 2"},{"floor":13.0,"key":"Ninja Scroll"},{"floor":21.0,"key":"Red Mask"},{"floor":23.0,"key":"Blue Candle"},{"floor":25.0,"key":"Ornamental Fan"},{"floor":26.0,"key":"Boot"},{"floor":27.0,"key":"Sundial"},{"floor":31.0,"key":"The Courier"},{"floor":37.0,"key":"Girya"},{"floor":40.0,"key":"Pen Nib"},{"floor":40.0,"key":"Whetstone"},{"floor":42.0,"key":"Question Card"},{"floor":42.0,"key":"Bottled Tornado"},{"floor":55,"key":"Peace Pipe"},{"floor":55,"key":"Old Coin"}],"event_choices":[{"damage_healed":0.0,"max_hp_gain":0.0,"max_hp_loss":0.0,"gold_gain":0.0,"event_name":"Scrap Ooze","player_choice":"Success","floor":2.0,"gold_loss":0.0,"damage_taken":11.0,"relics_obtained":["StoneCalendar"]},{"cards_removed":["Strike_G"],"damage_healed":0.0,"max_hp_gain":0.0,"max_hp_loss":0.0,"gold_gain":0.0,"event_name":"The Cleric","player_choice":"Card Removal","floor":3.0,"gold_loss":75.0,"damage_taken":0.0},{"damage_healed":0.0,"max_hp_gain":0.0,"max_hp_loss":0.0,"gold_gain":75.0,"event_name":"World of Goop","player_choice":"Gather Gold","floor":4.0,"gold_loss":0.0,"damage_taken":11.0},{"damage_healed":0.0,"max_hp_gain":0.0,"max_hp_loss":0.0,"gold_gain":0.0,"event_name":"Masked Bandits","player_choice":"Fought Bandits","floor":21.0,"gold_loss":0.0,"damage_taken":0.0},{"damage_healed":0.0,"max_hp_gain":0.0,"max_hp_loss":0.0,"gold_gain":0.0,"event_name":"N\u0027loth","player_choice":"Traded Relic","floor":28.0,"relics_lost":["NeowsBlessing"],"gold_loss":0.0,"damage_taken":0.0,"relics_obtained":["Nloth\u0027s Gift"]},{"damage_healed":0.0,"max_hp_gain":0.0,"max_hp_loss":0.0,"gold_gain":0.0,"event_name":"MindBloom","player_choice":"Fight","floor":37.0,"gold_loss":0.0,"damage_taken":0.0},{"damage_healed":0.0,"max_hp_gain":0.0,"max_hp_loss":0.0,"gold_gain":0.0,"event_name":"SensoryStone","player_choice":"Memory 3","floor":39.0,"gold_loss":0.0,"damage_taken":10.0},{"damage_healed":0.0,"max_hp_gain":0.0,"max_hp_loss":0.0,"gold_gain":0.0,"cards_transformed":["Underhanded Strike"],"event_name":"Transmorgrifier","player_choice":"Transformed","floor":45.0,"gold_loss":0.0,"damage_taken":0.0,"cards_obtained":["Infinite Blades"]}],"is_beta":false,"boss_relics":[{"not_picked":["Fusion Hammer","Cursed Key"],"picked":"Pandora\u0027s Box"},{"not_picked":["Coffee Dripper","White Beast Statue"],"picked":"Black Star"}],"items_purged_floors":[8,20,47,48],"is_endless":false,"potions_floor_spawned":[1,11,14,22,23,24,30,31,35,38,46,55],"ascension_level":20}