{"gold_per_floor":[115,115,128,146,146,146,187,202,227,252,252,252,270,291,291,382,382,397,397,322,11,11,11,50,50,73,89,89,103,103,3,3,3],"floor_reached":33,"playtime":1072,"items_purged":["Strike_G","Regret"],"score":508,"play_id":"cfe222ce-d676-40bf-8743-e6e1b5eddc14","local_time":"20180918101035","is_ascension_mode":true,"campfire_choices":[{"data":"Neutralize","floor":6.0,"key":"SMITH"},{"floor":12.0,"key":"REST"},{"data":"Envenom","floor":15.0,"key":"SMITH"},{"data":"Catalyst","floor":23,"key":"SMITH"},{"floor":25,"key":"REST"},{"floor":30,"key":"REST"},{"floor":32,"key":"REST"}],"neow_cost":"TEN_PERCENT_HP_LOSS","seed_source_timestamp":3079797631873,"circlet_count":0,"master_deck":["Defend_G","Defend_G","Defend_G","Defend_G","Defend_G","Strike_G","Strike_G","Survivor","Neutralize+1","AscendersBane","Doppelganger","Deflect","Sucker Punch","Deadly Poison","Slice","Bane","Dodge and Roll","Envenom+1","Catalyst+1","Corpse Explosion","Dash","Backstab","Cloak And Dagger","Flash of Steel","Regret","Dagger Throw","Clumsy"],"special_seed":0,"relics":["Ring of the Snake","Golden Idol","PreservedInsect","Bag of Preparation","Boot","Cursed Key","Singing Bowl","Matryoshka","Blood Vial","Anchor","Frozen Egg 2","Nunchaku"],"potions_floor_usage":[29,33],"damage_taken":[{"damage":3.0,"enemies":"Jaw Worm","floor":1.0,"turns":6.0},{"damage":0.0,"enemies":"2 Louse","floor":3.0,"turns":4.0},{"damage":1.0,"enemies":"Small Slimes","floor":4.0,"turns":4.0},{"damage":17.0,"enemies":"Gremlin Nob","floor":7.0,"turns":4.0},{"damage":1.0,"enemies":"2 Fungi Beasts","floor":8.0,"turns":4.0},{"damage":0.0,"enemies":"Exordium Wildlife","floor":10.0,"turns":3.0},{"damage":0.0,"enemies":"Looter","floor":13.0,"turns":3.0},{"damage":0.0,"enemies":"Gremlin Gang","floor":14.0,"turns":4.0},{"damage":24.0,"enemies":"The Guardian","floor":16.0,"turns":13.0},{"damage":0.0,"enemies":"Chosen","floor":18.0,"turns":6.0},{"damage":35,"enemies":"Gremlin Leader","floor":24,"turns":6},{"damage":11,"enemies":"Shell Parasite","floor":27,"turns":5},{"damage":3,"enemies":"Snake Plant","floor":29,"turns":4},{"damage":82,"enemies":"Collector","floor":33,"turns":7}],"seed_played":"8384931100026741847","potions_obtained":[{"floor":10.0,"key":"SteroidPotion"},{"floor":13.0,"key":"Explosive Potion"},{"floor":14.0,"key":"EssenceOfSteel"},{"floor":16.0,"key":"FearPotion"},{"floor":29,"key":"Energy Potion"}],"is_trial":false,"path_per_floor":["M","?","M","M","?","R","E","M","T","M","?","R","M","M","R","B",null,"M","T","?","$","T","R","E","R","T","M","T","M","R","$","R"],"character_chosen":"THE_SILENT","items_purchased":["Backstab","Cloak And Dagger","Flash of Steel"],"campfire_rested":4,"item_purchase_floors":[21,21,21],"current_hp_per_floor":[56,35,35,34,29,29,12,11,11,11,11,29,29,29,29,5,46,46,46,46,46,46,46,13,31,31,22,22,23,42,42,61,0],"gold":3,"neow_bonus":"THREE_RARE_CARDS","is_prod":false,"is_daily":false,"chose_seed":false,"campfire_upgraded":3,"win_rate":0,"timestamp":1537290635,"path_taken":["M","?","M","M","?","R","E","?","T","M","?","R","?","?","R","BOSS","M","?","?","$","?","R","E","R","T","?","?","M","R","$","R","BOSS"],"build_version":"2018-09-06","purchased_purges":2,"victory":false,"max_hp_per_floor":[60,60,60,60,60,60,60,60,60,60,60,60,60,60,60,60,60,60,60,60,60,60,60,62,62,62,62,62,64,64,64,64,64],"card_choices":[{"not_picked":["Phantasmal Killer","Night Terror"],"picked":"Doppelganger","floor":0.0},{"not_picked":["Prepared","Dodge and Roll"],"picked":"Deflect","floor":1.0},{"not_picked":["Footwork","Eviscerate"],"picked":"Sucker Punch","floor":3.0},{"not_picked":["Flechettes","Predator"],"picked":"Deadly Poison","floor":4.0},{"not_picked":["Phantasmal Killer","Deflect"],"picked":"Slice","floor":7.0},{"not_picked":["Escape Plan","Setup"],"picked":"Bane","floor":8.0},{"not_picked":["Expertise","Slice"],"picked":"Dodge and Roll","floor":10.0},{"not_picked":["Poisoned Stab","Acrobatics"],"picked":"Catalyst","floor":13.0},{"not_picked":["Sucker Punch","Prepared","Dodge and Roll"],"picked":"SKIP","floor":14.0},{"not_picked":["A Thousand Cuts","Bullet Time"],"picked":"Corpse Explosion","floor":16.0},{"not_picked":["Sucker Punch","Masterful Stab"],"picked":"Dash","floor":18.0},{"not_picked":["Finisher","Tactician","Poisoned Stab+1"],"picked":"Singing Bowl","floor":24},{"not_picked":["Accuracy","Outmaneuver"],"picked":"Dagger Throw","floor":27},{"not_picked":["Deadly Poison","Blade Dance","Endless Agony"],"picked":"Singing Bowl","floor":29}],"player_experience":1158040,"relics_obtained":[{"floor":7.0,"key":"Bag of Preparation"},{"floor":9.0,"key":"Boot"},{"floor":22,"key":"Singing Bowl"},{"floor":24,"key":"Matryoshka"},{"floor":26,"key":"Blood Vial"},{"floor":26,"key":"Anchor"},{"floor":28,"key":"Frozen Egg 2"},{"floor":28,"key":"Nunchaku"}],"event_choices":[{"event_name":"Golden Idol","player_choice":"Take Damage","floor":2.0,"damage_taken":0.0},{"event_name":"Scrap Ooze","player_choice":"success","floor":5.0,"damage_taken":5.0},{"event_name":"Transmorgrifier","player_choice":"Transform","floor":11.0,"damage_taken":0.0},{"event_name":"Beggar","player_choice":"Gave Gold","floor":20,"damage_taken":0}],"is_beta":false,"boss_relics":[{"not_picked":["WristBlade","Ring of the Serpent"],"picked":"Cursed Key"}],"items_purged_floors":[21,31],"is_endless":false,"potions_floor_spawned":[10,13,14,16,29],"killed_by":"Collector","ascension_level":15}