{"gold_per_floor":[111,111,123,135,135,135,162,162,185,220,231,245,271,298,298,370,370,370,370,295,206,206,206,206,146,146,146,146,146,146,121,121,121,121,121,121,7,7,7,7,7,7,7,7,7,7,7,7,7,7],"floor_reached":51,"playtime":1808,"items_purged":["Writhe"],"score":1454,"play_id":"84e7574f-1e2b-422a-8f73-57e2e28a4b73","local_time":"20190215135455","is_ascension_mode":true,"campfire_choices":[{"data":"Whirlwind","floor":6.0,"key":"SMITH"},{"data":"Sword Boomerang","floor":8.0,"key":"SMITH"},{"data":"Inflame","floor":15.0,"key":"SMITH"},{"data":"Limit Break","floor":24.0,"key":"SMITH"},{"data":"Armaments","floor":32.0,"key":"SMITH"},{"floor":41.0,"key":"REST"},{"floor":45.0,"key":"REST"},{"data":"True Grit","floor":49,"key":"SMITH"}],"neow_cost":"NONE","seed_source_timestamp":20583624754015,"circlet_count":0,"master_deck":["AscendersBane","Defend_R+1","Defend_R+1","Defend_R","Defend_R","Bash+1","Whirlwind+1","Sword Boomerang+1","Havoc","Shrug It Off","Inflame+1","Anger","Battle Trance","Pommel Strike","Shrug It Off","Limit Break+1","Flame Barrier+1","Bite","Bite","Bite","Shockwave","Armaments+1","Spot Weakness+1","Shrug It Off","Double Tap","Pommel Strike","Spot Weakness","Dark Shackles","Burning Pact","True Grit+1","Shrug It Off+1","Spot Weakness"],"special_seed":0,"relics":["Burning Blood","Boot","Orichalcum","Oddly Smooth Stone","War Paint","Odd Mushroom","Question Card","Ectoplasm","Art of War","Bird Faced Urn","Regal Pillow","Darkstone Periapt","Anchor","Philosopher\u0027s Stone","Red Skull","Omamori","PreservedInsect"],"potions_floor_usage":[50,50],"damage_taken":[{"damage":0.0,"enemies":"Small Slimes","floor":1.0,"turns":3.0},{"damage":7.0,"enemies":"Jaw Worm","floor":3.0,"turns":4.0},{"damage":2.0,"enemies":"2 Louse","floor":4.0,"turns":2.0},{"damage":15.0,"enemies":"3 Sentries","floor":7.0,"turns":3.0},{"damage":2.0,"enemies":"Gremlin Nob","floor":10.0,"turns":3.0},{"damage":0.0,"enemies":"Large Slime","floor":11.0,"turns":3.0},{"damage":0.0,"enemies":"2 Fungi Beasts","floor":12.0,"turns":1.0},{"damage":1.0,"enemies":"The Mushroom Lair","floor":13.0,"turns":3.0},{"damage":7.0,"enemies":"Lagavulin","floor":14.0,"turns":5.0},{"damage":0.0,"enemies":"Slime Boss","floor":16.0,"turns":4.0},{"damage":6.0,"enemies":"3 Byrds","floor":18.0,"turns":4.0},{"damage":18.0,"enemies":"Slavers","floor":23.0,"turns":3.0},{"damage":7.0,"enemies":"2 Thieves","floor":25.0,"turns":3.0},{"damage":7.0,"enemies":"Cultist and Chosen","floor":28.0,"turns":5.0},{"damage":17.0,"enemies":"Book of Stabbing","floor":29.0,"turns":5.0},{"damage":2.0,"enemies":"Chosen and Byrds","floor":30.0,"turns":3.0},{"damage":53.0,"enemies":"Automaton","floor":33.0,"turns":10.0},{"damage":32.0,"enemies":"3 Darklings","floor":35.0,"turns":8.0},{"damage":7.0,"enemies":"3 Shapes","floor":38.0,"turns":5.0},{"damage":60.0,"enemies":"Nemesis","floor":40.0,"turns":7.0},{"damage":40.0,"enemies":"Reptomancer","floor":42.0,"turns":5.0},{"damage":9.0,"enemies":"Spire Growth","floor":44.0,"turns":5.0},{"damage":0.0,"enemies":"Jaw Worm Horde","floor":46.0,"turns":4.0},{"damage":8,"enemies":"Maw","floor":48,"turns":7},{"damage":48,"enemies":"Awakened One","floor":50,"turns":9}],"seed_played":"-6024792488311297370","potions_obtained":[{"floor":4.0,"key":"AttackPotion"},{"floor":7.0,"key":"Ancient Potion"},{"floor":10.0,"key":"Fire Potion"},{"floor":18.0,"key":"SteroidPotion"}],"is_trial":false,"path_per_floor":["M","?","M","M","?","R","E","R","T","E","M","M","?","E","R","B",null,"M","?","?","?","$","E","R","M","T","T","M","E","M","$","R","B",null,"M","?","$","M","?","E","R","E","T","M","R","M","?","M","R","B",null],"character_chosen":"IRONCLAD","items_purchased":["Shrug It Off","Spot Weakness"],"campfire_rested":2,"item_purchase_floors":[31,37],"current_hp_per_floor":[74,74,73,75,80,80,71,71,71,75,80,80,80,79,79,80,80,80,56,56,56,56,46,46,49,49,49,56,53,56,56,56,27,49,47,62,62,62,62,15,48,22,22,28,61,62,62,62,62,27],"gold":7,"neow_bonus":"RANDOM_COMMON_RELIC","is_prod":false,"is_daily":false,"chose_seed":false,"campfire_upgraded":6,"win_rate":0,"timestamp":1550267695,"path_taken":["M","?","M","M","?","R","E","R","T","E","M","M","?","E","R","BOSS","M","?","?","?","$","E","R","?","T","?","M","E","M","?","R","BOSS","M","?","$","M","?","E","R","E","T","M","R","M","?","M","R","BOSS"],"build_version":"2019-01-23","purchased_purges":1,"victory":true,"max_hp_per_floor":[75,75,75,75,80,80,80,80,80,80,80,80,80,80,80,80,80,80,56,56,56,56,56,56,56,56,56,56,56,56,56,56,56,56,56,62,62,62,62,62,62,62,62,62,62,62,62,62,62,62],"card_choices":[{"not_picked":["Wild Strike","Clash"],"picked":"Whirlwind","floor":1.0},{"not_picked":["Infernal Blade","Berserk"],"picked":"Sword Boomerang","floor":3.0},{"not_picked":["Evolve","Body Slam"],"picked":"Havoc","floor":4.0},{"not_picked":["Infernal Blade","Bloodletting"],"picked":"Shrug It Off","floor":7.0},{"not_picked":["Clash","Body Slam"],"picked":"Inflame","floor":10.0},{"not_picked":["Clash","Warcry"],"picked":"Anger","floor":11.0},{"not_picked":["Thunderclap","True Grit"],"picked":"Battle Trance","floor":12.0},{"not_picked":["Whirlwind","Sword Boomerang"],"picked":"Pommel Strike","floor":13.0},{"not_picked":["Rage","Anger"],"picked":"Shrug It Off","floor":14.0},{"not_picked":["Berserk","Brutality","Reaper"],"picked":"Limit Break","floor":16.0},{"not_picked":["Power Through","Dual Wield","Shrug It Off+1"],"picked":"Flame Barrier+1","floor":18.0},{"not_picked":["Ghostly Armor","Havoc","Armaments"],"picked":"Shockwave","floor":23.0},{"not_picked":["Battle Trance","Clash+1","Thunderclap"],"picked":"Armaments","floor":25.0},{"not_picked":["Cleave","Battle Trance","Body Slam","Rampage"],"picked":"SKIP","floor":28.0},{"not_picked":["Seeing Red","Sever Soul","Anger","Twin Strike"],"picked":"SKIP","floor":29.0},{"not_picked":["Rage","Clothesline","Cleave"],"picked":"Spot Weakness+1","floor":30.0},{"not_picked":["Juggernaut","Immolate","Dark Embrace"],"picked":"Double Tap","floor":33.0},{"not_picked":["Armaments","Sever Soul","Pommel Strike","Havoc"],"picked":"SKIP","floor":35.0},{"not_picked":["Armaments","Sever Soul","Havoc"],"picked":"Pommel Strike","floor":35.0},{"not_picked":["Combust","Havoc","Perfected Strike","Body Slam"],"picked":"SKIP","floor":38.0},{"not_picked":["Panacea","The Bomb","Violence"],"picked":"Dark Shackles","floor":39.0},{"not_picked":["Carnage+1","Havoc","Hemokinesis"],"picked":"Burning Pact","floor":40.0},{"not_picked":["Headbutt","Havoc","Pommel Strike+1"],"picked":"True Grit","floor":42.0},{"not_picked":["Havoc","Flame Barrier","Heavy Blade"],"picked":"Shrug It Off+1","floor":44.0},{"not_picked":["Cleave","Body Slam","True Grit","Seeing Red"],"picked":"SKIP","floor":46.0},{"not_picked":["Feel No Pain","Clothesline+1","Double Tap"],"picked":"Spot Weakness","floor":48}],"player_experience":2213849,"relics_obtained":[{"floor":7.0,"key":"Orichalcum"},{"floor":9.0,"key":"Oddly Smooth Stone"},{"floor":10.0,"key":"War Paint"},{"floor":13.0,"key":"Odd Mushroom"},{"floor":14.0,"key":"Question Card"},{"floor":23.0,"key":"Bird Faced Urn"},{"floor":26.0,"key":"Regal Pillow"},{"floor":27.0,"key":"Darkstone Periapt"},{"floor":29.0,"key":"Anchor"},{"floor":40.0,"key":"Red Skull"},{"floor":42.0,"key":"Omamori"},{"floor":43.0,"key":"PreservedInsect"}],"event_choices":[{"damage_healed":0.0,"max_hp_gain":0.0,"max_hp_loss":0.0,"gold_gain":0.0,"event_name":"Living Wall","player_choice":"Grow","floor":2.0,"gold_loss":0.0,"damage_taken":0.0,"cards_upgraded":["Bash"]},{"damage_healed":0.0,"max_hp_gain":5.0,"max_hp_loss":0.0,"gold_gain":0.0,"event_name":"Big Fish","player_choice":"Donut","floor":5.0,"gold_loss":0.0,"damage_taken":0.0},{"damage_healed":0.0,"max_hp_gain":0.0,"max_hp_loss":0.0,"gold_gain":0.0,"event_name":"Mushrooms","player_choice":"Fought Mushrooms","floor":13.0,"gold_loss":0.0,"damage_taken":0.0},{"damage_healed":0.0,"max_hp_gain":0.0,"max_hp_loss":24.0,"gold_gain":0.0,"event_name":"Vampires","player_choice":"Became a vampire","floor":19.0,"gold_loss":0.0,"damage_taken":0.0,"cards_obtained":["Bite","Bite","Bite","Bite","Bite"]},{"cards_removed":["Bite"],"damage_healed":0.0,"max_hp_gain":0.0,"max_hp_loss":0.0,"gold_gain":0.0,"event_name":"Beggar","player_choice":"Gave Gold","floor":20.0,"gold_loss":75.0,"damage_taken":0.0},{"damage_healed":0.0,"max_hp_gain":0.0,"max_hp_loss":0.0,"gold_gain":0.0,"event_name":"WeMeetAgain","player_choice":"Paid Gold","floor":21.0,"gold_loss":89.0,"damage_taken":0.0,"relics_obtained":["Art of War"]},{"damage_healed":11.0,"max_hp_gain":0.0,"max_hp_loss":0.0,"gold_gain":0.0,"event_name":"Winding Halls","player_choice":"Writhe","floor":36.0,"gold_loss":0.0,"damage_taken":0.0,"cards_obtained":["Writhe"]},{"damage_healed":0.0,"max_hp_gain":0.0,"max_hp_loss":0.0,"gold_gain":0.0,"event_name":"SensoryStone","player_choice":"Memory 1","floor":39.0,"gold_loss":0.0,"damage_taken":0.0},{"cards_removed":["Bite"],"damage_healed":0.0,"max_hp_gain":0.0,"max_hp_loss":0.0,"gold_gain":0.0,"event_name":"Falling","player_choice":"Removed Attack","floor":47.0,"gold_loss":0.0,"damage_taken":0.0}],"is_beta":false,"boss_relics":[{"not_picked":["Empty Cage","White Beast Statue"],"picked":"Ectoplasm"},{"not_picked":["Calling Bell","Tiny House"],"picked":"Philosopher\u0027s Stone"}],"items_purged_floors":[37],"is_endless":false,"potions_floor_spawned":[4,7,10,11,14,18,25,29,33,35,38,48],"ascension_level":15}