{"gold_per_floor":[114,70,70,70,70,70,114,129,129,129,129,129,165,183,183,273,273,293,317,32,32,51,90,105,25,48,48,173,239,239,255,255,346,346,360,374,22,46,171,171,171,211,235,298,314,314,328,352,352,352],"floor_reached":51,"playtime":2474,"items_purged":["Strike_G","Shame","Strike_G"],"score":1598,"play_id":"0a4f34ab-492e-4296-a1dd-510016202db4","local_time":"20190226225700","is_ascension_mode":true,"campfire_choices":[{"floor":6.0,"key":"REST"},{"data":"Bouncing Flask","floor":12.0,"key":"SMITH"},{"data":"Die Die Die","floor":15.0,"key":"SMITH"},{"floor":27.0,"key":"REST"},{"data":"Catalyst","floor":32.0,"key":"SMITH"},{"data":"Skewer","floor":40.0,"key":"SMITH"},{"floor":46.0,"key":"REST"},{"data":"Bouncing Flask","floor":49.0,"key":"SMITH"}],"neow_cost":"NONE","seed_source_timestamp":936163169748982,"circlet_count":0,"master_deck":["AscendersBane","Defend_G","Defend_G","Defend_G","Defend_G","Defend_G","Strike_G+1","Strike_G","Strike_G","Survivor","Neutralize+1","Dash","Crippling Poison+1","Caltrops","Bouncing Flask+1","Die Die Die+1","Doppelganger","Cloak And Dagger+1","Leg Sweep","Catalyst+1","Prepared+1","PiercingWail","Well Laid Plans","Night Terror","Bouncing Flask+1","Skewer+1","Decay","Injury","Doppelganger"],"special_seed":0,"relics":["Ring of the Snake","NeowsBlessing","Golden Idol","Vajra","Ice Cream","The Courier","Bag of Marbles","Snecko Eye","Anchor","Pear","Regal Pillow","Happy Flower","Pocketwatch","Mummified Hand","Tiny Chest","Cursed Key","Bronze Scales","Strawberry","Thread and Needle","Paper Crane","Bag of Preparation","Ancient Tea Set","Incense Burner"],"potions_floor_usage":[50],"damage_taken":[{"damage":0.0,"enemies":"Cultist","floor":1.0,"turns":1.0},{"damage":0.0,"enemies":"3 Sentries","floor":7.0,"turns":1.0},{"damage":0.0,"enemies":"Jaw Worm","floor":8.0,"turns":1.0},{"damage":17.0,"enemies":"Gremlin Nob","floor":13.0,"turns":4.0},{"damage":0.0,"enemies":"2 Louse","floor":14.0,"turns":2.0},{"damage":9.0,"enemies":"Slime Boss","floor":16.0,"turns":8.0},{"damage":16.0,"enemies":"Shell Parasite","floor":18.0,"turns":4.0},{"damage":2.0,"enemies":"3 Byrds","floor":19.0,"turns":3.0},{"damage":16.0,"enemies":"Shelled Parasite and Fungi","floor":22.0,"turns":4.0},{"damage":19.0,"enemies":"Book of Stabbing","floor":23.0,"turns":5.0},{"damage":5.0,"enemies":"Snake Plant","floor":24.0,"turns":3.0},{"damage":0.0,"enemies":"Colosseum Slavers","floor":28.0,"turns":4.0},{"damage":0.0,"enemies":"Colosseum Nobs","floor":28.0,"turns":4.0},{"damage":0.0,"enemies":"Gremlin Leader","floor":29.0,"turns":6.0},{"damage":0.0,"enemies":"Snecko","floor":31.0,"turns":5.0},{"damage":22.0,"enemies":"Automaton","floor":33.0,"turns":9.0},{"damage":0.0,"enemies":"Orb Walker","floor":35.0,"turns":3.0},{"damage":11.0,"enemies":"3 Darklings","floor":36.0,"turns":4.0},{"damage":0.0,"enemies":"Maw","floor":38.0,"turns":4.0},{"damage":0.0,"enemies":"Mind Bloom Boss Battle","floor":39.0,"turns":4.0},{"damage":0.0,"enemies":"Reptomancer","floor":42.0,"turns":3.0},{"damage":12.0,"enemies":"2 Orb Walkers","floor":44.0,"turns":4.0},{"damage":0.0,"enemies":"4 Shapes","floor":45.0,"turns":3.0},{"damage":1.0,"enemies":"Transient","floor":47.0,"turns":6.0},{"damage":0.0,"enemies":"3 Darklings","floor":48.0,"turns":4.0},{"damage":0,"enemies":"Time Eater","floor":50,"turns":5}],"seed_played":"7085027663143964992","potions_obtained":[{"floor":7.0,"key":"Swift Potion"},{"floor":8.0,"key":"GhostInAJar"},{"floor":13.0,"key":"Strength Potion"},{"floor":28.0,"key":"Fire Potion"},{"floor":29.0,"key":"EssenceOfSteel"},{"floor":33.0,"key":"EssenceOfSteel"},{"floor":36.0,"key":"SteroidPotion"},{"floor":44.0,"key":"Poison Potion"}],"is_trial":false,"path_per_floor":["M","$","?","?","?","R","E","M","T","?","?","R","E","M","R","B",null,"M","M","$","?","M","E","M","$","T","R","?","E","?","M","R","B",null,"M","M","$","M","?","R","T","E","T","?","M","R","M","M","R","B",null],"character_chosen":"THE_SILENT","items_purchased":["Crippling Poison","Anchor","Leg Sweep","Catalyst","Bronze Scales","Strawberry"],"campfire_rested":3,"item_purchase_floors":[2,20,20,20,37,37],"current_hp_per_floor":[59,59,36,36,16,35,35,35,35,35,35,35,18,18,18,9,52,36,34,34,44,28,9,4,4,4,41,41,41,41,41,41,19,62,62,51,58,58,58,58,58,58,58,46,46,83,82,82,82,82],"gold":352,"neow_bonus":"THREE_ENEMY_KILL","is_prod":false,"is_daily":false,"chose_seed":false,"campfire_upgraded":5,"win_rate":0,"timestamp":1551218220,"path_taken":["M","$","?","?","?","R","E","M","T","?","?","R","E","M","R","BOSS","M","M","$","?","M","E","M","$","T","R","?","E","?","M","R","BOSS","M","M","$","M","?","R","?","E","T","?","M","R","M","M","R","BOSS"],"build_version":"2019-01-23","purchased_purges":3,"victory":true,"max_hp_per_floor":[66,66,66,66,66,66,66,66,66,66,66,66,66,66,66,66,66,66,66,66,76,76,76,76,76,76,76,76,76,76,76,76,76,76,76,76,83,83,83,83,83,83,83,83,83,83,83,83,83,83],"card_choices":[{"not_picked":["Bane","Sucker Punch"],"picked":"Dash","floor":1.0},{"not_picked":["Deflect","Tactician"],"picked":"Caltrops","floor":7.0},{"not_picked":["Outmaneuver","Dagger Throw"],"picked":"Bouncing Flask","floor":8.0},{"not_picked":["Slice","Underhanded Strike","Setup"],"picked":"SKIP","floor":13.0},{"not_picked":["Dagger Throw","Blade Dance"],"picked":"Die Die Die","floor":14.0},{"not_picked":["Phantasmal Killer","Venomology"],"picked":"Doppelganger","floor":16.0},{"not_picked":["Setup","Flying Knee","Bane"],"picked":"SKIP","floor":18.0},{"not_picked":["Prepared","Backflip+1"],"picked":"Cloak And Dagger+1","floor":19.0},{"not_picked":["Bane","Heel Hook","Tactician"],"picked":"SKIP","floor":22.0},{"not_picked":["Sucker Punch","Deadly Poison"],"picked":"Prepared+1","floor":23.0},{"not_picked":["Envenom","Outmaneuver","Underhanded Strike"],"picked":"SKIP","floor":24.0},{"not_picked":["Caltrops","Bane"],"picked":"PiercingWail","floor":28.0},{"not_picked":["All Out Attack","Leg Sweep"],"picked":"Well Laid Plans","floor":29.0},{"not_picked":["Dagger Spray","Outmaneuver","Dodge and Roll+1"],"picked":"SKIP","floor":31.0},{"not_picked":["Glass Knife","Grand Finale"],"picked":"Night Terror","floor":33.0},{"not_picked":["Acrobatics","Dodge and Roll"],"picked":"Bouncing Flask","floor":35.0},{"not_picked":["Concentrate+1","Slice","Poisoned Stab+1"],"picked":"SKIP","floor":36.0},{"not_picked":["Masterful Stab","Eviscerate"],"picked":"Skewer","floor":38.0},{"not_picked":["Sucker Punch","Masterful Stab+1","Calculated Gamble+1"],"picked":"SKIP","floor":42.0},{"not_picked":["Bane","Slice"],"picked":"Doppelganger","floor":45.0},{"not_picked":["Underhanded Strike","Outmaneuver+1","Eviscerate"],"picked":"SKIP","floor":47.0},{"not_picked":["Sucker Punch+1","Deflect+1","Eviscerate"],"picked":"SKIP","floor":48.0}],"player_experience":508220,"relics_obtained":[{"floor":7.0,"key":"Vajra"},{"floor":9.0,"key":"Ice Cream"},{"floor":13.0,"key":"Bag of Marbles"},{"floor":23.0,"key":"Regal Pillow"},{"floor":26.0,"key":"Happy Flower"},{"floor":28.0,"key":"Pocketwatch"},{"floor":28.0,"key":"Mummified Hand"},{"floor":29.0,"key":"Tiny Chest"},{"floor":39.0,"key":"Thread and Needle"},{"floor":41.0,"key":"Paper Crane"},{"floor":42.0,"key":"Bag of Preparation"},{"floor":43.0,"key":"Ancient Tea Set"},{"floor":44.0,"key":"Incense Burner"}],"event_choices":[{"damage_healed":0.0,"max_hp_gain":0.0,"max_hp_loss":0.0,"gold_gain":0.0,"event_name":"Golden Idol","player_choice":"Take Damage","floor":3.0,"gold_loss":0.0,"damage_taken":23.0,"relics_obtained":["Golden Idol"]},{"damage_healed":0.0,"max_hp_gain":0.0,"max_hp_loss":0.0,"gold_gain":0.0,"event_name":"Living Wall","player_choice":"Grow","floor":4.0,"gold_loss":0.0,"damage_taken":0.0,"cards_upgraded":["Crippling Poison"]},{"damage_healed":0.0,"max_hp_gain":0.0,"max_hp_loss":0.0,"gold_gain":0.0,"event_name":"Shining Light","player_choice":"Entered Light","floor":5.0,"gold_loss":0.0,"damage_taken":20.0,"cards_upgraded":["Strike_G","Neutralize"]},{"damage_healed":0.0,"max_hp_gain":0.0,"max_hp_loss":0.0,"gold_gain":0.0,"event_name":"Scrap Ooze","player_choice":"Fled","floor":10.0,"gold_loss":0.0,"damage_taken":0.0},{"damage_healed":0.0,"max_hp_gain":0.0,"max_hp_loss":0.0,"gold_gain":0.0,"event_name":"Dead Adventurer","player_choice":"Searched \u00271\u0027 times","floor":11.0,"gold_loss":0.0,"damage_taken":0.0,"relics_obtained":["The Courier"]},{"damage_healed":0.0,"max_hp_gain":0.0,"max_hp_loss":0.0,"gold_gain":0.0,"event_name":"Addict","player_choice":"Stole Relic","floor":21.0,"gold_loss":0.0,"damage_taken":0.0,"relics_obtained":["Pear"],"cards_obtained":["Shame"]},{"damage_healed":0.0,"max_hp_gain":0.0,"max_hp_loss":0.0,"gold_gain":0.0,"event_name":"Colosseum","player_choice":"Fight","floor":28.0,"gold_loss":0.0,"damage_taken":0.0},{"damage_healed":0.0,"max_hp_gain":0.0,"max_hp_loss":0.0,"gold_gain":0.0,"event_name":"Colosseum","player_choice":"Fought Nobs","floor":28.0,"gold_loss":0.0,"damage_taken":0.0},{"damage_healed":0.0,"max_hp_gain":0.0,"max_hp_loss":0.0,"gold_gain":0.0,"event_name":"Ghosts","player_choice":"Ignored","floor":30.0,"gold_loss":0.0,"damage_taken":0.0},{"damage_healed":0.0,"max_hp_gain":0.0,"max_hp_loss":0.0,"gold_gain":0.0,"event_name":"MindBloom","player_choice":"Fight","floor":39.0,"gold_loss":0.0,"damage_taken":0.0},{"damage_healed":0.0,"max_hp_gain":0.0,"max_hp_loss":0.0,"gold_gain":0.0,"event_name":"Mysterious Sphere","player_choice":"Fight","floor":44.0,"gold_loss":0.0,"damage_taken":0.0}],"is_beta":false,"boss_relics":[{"not_picked":["Ectoplasm","Ring of the Serpent"],"picked":"Snecko Eye"},{"not_picked":["Eternal Feather","Tiny House"],"picked":"Cursed Key"}],"items_purged_floors":[20,25,37],"is_endless":false,"potions_floor_spawned":[7,8,13,28,28,29,31,33,35,36,44,47,48],"ascension_level":17}