{"gold_per_floor":[118,118,130,144,155,155,181,181,259,334,411,421,25,42,42,42],"floor_reached":16,"playtime":375,"items_purged":["Strike_R"],"score":148,"play_id":"ec754a66-be87-440f-ab3c-f59b18b57211","local_time":"25610726150828","is_ascension_mode":true,"campfire_choices":[{"data":"Rampage","floor":6,"key":"SMITH"},{"floor":8,"key":"REST"},{"floor":15,"key":"REST"}],"neow_cost":"","seed_source_timestamp":674025284578,"circlet_count":0,"master_deck":["Strike_R+1","Strike_R","Strike_R","Strike_R","Defend_R","Defend_R","Defend_R","Defend_R+1","Bash","Headbutt","Rampage+1","Carnage","Sentinel","Rage","Fire Breathing","Warcry"],"relics":["Burning Blood","Charon\u0027s Ashes","Bottled Flame","Mummified Hand"],"potions_floor_usage":[7],"damage_taken":[{"damage":6,"enemies":"Cultist","floor":1,"turns":4},{"damage":4,"enemies":"2 Louse","floor":3,"turns":3},{"damage":4,"enemies":"Small Slimes","floor":4,"turns":3},{"damage":17,"enemies":"3 Louse","floor":5,"turns":4},{"damage":32,"enemies":"Lagavulin","floor":7,"turns":5},{"damage":10,"enemies":"Large Slime","floor":12,"turns":5},{"damage":12,"enemies":"2 Fungi Beasts","floor":14,"turns":3},{"damage":53,"enemies":"Hexaghost","floor":16,"turns":9}],"seed_played":"-2429193473390607803","potions_obtained":[{"floor":4,"key":"Ancient Potion"},{"floor":5,"key":"GamblersBrew"}],"is_trial":false,"path_per_floor":["M","?","M","M","M","R","E","R","T","?","?","M","$","M","R"],"character_chosen":"IRONCLAD","items_purchased":["Mummified Hand","Fire Breathing"],"campfire_rested":2,"item_purchase_floors":[13,13],"current_hp_per_floor":[72,56,58,60,49,49,23,47,47,36,36,32,32,26,50,0],"gold":42,"neow_bonus":"","is_prod":false,"is_daily":false,"chose_seed":false,"campfire_upgraded":1,"win_rate":0,"timestamp":1532592508,"path_taken":["M","?","M","M","M","R","E","R","T","?","?","?","$","M","R","BOSS"],"build_version":"2018-07-19v2","purchased_purges":1,"victory":false,"max_hp_per_floor":[80,80,80,80,80,80,80,80,80,80,80,80,80,80,80,80],"card_choices":[{"not_picked":["Twin Strike","Anger"],"picked":"Headbutt","floor":1},{"not_picked":["Hemokinesis","Headbutt","Sever Soul"],"picked":"SKIP","floor":3},{"not_picked":["Iron Wave","Second Wind"],"picked":"Rampage","floor":4},{"not_picked":["Sword Boomerang","Battle Trance"],"picked":"Carnage","floor":5},{"not_picked":["Exhume","Disarm"],"picked":"Sentinel","floor":7},{"not_picked":["Clash","Clothesline"],"picked":"Rage","floor":12},{"not_picked":["Perfected Strike","Havoc"],"picked":"Warcry","floor":14}],"player_experience":164058,"relics_obtained":[{"floor":7,"key":"Charon\u0027s Ashes"},{"floor":9,"key":"Bottled Flame"}],"event_choices":[{"event_name":"Shining Light","player_choice":"Entered Light","floor":2,"damage_taken":0},{"event_name":"World of Goop","player_choice":"Gather Gold","floor":10,"damage_taken":0},{"event_name":"Golden Wing","player_choice":"Gained Gold","floor":11,"damage_taken":0}],"is_beta":false,"boss_relics":[],"items_purged_floors":[13],"is_endless":false,"potions_floor_spawned":[4,5],"killed_by":"Hexaghost","ascension_level":9}