{"gold_per_floor":[147,222,255,297,297,388,440,486,512,551,584,639,639,453,453,788,788,853,853,699,764,810,810,901,951,951,990,990,990,905,446,446,771,771,823,823,498,557,616,665,711,744,796,193,193,229,281,281,281,281],"floor_reached":50,"playtime":44816,"items_purged":["Regret","Shame"],"score":595,"play_id":"d3fc0d0a-c9ec-4c6c-889b-8a7ac51e9596","local_time":"20181019115630","daily_mods":["Insanity","Diverse","Midas"],"is_ascension_mode":false,"campfire_choices":[{"floor":15,"key":"REST"},{"floor":23,"key":"REST"},{"floor":28,"key":"REST"},{"floor":32,"key":"REST"},{"floor":45,"key":"REST"},{"floor":49,"key":"REST"}],"neow_cost":"","seed_source_timestamp":0,"circlet_count":0,"master_deck":["Bash","Disarm","Flex","Searing Blow","Heavy Blade","Dark Embrace","Metallicize","Fiend Fire","Thunderclap","Rampage","Feel No Pain","Carnage","Reaper","Heavy Blade","Fire Breathing","Strike_R+1","Defend_R+1","Shockwave","Strike_R+1","Barricade","Thunderclap","Flex","Dropkick","Dual Wield","Heavy Blade","Shrug It Off","Bludgeon","Feel No Pain","Heavy Blade","Spot Weakness","Body Slam","Anger","Ghostly Armor","Dropkick","Combust","Immolate","Intimidate","Evolve","Disarm","Disarm","Uppercut","Pommel Strike","Immolate","Flame Barrier","Double Tap+1","Fiend Fire","Blood for Blood","Perfected Strike","Ghostly Armor","Flex","Twin Strike","Deadly Poison","Conserve Battery","Fusion","Self Repair","White Noise","The Bomb","Seek","Compile Driver+1","Dagger Throw","True Grit","Infernal Blade+1","Flying Knee+1","Venomology","Writhe","BootSequence","Poisoned Stab+1","Slice","Backflip","Pommel Strike","Quick Slash","Blind","Bandage Up","Forethought"],"relics":["Burning Blood","Golden Idol","Gambling Chip","Boot","Busted Crown","Vajra","Lantern","Dodecahedron","Pen Nib","Bottled Flame","ClockworkSouvenir","Calling Bell","Regal Pillow","Pear","Champion Belt","Red Skull","Dream Catcher","Oddly Smooth Stone","HandDrill","Bag of Preparation"],"potions_floor_usage":[6,16,24,24,33,38,40,41,42,46,50,50],"damage_taken":[{"damage":0,"enemies":"Small Slimes","floor":1,"turns":2},{"damage":0,"enemies":"2 Louse","floor":3,"turns":2},{"damage":0,"enemies":"Jaw Worm","floor":4,"turns":4},{"damage":14,"enemies":"Gremlin Nob","floor":6,"turns":3},{"damage":6,"enemies":"2 Fungi Beasts","floor":7,"turns":3},{"damage":12,"enemies":"Exordium Thugs","floor":8,"turns":4},{"damage":9,"enemies":"Blue Slaver","floor":10,"turns":2},{"damage":0,"enemies":"Large Slime","floor":11,"turns":4},{"damage":9,"enemies":"2 Fungi Beasts","floor":12,"turns":2},{"damage":30,"enemies":"Hexaghost","floor":16,"turns":10},{"damage":0,"enemies":"Chosen","floor":18,"turns":3},{"damage":15,"enemies":"Shell Parasite","floor":21,"turns":5},{"damage":21,"enemies":"Snake Plant","floor":22,"turns":2},{"damage":33,"enemies":"Slavers","floor":24,"turns":4},{"damage":12,"enemies":"Centurion and Healer","floor":27,"turns":2},{"damage":40,"enemies":"Champ","floor":33,"turns":7},{"damage":22,"enemies":"Orb Walker","floor":35,"turns":3},{"damage":16,"enemies":"3 Darklings","floor":38,"turns":5},{"damage":14,"enemies":"Sphere and 2 Shapes","floor":39,"turns":5},{"damage":3,"enemies":"Reptomancer","floor":40,"turns":3},{"damage":37,"enemies":"Transient","floor":41,"turns":5},{"damage":4,"enemies":"4 Shapes","floor":42,"turns":4},{"damage":13,"enemies":"Maw","floor":46,"turns":7},{"damage":24,"enemies":"Transient","floor":47,"turns":5},{"damage":99,"enemies":"Awakened One","floor":50,"turns":9}],"seed_played":"-384529399934591994","potions_obtained":[{"floor":4,"key":"AttackPotion"},{"floor":6,"key":"AttackPotion"},{"floor":7,"key":"Swift Potion"},{"floor":11,"key":"EssenceOfSteel"},{"floor":18,"key":"Energy Potion"},{"floor":24,"key":"GamblersBrew"},{"floor":35,"key":"Block Potion"},{"floor":38,"key":"Strength Potion"},{"floor":39,"key":"AttackPotion"},{"floor":41,"key":"Poison Potion"},{"floor":42,"key":"Block Potion"}],"is_trial":true,"path_per_floor":["M","?","M","M","?","E","M","M","T","M","M","M","?","$","R","B",null,"M","?","$","M","M","R","E","?","T","M","R","?","?","$","R","B",null,"M","?","$","M","M","M","M","M","T","$","R","M","M","?","R"],"character_chosen":"IRONCLAD","items_purchased":["The Bomb","Vajra","Bottled Flame","ClockworkSouvenir","Red Skull","SmokeBomb","Oddly Smooth Stone","HandDrill","Bag of Preparation"],"campfire_rested":6,"item_purchase_floors":[14,20,31,31,37,37,44,44,44],"current_hp_per_floor":[80,69,75,80,80,72,72,66,66,63,69,66,59,59,80,56,80,80,80,80,76,61,80,53,53,53,47,71,71,71,71,80,46,90,74,74,74,64,71,74,48,57,57,57,90,83,72,62,90,0],"gold":281,"neow_bonus":"","is_prod":false,"is_daily":false,"chose_seed":false,"campfire_upgraded":0,"win_rate":0,"timestamp":1539946590,"path_taken":["M","?","M","M","?","E","M","M","T","M","M","?","?","$","R","BOSS","M","?","$","M","M","R","E","?","T","M","R","?","?","$","R","BOSS","M","?","$","M","?","M","M","M","T","?","R","M","M","?","R","BOSS"],"build_version":"2018-10-11","purchased_purges":2,"victory":false,"max_hp_per_floor":[80,80,80,80,80,80,80,80,80,80,80,80,80,80,80,80,80,80,80,80,80,80,80,80,80,80,80,80,80,80,80,80,80,90,90,90,90,90,90,90,90,90,90,90,90,90,90,90,90,90],"card_choices":[{"not_picked":["Rupture","Hologram"],"picked":"Flex","floor":1},{"not_picked":["Power Through","Warcry","Redo"],"picked":"SKIP","floor":3},{"not_picked":["Expertise","Recycle"],"picked":"Twin Strike","floor":4},{"not_picked":["Hello World","Pummel"],"picked":"Deadly Poison","floor":6},{"not_picked":["Quick Slash","Cleave"],"picked":"Conserve Battery","floor":7},{"not_picked":["Perfected Strike","Tactician","Riddle With Holes"],"picked":"SKIP","floor":8},{"not_picked":["Darkness","Compile Driver"],"picked":"Fusion","floor":10},{"not_picked":["Steam","Cloak And Dagger"],"picked":"Self Repair","floor":11},{"not_picked":["Dagger Spray","Bane"],"picked":"White Noise","floor":12},{"not_picked":["Storm of Steel","Tools of the Trade"],"picked":"Seek","floor":16},{"not_picked":[],"picked":"Compile Driver+1","floor":18},{"not_picked":[],"picked":"Dagger Throw","floor":21},{"not_picked":[],"picked":"True Grit","floor":22},{"not_picked":[],"picked":"Infernal Blade+1","floor":24},{"not_picked":[],"picked":"Flying Knee+1","floor":27},{"not_picked":[],"picked":"Venomology","floor":33},{"not_picked":["Heavy Blade+1"],"picked":"SKIP","floor":35},{"not_picked":[],"picked":"BootSequence","floor":38},{"not_picked":[],"picked":"Poisoned Stab+1","floor":39},{"not_picked":["Second Wind"],"picked":"SKIP","floor":40},{"not_picked":[],"picked":"Slice","floor":41},{"not_picked":[],"picked":"Backflip","floor":42},{"not_picked":[],"picked":"Pommel Strike","floor":45},{"not_picked":["Blade Dance"],"picked":"SKIP","floor":46},{"not_picked":[],"picked":"Quick Slash","floor":47},{"not_picked":[],"picked":"Blind","floor":48},{"not_picked":[],"picked":"Bandage Up","floor":48},{"not_picked":[],"picked":"Forethought","floor":48}],"player_experience":130261,"relics_obtained":[{"floor":6,"key":"Gambling Chip"},{"floor":9,"key":"Boot"},{"floor":24,"key":"Lantern"},{"floor":26,"key":"Dodecahedron"},{"floor":34,"key":"Regal Pillow"},{"floor":34,"key":"Pear"},{"floor":34,"key":"Champion Belt"},{"floor":43,"key":"Dream Catcher"}],"event_choices":[{"event_name":"World of Goop","player_choice":"Gather Gold","floor":2,"damage_taken":0},{"event_name":"Golden Idol","player_choice":"Take Wound","floor":5,"damage_taken":0},{"event_name":"Golden Wing","player_choice":"Card Removal","floor":13,"damage_taken":0},{"event_name":"Back to Basics","player_choice":"Simplicity","floor":19,"damage_taken":0},{"event_name":"The Joust","player_choice":"Bet on Murderer","floor":25,"damage_taken":0},{"event_name":"Upgrade Shrine","player_choice":"Upgraded","floor":29,"damage_taken":0},{"event_name":"Addict","player_choice":"Obtained Relic","floor":30,"damage_taken":0},{"event_name":"Falling","player_choice":"Removed Skill","floor":36,"damage_taken":0},{"event_name":"SensoryStone","player_choice":"Memory 3","floor":48,"damage_taken":0}],"is_beta":false,"boss_relics":[{"not_picked":["Mark of Pain","Ectoplasm"],"picked":"Busted Crown"},{"not_picked":["Snecko Eye","Astrolabe"],"picked":"Calling Bell"}],"items_purged_floors":[37,44],"is_endless":false,"potions_floor_spawned":[4,6,7,11,18,22,24,35,38,39,41,42],"killed_by":"Awakened One","ascension_level":0}