{"gold_per_floor":[114,127,139,139,139,139,167,184,252,265,265,292,123,142,142,216,216,230,247,247,247,266,301,301,319,319,319,344,619,530,542,542,616,616,629,643,475,475,491,523,523,523,547,547,579,579,597,30,30,30],"floor_reached":51,"playtime":2105,"items_purged":["Strike_R","Regret","Strike_R+1","Strike_R+1"],"score":1359,"play_id":"3e6486de-960a-4ee5-88bd-cb9aa2a5d579","local_time":"20190402110134","is_ascension_mode":true,"campfire_choices":[{"data":"Bash","floor":6.0,"key":"SMITH"},{"data":"Twin Strike","floor":11.0,"key":"SMITH"},{"data":"True Grit","floor":15.0,"key":"SMITH"},{"data":"Spot Weakness","floor":24.0,"key":"SMITH"},{"data":"Corruption","floor":27.0,"key":"SMITH"},{"data":"Limit Break","floor":32.0,"key":"SMITH"},{"data":"Barricade","floor":42.0,"key":"SMITH"},{"data":"Feel No Pain","floor":49.0,"key":"SMITH"}],"neow_cost":"NONE","seed_source_timestamp":11884973142067,"circlet_count":0,"master_deck":["AscendersBane","Strike_R+1","Strike_R+1","Defend_R+1","Defend_R+1","Defend_R+1","Defend_R+1","Bash+1","Cleave","Twin Strike+1","Headbutt","Shrug It Off","Shrug It Off","Reaper","True Grit+1","Corruption+1","Shrug It Off","Barricade+1","Entrench","Burning Pact+1","Spot Weakness+1","Havoc","Limit Break+1","Flame Barrier+1","Exhume","Shrug It Off","Shrug It Off+1","Discovery","Pummel","Feel No Pain+1","Disarm","Armaments","Second Wind","Blind","Warcry","Havoc","Flex"],"special_seed":0,"relics":["Burning Blood","Bird Faced Urn","War Paint","Letter Opener","Smiling Mask","Coffee Dripper","The Courier","Singing Bowl","Strawberry","Black Star","FaceOfCleric","Potion Belt","Bottled Tornado","Oddly Smooth Stone","Paper Frog","Magic Flower"],"potions_floor_usage":[50,50,50,50],"damage_taken":[{"damage":7.0,"enemies":"Jaw Worm","floor":1.0,"turns":4.0},{"damage":7.0,"enemies":"Small Slimes","floor":2.0,"turns":3.0},{"damage":8.0,"enemies":"2 Louse","floor":3.0,"turns":3.0},{"damage":16.0,"enemies":"Gremlin Nob","floor":7.0,"turns":3.0},{"damage":8.0,"enemies":"Lots of Slimes","floor":8.0,"turns":2.0},{"damage":1.0,"enemies":"Large Slime","floor":10.0,"turns":5.0},{"damage":42.0,"enemies":"Lagavulin","floor":12.0,"turns":9.0},{"damage":1.0,"enemies":"Red Slaver","floor":14.0,"turns":5.0},{"damage":15.0,"enemies":"Hexaghost","floor":16.0,"turns":9.0},{"damage":4.0,"enemies":"Spheric Guardian","floor":18.0,"turns":5.0},{"damage":4.0,"enemies":"Chosen","floor":19.0,"turns":6.0},{"damage":21.0,"enemies":"Shelled Parasite and Fungi","floor":22.0,"turns":7.0},{"damage":28.0,"enemies":"Gremlin Leader","floor":23.0,"turns":7.0},{"damage":21.0,"enemies":"Snecko","floor":25.0,"turns":5.0},{"damage":38.0,"enemies":"Slavers","floor":28.0,"turns":8.0},{"damage":15.0,"enemies":"Centurion and Healer","floor":31.0,"turns":5.0},{"damage":66.0,"enemies":"Automaton","floor":33.0,"turns":10.0},{"damage":0.0,"enemies":"Orb Walker","floor":35.0,"turns":5.0},{"damage":50.0,"enemies":"3 Darklings","floor":36.0,"turns":5.0},{"damage":24.0,"enemies":"Spire Growth","floor":39.0,"turns":5.0},{"damage":39.0,"enemies":"Nemesis","floor":40.0,"turns":7.0},{"damage":37.0,"enemies":"Reptomancer","floor":45.0,"turns":7.0},{"damage":13.0,"enemies":"Jaw Worm Horde","floor":47.0,"turns":6.0},{"damage":31,"enemies":"Donu and Deca","floor":50,"turns":13}],"seed_played":"-9098284915326941801","potions_obtained":[{"floor":2.0,"key":"SteroidPotion"},{"floor":7.0,"key":"SteroidPotion"},{"floor":14.0,"key":"Strength Potion"},{"floor":16.0,"key":"LiquidBronze"},{"floor":22.0,"key":"Fire Potion"},{"floor":33.0,"key":"Block Potion"},{"floor":40.0,"key":"SneckoOil"}],"is_trial":false,"path_per_floor":["M","M","M","?","?","R","E","M","T","M","R","E","$","M","R","B",null,"M","M","?","?","M","E","R","M","T","R","E","?","$","M","R","B",null,"M","M","$","?","M","E","?","R","T","?","E","?","M","$","R","B",null],"character_chosen":"IRONCLAD","items_purchased":["Corruption","Shrug It Off","Strength Potion","Shrug It Off","Energy Potion","Dexterity Potion","SteroidPotion","SteroidPotion","Energy Potion","Disarm","Armaments","Second Wind","Blind","EssenceOfSteel","Warcry","Havoc","Flex"],"campfire_rested":0,"item_purchase_floors":[13,13,30,37,37,37,48,48,48,48,48,48,48,48,48,48,48],"current_hp_per_floor":[67,66,64,69,58,58,48,46,46,51,51,15,15,26,26,25,66,70,74,74,74,73,62,62,75,75,75,73,73,73,89,89,51,80,90,90,90,90,94,94,94,94,94,94,83,83,99,99,99,100],"gold":30,"neow_bonus":"THREE_CARDS","is_prod":false,"is_daily":false,"chose_seed":false,"campfire_upgraded":8,"win_rate":0,"timestamp":1554228094,"path_taken":["M","M","M","?","?","R","E","M","T","M","R","E","$","M","R","BOSS","M","M","?","?","M","E","R","?","T","R","E","?","$","M","R","BOSS","M","M","$","?","?","E","?","R","T","?","E","?","M","$","R","BOSS"],"build_version":"2019-01-23","purchased_purges":4,"victory":true,"max_hp_per_floor":[75,75,75,80,80,80,80,80,80,80,80,80,80,80,80,80,80,80,80,80,80,80,80,80,80,80,80,89,89,89,89,89,89,89,91,93,93,93,94,97,97,97,97,97,98,98,99,99,99,100],"card_choices":[{"not_picked":["Infernal Blade","Warcry"],"picked":"Cleave","floor":0.0},{"not_picked":["Flex","Warcry"],"picked":"Twin Strike","floor":1.0},{"not_picked":["Warcry","Hemokinesis"],"picked":"Headbutt","floor":2.0},{"not_picked":["Sword Boomerang","Rupture","Sever Soul"],"picked":"SKIP","floor":3.0},{"not_picked":["Hemokinesis","Perfected Strike"],"picked":"Shrug It Off","floor":7.0},{"not_picked":["Perfected Strike","Clothesline"],"picked":"Shrug It Off","floor":8.0},{"not_picked":["Havoc","True Grit"],"picked":"Reaper","floor":10.0},{"not_picked":["Clothesline","Barricade"],"picked":"True Grit","floor":12.0},{"not_picked":["Ghostly Armor","Body Slam","Dropkick"],"picked":"SKIP","floor":14.0},{"not_picked":["Immolate","Bludgeon"],"picked":"Barricade","floor":16.0},{"not_picked":["Sword Boomerang","Blood for Blood"],"picked":"Entrench","floor":18.0},{"not_picked":["Clothesline","Carnage"],"picked":"Burning Pact+1","floor":19.0},{"not_picked":["Armaments","Infernal Blade","Thunderclap"],"picked":"SKIP","floor":22.0},{"not_picked":["Feed","Dropkick+1","Sword Boomerang"],"picked":"SKIP","floor":23.0},{"not_picked":["Anger","Headbutt","True Grit"],"picked":"SKIP","floor":25.0},{"not_picked":["Flex","Clothesline","Twin Strike"],"picked":"Singing Bowl","floor":28.0},{"not_picked":["Armaments","Heavy Blade"],"picked":"Flame Barrier+1","floor":31.0},{"not_picked":["Demon Form","Brutality"],"picked":"Exhume","floor":33.0},{"not_picked":["Seeing Red","Ghostly Armor","Intimidate"],"picked":"Singing Bowl","floor":35.0},{"not_picked":["Second Wind","Warcry","Burning Pact"],"picked":"Singing Bowl","floor":36.0},{"not_picked":["Thunderclap","Perfected Strike"],"picked":"Shrug It Off+1","floor":39.0},{"not_picked":["Rage+1","Cleave","Demon Form"],"picked":"Singing Bowl","floor":40.0},{"not_picked":["Mind Blast","Madness"],"picked":"Discovery","floor":44.0},{"not_picked":["Warcry","Armaments+1"],"picked":"Pummel","floor":45.0},{"not_picked":["Clash","Wild Strike"],"picked":"Feel No Pain","floor":47.0}],"player_experience":2408493,"relics_obtained":[{"floor":7.0,"key":"War Paint"},{"floor":9.0,"key":"Letter Opener"},{"floor":12.0,"key":"Smiling Mask"},{"floor":23.0,"key":"The Courier"},{"floor":26.0,"key":"Singing Bowl"},{"floor":28.0,"key":"Strawberry"},{"floor":40.0,"key":"Potion Belt"},{"floor":40.0,"key":"Bottled Tornado"},{"floor":43.0,"key":"Oddly Smooth Stone"},{"floor":45.0,"key":"Paper Frog"},{"floor":45.0,"key":"Magic Flower"}],"event_choices":[{"damage_healed":0.0,"max_hp_gain":5.0,"max_hp_loss":0.0,"gold_gain":0.0,"event_name":"Big Fish","player_choice":"Donut","floor":4.0,"gold_loss":0.0,"damage_taken":0.0},{"damage_healed":0.0,"max_hp_gain":0.0,"max_hp_loss":0.0,"gold_gain":0.0,"event_name":"Scrap Ooze","player_choice":"Success","floor":5.0,"gold_loss":0.0,"damage_taken":11.0,"relics_obtained":["Bird Faced Urn"]},{"damage_healed":0.0,"max_hp_gain":0.0,"max_hp_loss":0.0,"gold_gain":0.0,"event_name":"Back to Basics","player_choice":"Simplicity","floor":20.0,"gold_loss":0.0,"damage_taken":0.0,"cards_upgraded":["Strike_R","Strike_R","Strike_R","Strike_R","Defend_R","Defend_R"]},{"damage_healed":0.0,"max_hp_gain":0.0,"max_hp_loss":0.0,"gold_gain":0.0,"event_name":"Match and Keep!","player_choice":"3 cards matched","floor":21.0,"gold_loss":0.0,"damage_taken":0.0,"cards_obtained":["Spot Weakness","Havoc","Limit Break"]},{"damage_healed":0.0,"max_hp_gain":0.0,"max_hp_loss":0.0,"gold_gain":275.0,"event_name":"Golden Shrine","player_choice":"Desecrate","floor":29.0,"gold_loss":0.0,"damage_taken":0.0,"cards_obtained":["Regret"]},{"damage_healed":0.0,"max_hp_gain":0.0,"max_hp_loss":0.0,"gold_gain":0.0,"event_name":"FaceTrader","player_choice":"Trade","floor":38.0,"gold_loss":0.0,"damage_taken":0.0,"relics_obtained":["FaceOfCleric"]},{"damage_healed":0.0,"max_hp_gain":0.0,"max_hp_loss":0.0,"gold_gain":0.0,"event_name":"Tomb of Lord Red Mask","player_choice":"Ignored","floor":41.0,"gold_loss":0.0,"damage_taken":0.0},{"damage_healed":0.0,"max_hp_gain":0.0,"max_hp_loss":0.0,"gold_gain":0.0,"event_name":"SensoryStone","player_choice":"Memory 1","floor":44.0,"gold_loss":0.0,"damage_taken":0.0},{"damage_healed":0.0,"max_hp_gain":0.0,"max_hp_loss":0.0,"gold_gain":0.0,"event_name":"Mysterious Sphere","player_choice":"Ignored","floor":46.0,"gold_loss":0.0,"damage_taken":0.0}],"is_beta":false,"boss_relics":[{"not_picked":["Busted Crown","Runic Pyramid"],"picked":"Coffee Dripper"},{"not_picked":["Empty Cage","Fusion Hammer"],"picked":"Black Star"}],"items_purged_floors":[13,30,37,48],"is_endless":false,"potions_floor_spawned":[2,7,14,16,22,23,33,39,40],"ascension_level":15}