{"gold_per_floor":[209,221,234,234,69,103,103,28,28,28,54,54,82,95,95,172,172,172,0,0,0,0,0,0,0,0,0,0,0,0,0,0,0,0,0,0,0,0,0,0,0,0,0,0,0,0,0,0,0,0],"floor_reached":51,"playtime":2493,"items_purged":["Strike_R","Strike_R"],"score":1412,"play_id":"0365e1e3-252d-4200-84a1-26211112f1f5","local_time":"20190415215304","is_ascension_mode":true,"campfire_choices":[{"data":"Inflame","floor":7.0,"key":"SMITH"},{"data":"Armaments","floor":12.0,"key":"SMITH"},{"data":"True Grit","floor":15.0,"key":"SMITH"},{"floor":27.0,"key":"REST"},{"floor":32.0,"key":"REST"},{"floor":41,"key":"REST"},{"floor":49,"key":"REST"}],"neow_cost":"NONE","seed_source_timestamp":49804722378659,"circlet_count":0,"master_deck":["AscendersBane","Strike_R","Strike_R","Defend_R","Defend_R","Defend_R","Defend_R","Bash","Clothesline","Iron Wave","Armaments+1","Metallicize","Uppercut","Inflame+1","True Grit+1","Offering","Headbutt","Disarm","Corruption","Pummel+1","Battle Trance","Dropkick+1","Thunderclap+1","Fiend Fire+1","Heavy Blade+1","Warcry","Battle Trance","Impervious","Corruption","Shockwave","Armaments+1"],"special_seed":0,"relics":["Burning Blood","Shovel","Mango","Mercury Hourglass","Gambling Chip","Letter Opener","Ectoplasm","Omamori","MawBank","Molten Egg 2","Calipers","Ornamental Fan","The Courier","Runic Pyramid","Dead Branch","Bag of Marbles","Bird Faced Urn"],"potions_floor_usage":[44,50],"damage_taken":[{"damage":6.0,"enemies":"Cultist","floor":1.0,"turns":3.0},{"damage":4.0,"enemies":"Small Slimes","floor":2.0,"turns":4.0},{"damage":2.0,"enemies":"Jaw Worm","floor":3.0,"turns":3.0},{"damage":22.0,"enemies":"Gremlin Nob","floor":6.0,"turns":5.0},{"damage":14.0,"enemies":"Lagavulin","floor":11.0,"turns":7.0},{"damage":13.0,"enemies":"3 Sentries","floor":13.0,"turns":7.0},{"damage":3.0,"enemies":"Blue Slaver","floor":14.0,"turns":4.0},{"damage":19.0,"enemies":"Hexaghost","floor":16.0,"turns":12.0},{"damage":6.0,"enemies":"Shell Parasite","floor":18.0,"turns":5.0},{"damage":18.0,"enemies":"2 Thieves","floor":21.0,"turns":5.0},{"damage":22.0,"enemies":"Book of Stabbing","floor":23.0,"turns":6.0},{"damage":22.0,"enemies":"Shelled Parasite and Fungi","floor":25.0,"turns":5.0},{"damage":38.0,"enemies":"Gremlin Leader","floor":28.0,"turns":6.0},{"damage":14.0,"enemies":"Snecko","floor":29.0,"turns":4.0},{"damage":15.0,"enemies":"Colosseum Slavers","floor":30.0,"turns":5.0},{"damage":10.0,"enemies":"Colosseum Nobs","floor":30.0,"turns":4.0},{"damage":7.0,"enemies":"Book of Stabbing","floor":31.0,"turns":4.0},{"damage":33.0,"enemies":"Automaton","floor":33.0,"turns":11.0},{"damage":17.0,"enemies":"3 Darklings","floor":35.0,"turns":4.0},{"damage":51.0,"enemies":"2 Orb Walkers","floor":37.0,"turns":6.0},{"damage":0.0,"enemies":"3 Shapes","floor":38.0,"turns":2.0},{"damage":13,"enemies":"Reptomancer","floor":40,"turns":4},{"damage":14,"enemies":"Jaw Worm Horde","floor":42,"turns":4},{"damage":3,"enemies":"Maw","floor":44,"turns":5},{"damage":33,"enemies":"Transient","floor":45,"turns":5},{"damage":20,"enemies":"Sphere and 2 Shapes","floor":48,"turns":8},{"damage":12,"enemies":"Awakened One","floor":50,"turns":4}],"seed_played":"-575971289186236467","potions_obtained":[{"floor":1.0,"key":"Strength Potion"},{"floor":2.0,"key":"EssenceOfSteel"},{"floor":11.0,"key":"SkillPotion"},{"floor":13.0,"key":"Strength Potion"},{"floor":29.0,"key":"Swift Potion"},{"floor":30.0,"key":"SteroidPotion"},{"floor":31.0,"key":"EntropicBrew"},{"floor":40,"key":"Energy Potion"},{"floor":42,"key":"Poison Potion"},{"floor":44,"key":"Strength Potion"}],"is_trial":false,"path_per_floor":["M","M","M","?","$","E","R","$","T","?","E","R","E","M","R","B",null,"M","$","?","M","?","E","$","M","T","R","E","M","?","E","R","B",null,"M","$","?","M","$","E","R","M","T","M","M","?","?","M","R","B",null],"character_chosen":"IRONCLAD","items_purchased":["Armaments","Metallicize","Uppercut","Disarm"],"campfire_rested":4,"item_purchase_floors":[5,5,5,19],"current_hp_per_floor":[68,70,74,79,79,63,63,63,77,51,43,43,36,39,39,26,77,77,77,77,65,65,49,49,33,33,61,29,21,8,7,35,8,73,62,62,17,23,23,16,44,36,36,55,36,55,55,51,79,87],"gold":0,"neow_bonus":"HUNDRED_GOLD","is_prod":false,"is_daily":false,"chose_seed":false,"campfire_upgraded":3,"win_rate":0,"timestamp":1555390384,"path_taken":["M","M","?","?","$","E","R","$","T","?","E","R","E","M","R","BOSS","M","$","?","M","?","E","$","M","T","R","E","?","?","E","R","BOSS","M","$","?","M","?","E","R","M","T","M","M","?","?","M","R","BOSS"],"build_version":"2019-01-23","purchased_purges":2,"victory":true,"max_hp_per_floor":[75,75,75,80,80,80,80,80,94,94,94,94,94,94,94,94,94,94,94,94,94,94,94,94,94,94,94,94,94,94,94,94,94,94,94,94,94,94,94,94,94,94,94,94,94,94,94,94,94,94],"card_choices":[{"not_picked":["Thunderclap","Twin Strike"],"picked":"Clothesline","floor":1.0},{"not_picked":["Reckless Charge","Dual Wield"],"picked":"Iron Wave","floor":2.0},{"not_picked":["Burning Pact","Wild Strike","Dropkick"],"picked":"SKIP","floor":3.0},{"not_picked":["True Grit","Thunderclap"],"picked":"Inflame","floor":6.0},{"not_picked":["Armaments","Bludgeon","Reckless Charge"],"picked":"SKIP","floor":11.0},{"not_picked":["Havoc","Clothesline","Bludgeon"],"picked":"SKIP","floor":13.0},{"not_picked":["Sword Boomerang","Corruption"],"picked":"True Grit","floor":14.0},{"not_picked":["Limit Break","Feed"],"picked":"Offering","floor":16.0},{"not_picked":["Flex","True Grit"],"picked":"Headbutt","floor":18.0},{"not_picked":["Hemokinesis","Infernal Blade","Perfected Strike"],"picked":"SKIP","floor":21.0},{"not_picked":["Bloodletting","Entrench+1","Twin Strike"],"picked":"SKIP","floor":23.0},{"not_picked":["Cleave","Armaments+1","Entrench"],"picked":"SKIP","floor":25.0},{"not_picked":["Sever Soul","Intimidate"],"picked":"Pummel","floor":28.0},{"not_picked":["Havoc","Blood for Blood+1"],"picked":"Battle Trance","floor":29.0},{"not_picked":["Bludgeon+1","Body Slam+1"],"picked":"Dropkick+1","floor":30.0},{"not_picked":["Havoc","Clash+1"],"picked":"Thunderclap+1","floor":31.0},{"not_picked":["Double Tap","Barricade"],"picked":"Fiend Fire+1","floor":33.0},{"not_picked":["Headbutt+1","Sword Boomerang+1"],"picked":"Heavy Blade+1","floor":35.0},{"not_picked":["Anger+1","Clothesline+1"],"picked":"Warcry","floor":37.0},{"not_picked":["Perfected Strike+1","Sword Boomerang+1"],"picked":"Battle Trance","floor":38.0},{"not_picked":["Barricade","Shrug It Off"],"picked":"Impervious","floor":40},{"not_picked":["Seeing Red","Heavy Blade+1"],"picked":"Corruption","floor":42},{"not_picked":["Rampage+1","Cleave+1"],"picked":"Shockwave","floor":44},{"not_picked":["Demon Form","Warcry"],"picked":"Armaments+1","floor":45},{"not_picked":["Shockwave","Rupture","Heavy Blade+1"],"picked":"SKIP","floor":48}],"player_experience":2443742,"relics_obtained":[{"floor":6.0,"key":"Shovel"},{"floor":9.0,"key":"Mango"},{"floor":11.0,"key":"Gambling Chip"},{"floor":13.0,"key":"Letter Opener"},{"floor":23.0,"key":"Omamori"},{"floor":26.0,"key":"MawBank"},{"floor":28.0,"key":"Molten Egg 2"},{"floor":30.0,"key":"Calipers"},{"floor":30.0,"key":"Ornamental Fan"},{"floor":31.0,"key":"The Courier"},{"floor":37.0,"key":"Dead Branch"},{"floor":40,"key":"Bag of Marbles"},{"floor":43,"key":"Bird Faced Urn"}],"event_choices":[{"damage_healed":0.0,"max_hp_gain":5.0,"max_hp_loss":0.0,"gold_gain":0.0,"event_name":"Big Fish","player_choice":"Donut","floor":4.0,"gold_loss":0.0,"damage_taken":0.0},{"damage_healed":0.0,"max_hp_gain":0.0,"max_hp_loss":0.0,"gold_gain":0.0,"event_name":"Scrap Ooze","player_choice":"Success","floor":10.0,"gold_loss":0.0,"damage_taken":26.0,"relics_obtained":["Mercury Hourglass"]},{"damage_healed":0.0,"max_hp_gain":0.0,"max_hp_loss":0.0,"gold_gain":0.0,"event_name":"The Library","player_choice":"Read","floor":20.0,"gold_loss":0.0,"damage_taken":0.0,"cards_obtained":["Corruption"]},{"damage_healed":0.0,"max_hp_gain":0.0,"max_hp_loss":0.0,"gold_gain":0.0,"event_name":"Colosseum","player_choice":"Fight","floor":30.0,"gold_loss":0.0,"damage_taken":0.0},{"damage_healed":0.0,"max_hp_gain":0.0,"max_hp_loss":0.0,"gold_gain":0.0,"event_name":"Colosseum","player_choice":"Fought Nobs","floor":30.0,"gold_loss":0.0,"damage_taken":0.0},{"damage_healed":0.0,"max_hp_gain":0.0,"max_hp_loss":0.0,"gold_gain":0.0,"event_name":"Mysterious Sphere","player_choice":"Fight","floor":37.0,"gold_loss":0.0,"damage_taken":0.0},{"damage_healed":19,"gold_gain":0,"player_choice":"Writhe","damage_taken":0,"max_hp_gain":0,"max_hp_loss":0,"event_name":"Winding Halls","floor":46,"gold_loss":0,"cards_obtained":["Writhe"]},{"cards_removed":["Strike_R"],"damage_healed":0,"gold_gain":0,"player_choice":"Removed Attack","damage_taken":0,"max_hp_gain":0,"max_hp_loss":0,"event_name":"Falling","floor":47,"gold_loss":0}],"is_beta":false,"boss_relics":[{"not_picked":["Coffee Dripper","Black Star"],"picked":"Ectoplasm"},{"not_picked":["Velvet Choker","Black Blood"],"picked":"Runic Pyramid"}],"items_purged_floors":[8,19],"is_endless":false,"potions_floor_spawned":[1,2,11,13,29,30,31,40,42,44],"ascension_level":15}