{"gold_per_floor":[216,8,27,39,39,66,66,85,85,85,11,30,30,30,30,130,130,147,160,41,41,41,106,106,106],"floor_reached":25,"playtime":799,"items_purged":[],"score":430,"play_id":"bbc3aa72-db54-4cba-8cb6-121719def1f2","local_time":"20181201175329","is_ascension_mode":true,"campfire_choices":[{"data":"Creative AI","floor":7,"key":"SMITH"},{"data":"Rainbow","floor":10,"key":"SMITH"},{"floor":15,"key":"REST"},{"floor":24,"key":"REST"}],"neow_cost":"NONE","seed_source_timestamp":487157855551038,"circlet_count":0,"master_deck":["AscendersBane","Strike_B","Strike_B","Strike_B","Strike_B","Defend_B","Defend_B","Defend_B","Zap","Dualcast","Reinforced Body","Creative AI+1","White Noise","BootSequence","Go for the Eyes","Rainbow+1","Hello World","Hologram","Biased Cognition","Leap","Hello World","Core Surge"],"relics":["Cracked Core","Sling","DataDisk","Pantograph","Busted Crown","Sundial","Tiny Chest"],"potions_floor_usage":[6,16,23,25],"damage_taken":[{"damage":7,"enemies":"Jaw Worm","floor":1,"turns":3},{"damage":1,"enemies":"Cultist","floor":3,"turns":3},{"damage":2,"enemies":"2 Louse","floor":4,"turns":2},{"damage":19,"enemies":"3 Sentries","floor":6,"turns":6},{"damage":5,"enemies":"Looter","floor":8,"turns":4},{"damage":29,"enemies":"Gremlin Gang","floor":12,"turns":5},{"damage":0,"enemies":"Slime Boss","floor":16,"turns":8},{"damage":2,"enemies":"Shell Parasite","floor":18,"turns":5},{"damage":13,"enemies":"3 Byrds","floor":19,"turns":4},{"damage":39,"enemies":"Book of Stabbing","floor":23,"turns":6},{"damage":40,"enemies":"Slavers","floor":25,"turns":4}],"seed_played":"-2032993181787645781","potions_obtained":[{"floor":1,"key":"Fire Potion"},{"floor":3,"key":"EssenceOfSteel"},{"floor":8,"key":"Poison Potion"},{"floor":19,"key":"FocusPotion"}],"is_trial":false,"path_per_floor":["M","$","M","M","?","E","R","M","T","R","$","M","$","?","R","B",null,"M","M","$","?","?","E","R","E"],"character_chosen":"DEFECT","items_purchased":["Sling","Hello World","Leap","Hello World"],"campfire_rested":2,"item_purchase_floors":[2,11,20,20],"current_hp_per_floor":[61,61,60,58,58,39,39,34,34,34,34,5,5,5,27,52,69,67,54,54,54,54,15,37,0],"gold":106,"neow_bonus":"HUNDRED_GOLD","is_prod":false,"is_daily":false,"chose_seed":false,"campfire_upgraded":2,"win_rate":0,"timestamp":1543683209,"path_taken":["M","$","M","M","?","E","R","M","T","R","?","M","$","?","R","BOSS","M","M","$","?","?","E","R","E"],"build_version":"2018-11-15","purchased_purges":0,"victory":false,"max_hp_per_floor":[75,75,75,75,75,75,75,75,75,75,75,75,75,75,75,75,75,75,75,75,75,75,75,75,75],"card_choices":[{"not_picked":["Beam Cell","Go for the Eyes"],"picked":"Reinforced Body","floor":1},{"not_picked":["Beam Cell","Stack"],"picked":"Creative AI","floor":3},{"not_picked":["Cold Snap","Ball Lightning"],"picked":"White Noise","floor":4},{"not_picked":["Conserve Battery","Chill"],"picked":"Go for the Eyes","floor":6},{"not_picked":["Defragment","Stack"],"picked":"Rainbow","floor":8},{"not_picked":["Sweeping Beam","Genetic Algorithm"],"picked":"Hologram","floor":12},{"not_picked":["Meteor Strike","Reboot"],"picked":"Biased Cognition","floor":16},{"not_picked":["Gash"],"picked":"SKIP","floor":18},{"not_picked":["Conserve Battery"],"picked":"SKIP","floor":19},{"not_picked":[],"picked":"Core Surge","floor":23}],"player_experience":360794,"relics_obtained":[{"floor":6,"key":"DataDisk"},{"floor":9,"key":"Pantograph"},{"floor":23,"key":"Tiny Chest"}],"event_choices":[{"damage_healed":0,"gold_gain":0,"cards_transformed":["Defend_B"],"player_choice":"Transformed","damage_taken":0,"max_hp_gain":0,"max_hp_loss":0,"event_name":"Transmorgrifier","floor":5,"gold_loss":0,"cards_obtained":["BootSequence"]},{"damage_healed":0,"gold_gain":0,"player_choice":"Fled","damage_taken":0,"max_hp_gain":0,"max_hp_loss":0,"event_name":"Scrap Ooze","floor":14,"gold_loss":0},{"damage_healed":0,"gold_gain":0,"player_choice":"Opened","damage_taken":0,"relics_obtained":["Sundial"],"max_hp_gain":0,"max_hp_loss":0,"event_name":"The Mausoleum","floor":21,"gold_loss":0},{"damage_healed":0,"gold_gain":0,"player_choice":"Ignored","damage_taken":0,"max_hp_gain":0,"max_hp_loss":0,"event_name":"Ghosts","floor":22,"gold_loss":0}],"is_beta":false,"boss_relics":[{"not_picked":["Velvet Choker","Cursed Key"],"picked":"Busted Crown"}],"items_purged_floors":[],"is_endless":false,"potions_floor_spawned":[1,3,8,19],"killed_by":"Slavers","ascension_level":12}