{"gold_per_floor":[114,15,32,50,50,50,64,107,160,178,178],"floor_reached":11,"playtime":767,"items_purged":["Strike_R"],"score":75,"play_id":"003a2163-86a3-4f42-aef1-dd447731b8e4","local_time":"20190322025133","is_ascension_mode":false,"campfire_choices":[],"neow_cost":"NONE","seed_source_timestamp":584458747748500,"circlet_count":0,"master_deck":["Strike_R","Strike_R","Strike_R","Strike_R","Defend_R","Defend_R","Defend_R","Defend_R","Bash","Headbutt","Spot Weakness","Pommel Strike","Barricade","Blind","Body Slam","Entrench"],"relics":["Burning Blood","Golden Idol","Letter Opener","Red Skull"],"potions_floor_usage":[8,8,8,8,11],"damage_taken":[{"damage":11,"enemies":"Jaw Worm","floor":1,"turns":4},{"damage":6,"enemies":"Cultist","floor":3,"turns":3},{"damage":7,"enemies":"2 Louse","floor":4,"turns":3},{"damage":3,"enemies":"Large Slime","floor":7,"turns":6},{"damage":23,"enemies":"3 Sentries","floor":8,"turns":5},{"damage":13,"enemies":"Exordium Thugs","floor":10,"turns":5},{"damage":58,"enemies":"Gremlin Nob","floor":11,"turns":5}],"seed_played":"2329907498934742328","potions_obtained":[{"floor":1,"key":"PowerPotion"},{"floor":4,"key":"EntropicBrew"},{"floor":7,"key":"BloodPotion"}],"is_trial":false,"path_per_floor":["M","$","M","M","?","?","M","E","T","M","E"],"character_chosen":"IRONCLAD","items_purchased":["Headbutt"],"campfire_rested":0,"item_purchase_floors":[2],"current_hp_per_floor":[83,83,83,82,60,60,63,54,54,47,0],"gold":178,"neow_bonus":"TEN_PERCENT_HP_BONUS","is_prod":false,"is_daily":false,"chose_seed":false,"campfire_upgraded":0,"win_rate":0.0,"timestamp":1553215893,"path_taken":["M","$","M","M","?","?","?","E","T","M","E"],"build_version":"2019-01-23","purchased_purges":1,"victory":false,"max_hp_per_floor":[88,88,88,88,88,88,88,88,88,88,88],"card_choices":[{"not_picked":["Feel No Pain","Wild Strike","Burning Pact"],"picked":"SKIP","floor":1},{"not_picked":["Burning Pact","Headbutt"],"picked":"Spot Weakness","floor":3},{"not_picked":["Clash","Wild Strike"],"picked":"Pommel Strike","floor":4},{"not_picked":["Disarm","Clothesline"],"picked":"Body Slam","floor":7},{"not_picked":["Rampage","Dual Wield"],"picked":"Entrench","floor":8},{"not_picked":["Body Slam","Clothesline","Shockwave"],"picked":"SKIP","floor":10}],"player_experience":17996,"relics_obtained":[{"floor":8,"key":"Letter Opener"},{"floor":9,"key":"Red Skull"}],"event_choices":[{"damage_healed":0,"gold_gain":0,"player_choice":"Take Damage","damage_taken":22,"relics_obtained":["Golden Idol"],"max_hp_gain":0,"max_hp_loss":0,"event_name":"Golden Idol","floor":5,"gold_loss":0},{"damage_healed":0,"gold_gain":0,"player_choice":"2 cards matched","damage_taken":0,"max_hp_gain":0,"max_hp_loss":0,"event_name":"Match and Keep!","floor":6,"gold_loss":0,"cards_obtained":["Barricade","Blind"]}],"is_beta":false,"boss_relics":[],"items_purged_floors":[2],"is_endless":false,"potions_floor_spawned":[1,4,7],"killed_by":"Gremlin Nob","ascension_level":0}