{"gold_per_floor":[111,17,35,53,71,96,96,122,122,13,13,23,51,68,68,145,145,159,159,170,95,108,136,136,167,167,199,211,223,235],"floor_reached":30,"playtime":999,"items_purged":["Pain"],"score":580,"play_id":"8268c239-3c6a-444e-ad01-ba1d043b8f8f","local_time":"20181207171243","is_ascension_mode":true,"campfire_choices":[{"data":"Perfected Strike","floor":7.0,"key":"SMITH"},{"data":"Armaments","floor":15.0,"key":"SMITH"},{"data":"Battle Trance","floor":24.0,"key":"SMITH"}],"neow_cost":"NONE","seed_source_timestamp":2064816234830,"circlet_count":0,"master_deck":["AscendersBane","Strike_R","Strike_R","Strike_R","Strike_R","Strike_R","Defend_R","Defend_R","Bash","Perfected Strike+1","Armaments+1","Headbutt","Twin Strike","Perfected Strike","Battle Trance+1","Perfected Strike","Shrug It Off","Pommel Strike","Double Tap","Evolve","Rage","Barricade","True Grit"],"special_seed":0,"relics":["Burning Blood","Orichalcum","Ginger","Singing Bowl","Anchor","Mark of Pain","WarpedTongs","Smiling Mask","Pen Nib","MawBank"],"potions_floor_usage":[30,30],"damage_taken":[{"damage":6.0,"enemies":"Cultist","floor":1.0,"turns":3.0},{"damage":4.0,"enemies":"Small Slimes","floor":3.0,"turns":3.0},{"damage":6.0,"enemies":"Jaw Worm","floor":4.0,"turns":3.0},{"damage":7.0,"enemies":"3 Louse","floor":5.0,"turns":2.0},{"damage":42.0,"enemies":"Lagavulin","floor":6.0,"turns":8.0},{"damage":8.0,"enemies":"3 Sentries","floor":8.0,"turns":4.0},{"damage":6.0,"enemies":"Exordium Thugs","floor":12.0,"turns":3.0},{"damage":2.0,"enemies":"Gremlin Nob","floor":13.0,"turns":3.0},{"damage":0.0,"enemies":"Blue Slaver","floor":14.0,"turns":2.0},{"damage":35.0,"enemies":"Hexaghost","floor":16.0,"turns":9.0},{"damage":7.0,"enemies":"2 Thieves","floor":18.0,"turns":3.0},{"damage":8.0,"enemies":"3 Byrds","floor":20.0,"turns":5.0},{"damage":16.0,"enemies":"Sentry and Sphere","floor":22.0,"turns":5.0},{"damage":26.0,"enemies":"Slavers","floor":23.0,"turns":5.0},{"damage":22.0,"enemies":"Gremlin Leader","floor":25.0,"turns":6.0},{"damage":4.0,"enemies":"Centurion and Healer","floor":27.0,"turns":5.0},{"damage":37,"enemies":"Book of Stabbing","floor":30,"turns":4}],"seed_played":"-6163858644559898086","potions_obtained":[{"floor":4.0,"key":"Explosive Potion"},{"floor":5.0,"key":"BloodPotion"},{"floor":8.0,"key":"Strength Potion"},{"floor":12.0,"key":"Swift Potion"},{"floor":13.0,"key":"EssenceOfSteel"},{"floor":20.0,"key":"Poison Potion"},{"floor":23.0,"key":"AttackPotion"},{"floor":25.0,"key":"Dexterity Potion"}],"is_trial":false,"path_per_floor":["M","?","M","M","M","E","R","E","T","$","?","M","E","M","R","B",null,"M","?","M","$","M","E","R","E","T","M","?","$","E"],"character_chosen":"IRONCLAD","items_purchased":["Perfected Strike","Shrug It Off"],"campfire_rested":0,"item_purchase_floors":[10,10],"current_hp_per_floor":[68,68,70,70,69,33,33,31,31,31,36,44,50,58,58,29,70,69,69,69,69,61,43,43,27,27,31,31,31,0],"gold":235,"neow_bonus":"THREE_CARDS","is_prod":false,"is_daily":false,"chose_seed":false,"campfire_upgraded":3,"win_rate":0,"timestamp":1544173963,"path_taken":["M","?","M","M","?","E","R","E","T","$","?","M","E","M","R","BOSS","M","?","M","$","M","E","R","E","T","?","?","?","E"],"build_version":"2018-12-06","purchased_purges":1,"victory":false,"max_hp_per_floor":[75,75,75,75,75,75,75,75,75,75,80,80,82,84,84,84,84,84,84,86,86,88,90,90,90,90,92,92,92,92],"card_choices":[{"not_picked":["Twin Strike","Armaments"],"picked":"Perfected Strike","floor":0.0},{"not_picked":["Heavy Blade","Entrench","True Grit"],"picked":"SKIP","floor":1.0},{"not_picked":["Heavy Blade","Entrench","True Grit"],"picked":"SKIP","floor":1.0},{"not_picked":["Carnage","True Grit"],"picked":"Armaments","floor":3.0},{"not_picked":["Warcry","Rupture"],"picked":"Headbutt","floor":4.0},{"not_picked":["Sword Boomerang","True Grit"],"picked":"Twin Strike","floor":5.0},{"not_picked":["Fiend Fire","Feel No Pain"],"picked":"Perfected Strike","floor":6.0},{"not_picked":["Metallicize","Pummel"],"picked":"Battle Trance","floor":8.0},{"not_picked":["Wild Strike","Reckless Charge"],"picked":"Pommel Strike","floor":12.0},{"not_picked":["Clothesline","Inflame","Body Slam"],"picked":"Singing Bowl","floor":13.0},{"not_picked":["Battle Trance","Headbutt","Shrug It Off"],"picked":"Singing Bowl","floor":14.0},{"not_picked":["Limit Break","Immolate"],"picked":"Double Tap","floor":16.0},{"not_picked":["Anger","Corruption+1"],"picked":"Evolve","floor":18.0},{"not_picked":["Armaments","Evolve","Thunderclap"],"picked":"Singing Bowl","floor":20.0},{"not_picked":["Pummel+1","Cleave","Sever Soul"],"picked":"Singing Bowl","floor":22.0},{"not_picked":["True Grit","Heavy Blade","Body Slam"],"picked":"Singing Bowl","floor":23.0},{"not_picked":["True Grit","Iron Wave"],"picked":"Rage","floor":25.0},{"not_picked":["Whirlwind","Twin Strike","Headbutt"],"picked":"Singing Bowl","floor":27.0}],"player_experience":2292518,"relics_obtained":[{"floor":6.0,"key":"Ginger"},{"floor":8.0,"key":"Singing Bowl"},{"floor":13.0,"key":"Anchor"},{"floor":23.0,"key":"Smiling Mask"},{"floor":25.0,"key":"Pen Nib"},{"floor":26.0,"key":"MawBank"}],"event_choices":[{"damage_healed":0.0,"max_hp_gain":0.0,"max_hp_loss":0.0,"gold_gain":0.0,"event_name":"WeMeetAgain","player_choice":"Paid Gold","floor":2.0,"gold_loss":94.0,"damage_taken":0.0,"relics_obtained":["Orichalcum"]},{"damage_healed":0.0,"max_hp_gain":5.0,"max_hp_loss":0.0,"gold_gain":0.0,"event_name":"Big Fish","player_choice":"Donut","floor":11.0,"gold_loss":0.0,"damage_taken":0.0},{"damage_healed":0.0,"max_hp_gain":0.0,"max_hp_loss":0.0,"gold_gain":0.0,"event_name":"Accursed Blacksmith","player_choice":"Rummage","floor":19.0,"gold_loss":0.0,"damage_taken":0.0,"relics_obtained":["WarpedTongs"],"cards_obtained":["Pain"]},{"damage_healed":0.0,"max_hp_gain":0.0,"max_hp_loss":0.0,"gold_gain":0.0,"cards_transformed":["Defend_R","Defend_R"],"event_name":"Drug Dealer","player_choice":"Became Test Subject","floor":28.0,"gold_loss":0.0,"damage_taken":0.0,"cards_obtained":["Barricade","True Grit"]}],"is_beta":false,"boss_relics":[{"not_picked":["Pandora\u0027s Box","Empty Cage"],"picked":"Mark of Pain"}],"items_purged_floors":[21],"is_endless":false,"potions_floor_spawned":[4,5,8,12,13,20,23,25,27],"killed_by":"Book of Stabbing","ascension_level":20}