{"gold_per_floor":[118,118,133,144,144,144,179,179,179,194,204,129,147,175,175,252,252,264,274,56,106,123,123,21,55,55,70,84,97,74,99,99,176,176,194,41,0,0,20,20,76,76,76,93,93,105,105,5,5,5],"floor_reached":51,"playtime":5029,"items_purged":["Strike_R","Defend_R"],"score":1447,"play_id":"268e0031-d065-47f2-9d88-86db8b3a0414","local_time":"20180725115031","is_ascension_mode":true,"campfire_choices":[{"data":"Armaments","floor":6.0,"key":"SMITH"},{"data":"Barricade","floor":8.0,"key":"SMITH"},{"data":"Entrench","floor":15.0,"key":"SMITH"},{"floor":23.0,"key":"REST"},{"data":"Strike_R","floor":32.0,"key":"PURGE"},{"floor":40.0,"key":"REST"},{"data":"Strike_R","floor":45.0,"key":"PURGE"},{"data":"Defend_R","floor":47,"key":"PURGE"},{"data":"Infernal Blade","floor":49,"key":"PURGE"}],"neow_cost":"NONE","seed_source_timestamp":12457807263484,"circlet_count":0,"master_deck":["Defend_R+1","Defend_R+1","AscendersBane","Pommel Strike","Armaments+1","Whirlwind","Barricade+1","Iron Wave","True Grit","Entrench+1","Offering","Power Through","Havoc","Flame Barrier","Shrug It Off","Metallicize","Feel No Pain","Shrug It Off+1","Warcry+1","Rampage+1","True Grit+1","Feed","Body Slam","Flame Barrier+1"],"special_seed":0,"relics":["Burning Blood","Du-Vu Doll","Gambling Chip","Red Skull","Fusion Hammer","Oddly Smooth Stone","Peace Pipe","Toxic Egg 2","War Paint","Runic Cube","Bag of Preparation","Red Mask","Tiny Chest","Unceasing Top"],"potions_floor_usage":[50,50],"damage_taken":[{"damage":15.0,"enemies":"Small Slimes","floor":1.0,"turns":4.0},{"damage":3.0,"enemies":"Jaw Worm","floor":3.0,"turns":4.0},{"damage":6.0,"enemies":"Cultist","floor":4.0,"turns":3.0},{"damage":41.0,"enemies":"Lagavulin","floor":7.0,"turns":10.0},{"damage":0.0,"enemies":"Blue Slaver","floor":10.0,"turns":4.0},{"damage":0.0,"enemies":"Gremlin Gang","floor":11.0,"turns":2.0},{"damage":6.0,"enemies":"Looter","floor":13.0,"turns":3.0},{"damage":9.0,"enemies":"3 Sentries","floor":14.0,"turns":10.0},{"damage":0.0,"enemies":"Hexaghost","floor":16.0,"turns":15.0},{"damage":7.0,"enemies":"3 Byrds","floor":18.0,"turns":4.0},{"damage":5.0,"enemies":"Shell Parasite","floor":19.0,"turns":4.0},{"damage":5.0,"enemies":"Chosen and Byrds","floor":22.0,"turns":6.0},{"damage":5.0,"enemies":"Slavers","floor":25.0,"turns":1.0},{"damage":5.0,"enemies":"Cultist and Chosen","floor":27.0,"turns":9.0},{"damage":5.0,"enemies":"Centurion and Healer","floor":28.0,"turns":17.0},{"damage":19.0,"enemies":"Snake Plant","floor":29.0,"turns":6.0},{"damage":5.0,"enemies":"Book of Stabbing","floor":31.0,"turns":13.0},{"damage":17.0,"enemies":"Collector","floor":33.0,"turns":22.0},{"damage":20.0,"enemies":"3 Darklings","floor":35.0,"turns":7.0},{"damage":5.0,"enemies":"Flame Bruiser 1 Orb","floor":39.0,"turns":11.0},{"damage":5.0,"enemies":"Giant Head","floor":41.0,"turns":11.0},{"damage":5.0,"enemies":"Sphere and 2 Shapes","floor":44.0,"turns":7.0},{"damage":5.0,"enemies":"Spire Growth","floor":46.0,"turns":14.0},{"damage":45,"enemies":"Awakened One","floor":50,"turns":14}],"seed_played":"8950451959309210628","potions_obtained":[{"floor":1.0,"key":"SpeedPotion"},{"floor":10.0,"key":"AttackPotion"},{"floor":13.0,"key":"EssenceOfSteel"},{"floor":16.0,"key":"SteroidPotion"},{"floor":19.0,"key":"Fire Potion"},{"floor":25.0,"key":"BloodPotion"},{"floor":28.0,"key":"SpeedPotion"}],"is_trial":false,"path_per_floor":["M","?","M","M","?","R","E","R","T","M","M","?","M","E","R","B",null,"M","M","$","?","M","R","$","E","T","M","M","M","$","E","R","B",null,"M","$","?","?","M","R","E","?","T","M","R","M","R","$","R","B"],"character_chosen":"IRONCLAD","items_purchased":["Oddly Smooth Stone","Shrug It Off","Metallicize","True Grit+1","Bag of Preparation"],"campfire_rested":2,"item_purchase_floors":[20,24,24,30,36],"current_hp_per_floor":[59,59,62,68,68,68,33,33,33,39,45,45,45,42,42,48,68,67,68,68,68,69,75,75,75,75,75,75,62,62,63,63,52,69,55,55,55,55,56,75,75,75,75,78,78,78,78,78,78,39],"gold":5,"neow_bonus":"THREE_CARDS","is_prod":false,"is_daily":false,"chose_seed":false,"campfire_upgraded":3,"win_rate":0,"timestamp":1532544631,"path_taken":["M","?","M","M","?","R","E","R","T","M","?","?","M","E","R","BOSS","M","M","$","?","M","R","$","E","T","M","M","M","$","E","R","BOSS","M","$","?","?","M","R","E","?","T","M","R","M","R","$","R","BOSS"],"build_version":"2018-07-19v2","purchased_purges":2,"victory":true,"max_hp_per_floor":[75,75,75,75,75,75,75,75,75,75,75,75,75,75,75,75,75,75,75,75,75,75,75,75,75,75,75,75,75,75,75,75,75,75,75,75,75,75,75,75,75,75,75,78,78,78,78,78,78,78],"card_choices":[{"not_picked":["Clash","Body Slam"],"picked":"Infernal Blade","floor":0.0},{"not_picked":["Bloodletting","Hemokinesis"],"picked":"Pommel Strike","floor":1.0},{"not_picked":["Infernal Blade","Clash"],"picked":"Armaments","floor":3.0},{"not_picked":["Thunderclap","Heavy Blade"],"picked":"Whirlwind","floor":4.0},{"not_picked":["Fire Breathing","Sentinel"],"picked":"Barricade","floor":7.0},{"not_picked":["Wild Strike","Flex"],"picked":"Iron Wave","floor":10.0},{"not_picked":["Clash","Uppercut"],"picked":"True Grit","floor":11.0},{"not_picked":["Whirlwind","Rupture","Carnage"],"picked":"SKIP","floor":13.0},{"not_picked":["Fiend Fire","Thunderclap"],"picked":"Entrench","floor":14.0},{"not_picked":["Limit Break","Double Tap"],"picked":"Offering","floor":16.0},{"not_picked":["Armaments","Sword Boomerang"],"picked":"Power Through","floor":18.0},{"not_picked":["Heavy Blade","Perfected Strike"],"picked":"Havoc","floor":19.0},{"not_picked":["Sever Soul","Dual Wield"],"picked":"Flame Barrier","floor":22.0},{"not_picked":["Heavy Blade+1","Feed"],"picked":"Feel No Pain","floor":25.0},{"not_picked":["Clothesline","Thunderclap"],"picked":"Shrug It Off+1","floor":27.0},{"not_picked":["Anger","Seeing Red+1"],"picked":"Warcry+1","floor":28.0},{"not_picked":["Shrug It Off+1","Dual Wield+1"],"picked":"Rampage+1","floor":29.0},{"not_picked":["Heavy Blade","Iron Wave","Rampage"],"picked":"SKIP","floor":31.0},{"not_picked":["Demon Form","Immolate"],"picked":"Feed","floor":33.0},{"not_picked":["Clothesline+1","Shockwave+1","Dropkick"],"picked":"SKIP","floor":35.0},{"not_picked":["Clash","Iron Wave"],"picked":"Body Slam","floor":39.0},{"not_picked":["Wild Strike","Juggernaut"],"picked":"Flame Barrier+1","floor":41.0},{"not_picked":["Iron Wave","Rage+1","Infernal Blade+1"],"picked":"SKIP","floor":44.0},{"not_picked":["Iron Wave","Rage+1","Infernal Blade+1"],"picked":"SKIP","floor":44.0},{"not_picked":["Uppercut","Ghostly Armor+1","True Grit+1"],"picked":"SKIP","floor":46.0}],"player_experience":881593,"relics_obtained":[{"floor":7.0,"key":"Du-Vu Doll"},{"floor":9.0,"key":"Gambling Chip"},{"floor":14.0,"key":"Red Skull"},{"floor":25.0,"key":"Peace Pipe"},{"floor":26.0,"key":"Toxic Egg 2"},{"floor":31.0,"key":"War Paint"},{"floor":41.0,"key":"Tiny Chest"},{"floor":43.0,"key":"Unceasing Top"}],"event_choices":[{"event_name":"Liars Game","player_choice":"disagreed","floor":2.0,"damage_taken":0.0},{"event_name":"Wheel of Change","player_choice":"Card Removal","floor":5.0,"damage_taken":0.0},{"event_name":"World of Goop","player_choice":"Left","floor":12.0,"damage_taken":0.0},{"event_name":"The Joust","player_choice":"Bet on Murderer","floor":21.0,"damage_taken":0.0},{"event_name":"Tomb of Lord Red Mask","player_choice":"Paid","floor":37.0,"damage_taken":0.0},{"event_name":"Purifier","player_choice":"One Purge","floor":38.0,"damage_taken":0.0},{"event_name":"Falling","player_choice":"Removed Attack","floor":42.0,"damage_taken":0.0}],"is_beta":false,"boss_relics":[{"not_picked":["Velvet Choker","Black Star"],"picked":"Fusion Hammer"},{"not_picked":["Coffee Dripper","Lizard Tail"],"picked":"Runic Cube"}],"items_purged_floors":[20,48],"is_endless":false,"potions_floor_spawned":[1,10,13,16,19,22,25,28,31,35,39],"ascension_level":15}