{"gold_per_floor":[212,212,226,401,420,420,434,454,479,489,515,532,532,543,543,639,639,658,515,460,471,20,20,20,20,20,20,20,38,48,48,48,149,149,159,159,159,84,99,99,111,111,111,111,128,143,143,75,75,75],"floor_reached":50,"playtime":1710,"items_purged":["Normality"],"score":494,"play_id":"f0bcb0fa-0d89-4c38-9217-7c46479ced79","local_time":"20190509225938","is_ascension_mode":false,"campfire_choices":[{"data":"Dualcast","floor":6.0,"key":"SMITH"},{"floor":13,"key":"REST"},{"data":"Defragment","floor":15,"key":"SMITH"},{"data":"Defragment","floor":23,"key":"SMITH"},{"data":"Sunder","floor":28,"key":"SMITH"},{"data":"Zap","floor":32,"key":"SMITH"},{"data":"Creative AI","floor":40,"key":"SMITH"},{"data":"Seek","floor":42,"key":"SMITH"},{"floor":44,"key":"RECALL"},{"floor":49,"key":"REST"}],"neow_cost":"NONE","seed_source_timestamp":1102897237777452,"circlet_count":0,"master_deck":["Strike_B","Strike_B","Strike_B","Defend_B","Defend_B","Defend_B","Defend_B","Zap+1","Dualcast+1","Undo","Conserve Battery","Defragment+1","Cold Snap","Defragment+1","Sunder+1","Seek+1","Coolheaded","Creative AI+1","Madness","Madness","Conserve Battery+1","Defragment+1","Mayhem","Capacitor"],"special_seed":0,"relics":["Cracked Core","Omamori","Happy Flower","Cursed Key","Bag of Preparation","Tiny Chest","ClockworkSouvenir","Bottled Tornado","Anchor","Ancient Tea Set","Black Star","Emotion Chip"],"potions_floor_usage":[16,16,33,41,46,50],"damage_taken":[{"damage":6.0,"enemies":"Jaw Worm","floor":1.0,"turns":2.0},{"damage":2.0,"enemies":"2 Louse","floor":3.0,"turns":2.0},{"damage":7.0,"enemies":"Small Slimes","floor":5.0,"turns":3.0},{"damage":3.0,"enemies":"Exordium Thugs","floor":7.0,"turns":5.0},{"damage":2.0,"enemies":"Blue Slaver","floor":8.0,"turns":4.0},{"damage":7.0,"enemies":"Exordium Wildlife","floor":10.0,"turns":4.0},{"damage":21.0,"enemies":"Lagavulin","floor":11.0,"turns":8.0},{"damage":8.0,"enemies":"Large Slime","floor":12.0,"turns":5.0},{"damage":0,"enemies":"Gremlin Gang","floor":14,"turns":3},{"damage":0,"enemies":"The Guardian","floor":16,"turns":13},{"damage":6,"enemies":"Chosen","floor":18,"turns":5},{"damage":4,"enemies":"Spheric Guardian","floor":21,"turns":4},{"damage":5,"enemies":"Centurion and Healer","floor":29,"turns":4},{"damage":0,"enemies":"Snecko","floor":30,"turns":4},{"damage":48,"enemies":"Champ","floor":33,"turns":13},{"damage":0,"enemies":"Orb Walker","floor":35,"turns":3},{"damage":12,"enemies":"3 Shapes","floor":39,"turns":5},{"damage":20,"enemies":"Transient","floor":41,"turns":5},{"damage":13,"enemies":"Sphere and 2 Shapes","floor":45,"turns":7},{"damage":7,"enemies":"Maw","floor":46,"turns":8},{"damage":53,"enemies":"Awakened One","floor":50,"turns":9}],"seed_played":"-9104245416872120315","potions_obtained":[{"floor":1.0,"key":"Poison Potion"},{"floor":7.0,"key":"Dexterity Potion"},{"floor":8.0,"key":"AttackPotion"},{"floor":12.0,"key":"Weak Potion"},{"floor":21,"key":"Fire Potion"},{"floor":39,"key":"Regen Potion"},{"floor":41,"key":"Weak Potion"},{"floor":46,"key":"GamblersBrew"}],"is_trial":false,"path_per_floor":["M","?","M","?","M","R","M","M","T","M","E","M","R","M","R","B",null,"M","$","?","M","$","R","?","$","T","?","R","M","M","?","R","B",null,"M","T","?","$","M","R","M","R","T","R","M","M","?","$","R","B"],"character_chosen":"DEFECT","items_purchased":["Bag of Preparation","ClockworkSouvenir","Bottled Tornado","Capacitor"],"campfire_rested":2,"item_purchase_floors":[19,22,22,48],"current_hp_per_floor":[69,66,64,64,57,57,54,52,52,45,24,16,38,38,38,38,75,69,69,69,65,65,65,65,65,65,65,65,60,60,60,60,12,75,75,75,66,66,54,54,48,48,48,48,35,28,28,28,50,0],"gold":75,"neow_bonus":"HUNDRED_GOLD","is_prod":false,"is_daily":false,"chose_seed":false,"campfire_upgraded":7,"win_rate":0,"timestamp":1557413978,"path_taken":["M","?","M","?","M","R","M","M","T","M","E","M","R","M","R","BOSS","M","$","?","M","$","R","?","$","T","?","R","M","M","?","R","BOSS","M","?","?","?","M","R","M","R","T","R","M","?","?","$","R","BOSS"],"build_version":"2019-01-23","purchased_purges":1,"victory":false,"max_hp_per_floor":[75,75,75,75,75,75,75,75,75,75,75,75,75,75,75,75,75,75,75,75,75,75,75,75,75,75,75,75,75,75,75,75,75,75,75,75,75,75,75,75,75,75,75,75,75,75,75,75,75,75],"card_choices":[{"not_picked":["Rip and Tear","Barrage","Go for the Eyes"],"picked":"SKIP","floor":1.0},{"not_picked":["Gash","Turbo"],"picked":"Undo","floor":3.0},{"not_picked":["Rebound","Double Energy"],"picked":"Conserve Battery","floor":5.0},{"not_picked":["Static Discharge","Gash"],"picked":"Defragment","floor":7.0},{"not_picked":["Chaos","Turbo"],"picked":"Cold Snap","floor":8.0},{"not_picked":["Conserve Battery","Scrape","Turbo"],"picked":"SKIP","floor":10.0},{"not_picked":["Go for the Eyes","White Noise"],"picked":"Defragment","floor":11.0},{"not_picked":["Compile Driver","Leap"],"picked":"Sunder","floor":12.0},{"not_picked":["Fusion","Hello World","Undo"],"picked":"SKIP","floor":14},{"not_picked":["Biased Cognition","Creative AI"],"picked":"Seek","floor":16},{"not_picked":["Tempest","Redo","Reprogram"],"picked":"SKIP","floor":18},{"not_picked":["Aggregate","Go for the Eyes","Rebound+1"],"picked":"SKIP","floor":21},{"not_picked":["Rebound","Leap"],"picked":"Coolheaded","floor":29},{"not_picked":["Streamline+1","Static Discharge","Darkness"],"picked":"SKIP","floor":30},{"not_picked":["Fission","Biased Cognition"],"picked":"Creative AI","floor":33},{"not_picked":["Auto Shields+1","Turbo+1","Sweeping Beam+1"],"picked":"SKIP","floor":35},{"not_picked":["Melter","Ball Lightning","Compile Driver+1"],"picked":"SKIP","floor":39},{"not_picked":["Turbo+1","Ball Lightning"],"picked":"Conserve Battery+1","floor":41},{"not_picked":["Cold Snap","Auto Shields"],"picked":"Defragment+1","floor":45},{"not_picked":["Fusion","Leap","Blizzard+1"],"picked":"SKIP","floor":46},{"not_picked":["Impatience","PanicButton"],"picked":"Mayhem","floor":47}],"player_experience":493789,"relics_obtained":[{"floor":11.0,"key":"Happy Flower"},{"floor":26,"key":"Anchor"},{"floor":36,"key":"Emotion Chip"}],"event_choices":[{"damage_healed":0.0,"max_hp_gain":0.0,"max_hp_loss":0.0,"gold_gain":0.0,"event_name":"Scrap Ooze","player_choice":"Success","floor":2.0,"gold_loss":0.0,"damage_taken":3.0,"relics_obtained":["Omamori"]},{"damage_healed":0.0,"max_hp_gain":0.0,"max_hp_loss":0.0,"gold_gain":175.0,"event_name":"Liars Game","player_choice":"AGREE","floor":4.0,"gold_loss":0.0,"damage_taken":0.0,"cards_obtained":["Doubt"]},{"damage_healed":0,"gold_gain":0,"player_choice":"Obtained Relic","damage_taken":0,"relics_obtained":["Tiny Chest"],"max_hp_gain":0,"max_hp_loss":0,"event_name":"Addict","floor":20,"gold_loss":85},{"damage_healed":0,"gold_gain":0,"player_choice":"Ignored","damage_taken":0,"max_hp_gain":0,"max_hp_loss":0,"event_name":"Ghosts","floor":24,"gold_loss":0},{"damage_healed":0,"gold_gain":0,"player_choice":"Opened","damage_taken":0,"relics_obtained":["Ancient Tea Set"],"max_hp_gain":0,"max_hp_loss":0,"event_name":"The Mausoleum","floor":27,"gold_loss":0},{"cards_removed":["Strike_B"],"damage_healed":0,"gold_gain":0,"player_choice":"Purged","damage_taken":0,"max_hp_gain":0,"max_hp_loss":0,"event_name":"Purifier","floor":31,"gold_loss":0},{"damage_healed":0,"gold_gain":0,"player_choice":"Embrace Madness","damage_taken":9,"max_hp_gain":0,"max_hp_loss":0,"event_name":"Winding Halls","floor":37,"gold_loss":0,"cards_obtained":["Madness","Madness"]},{"damage_healed":0,"gold_gain":0,"player_choice":"Memory 1","damage_taken":0,"max_hp_gain":0,"max_hp_loss":0,"event_name":"SensoryStone","floor":47,"gold_loss":0}],"is_beta":false,"boss_relics":[{"not_picked":["Philosopher\u0027s Stone","Pandora\u0027s Box"],"picked":"Cursed Key"},{"not_picked":["Runic Dome","Calling Bell"],"picked":"Black Star"}],"items_purged_floors":[38],"is_endless":false,"potions_floor_spawned":[1,7,8,12,21,39,41,46],"killed_by":"Awakened One","ascension_level":0}