{"gold_per_floor":[118,118,268,268,7,7,27,42,66,83,83,97,116,149,149,149],"floor_reached":16,"playtime":505,"items_purged":["Doubt"],"score":204,"play_id":"2a131413-393e-4267-ac0f-a64f23e37d34","local_time":"20190408164754","is_ascension_mode":true,"campfire_choices":[{"data":"Strike_B","floor":6.0,"key":"PURGE"},{"floor":11.0,"key":"REST"},{"data":"Barrage","floor":15,"key":"SMITH"}],"neow_cost":"PERCENT_DAMAGE","seed_source_timestamp":8986604637500,"circlet_count":0,"master_deck":["AscendersBane","Strike_B","Strike_B","Strike_B","Defend_B","Defend_B","Defend_B","Defend_B","Zap+1","Dualcast","Chill","Cold Snap","Coolheaded","Sweeping Beam","Barrage+1","Skim","BootSequence","Self Repair"],"special_seed":0,"relics":["Cracked Core","Peace Pipe","Vajra","Membership Card","Smiling Mask","Ancient Tea Set"],"potions_floor_usage":[14],"damage_taken":[{"damage":2.0,"enemies":"Jaw Worm","floor":1.0,"turns":4.0},{"damage":0.0,"enemies":"Small Slimes","floor":7.0,"turns":2.0},{"damage":0.0,"enemies":"Cultist","floor":8.0,"turns":4.0},{"damage":10.0,"enemies":"Gremlin Gang","floor":10.0,"turns":4.0},{"damage":5.0,"enemies":"Blue Slaver","floor":12.0,"turns":3.0},{"damage":10.0,"enemies":"Looter","floor":13.0,"turns":3.0},{"damage":10,"enemies":"Gremlin Nob","floor":14,"turns":3},{"damage":6,"enemies":"Hexaghost","floor":16,"turns":7}],"seed_played":"6429171730859723409","potions_obtained":[{"floor":1.0,"key":"Fire Potion"},{"floor":12.0,"key":"Energy Potion"}],"is_trial":false,"path_per_floor":["M","?","?","?","$","R","M","M","T","M","R","M","M","E","R","B"],"character_chosen":"DEFECT","items_purchased":["Membership Card","Cold Snap"],"campfire_rested":1,"item_purchase_floors":[5,5],"current_hp_per_floor":[44,18,18,18,18,18,18,18,18,8,29,24,14,4,4,0],"gold":149,"neow_bonus":"ONE_RARE_RELIC","is_prod":false,"is_daily":false,"chose_seed":false,"campfire_upgraded":1,"win_rate":0,"timestamp":1554713274,"path_taken":["M","?","?","?","$","R","?","M","T","M","R","M","?","E","R","BOSS"],"build_version":"2019-04-04","purchased_purges":1,"victory":false,"max_hp_per_floor":[71,71,71,71,71,71,71,71,71,71,71,71,71,71,71,71],"card_choices":[{"not_picked":["Reprogram","Leap"],"picked":"Chill","floor":1.0},{"not_picked":["Hologram","Cold Snap"],"picked":"Coolheaded","floor":7.0},{"not_picked":["Steam","Stack"],"picked":"Sweeping Beam","floor":8.0},{"not_picked":["Compile Driver","Hologram"],"picked":"Barrage","floor":10.0},{"not_picked":["Sunder","Amplify"],"picked":"Skim","floor":12.0},{"not_picked":["Leap","Melter"],"picked":"BootSequence","floor":13.0},{"not_picked":["Scrape","Genetic Algorithm"],"picked":"Self Repair","floor":14}],"player_experience":1364509,"relics_obtained":[{"floor":9.0,"key":"Smiling Mask"},{"floor":14,"key":"Ancient Tea Set"}],"event_choices":[{"damage_healed":0.0,"max_hp_gain":0.0,"max_hp_loss":0.0,"gold_gain":0.0,"event_name":"Scrap Ooze","player_choice":"Success","floor":2.0,"gold_loss":0.0,"damage_taken":26.0,"relics_obtained":["Vajra"]},{"damage_healed":0.0,"max_hp_gain":0.0,"max_hp_loss":0.0,"gold_gain":150.0,"event_name":"Liars Game","player_choice":"AGREE","floor":3.0,"gold_loss":0.0,"damage_taken":0.0,"cards_obtained":["Doubt"]},{"damage_healed":0.0,"max_hp_gain":0.0,"max_hp_loss":0.0,"gold_gain":0.0,"event_name":"Upgrade Shrine","player_choice":"Upgraded","floor":4.0,"gold_loss":0.0,"damage_taken":0.0,"cards_upgraded":["Zap"]}],"is_beta":true,"boss_relics":[],"items_purged_floors":[5],"is_endless":false,"potions_floor_spawned":[1,12],"killed_by":"Hexaghost","ascension_level":20}