{"gold_per_floor":[113,113,132,142,162,162,192,211,211,238,238,257,6,16,16,113,113,128,138,155,173,185,185,284,303,303,321,321,321,337,349,349,446,446,456,472,487,487,116,116,116,135,135,150,150,204,204,222,222,222],"floor_reached":51,"playtime":5308,"items_purged":["Strike_G"],"score":719,"play_id":"e49d4a36-08d3-498e-a570-d3df5afb56a6","local_time":"20181009202001","is_ascension_mode":false,"campfire_choices":[{"data":"Leg Sweep","floor":6,"key":"SMITH"},{"data":"Footwork","floor":11,"key":"SMITH"},{"data":"Noxious Fumes","floor":15,"key":"SMITH"},{"data":"Burst","floor":23,"key":"SMITH"},{"floor":29,"key":"REST"},{"floor":32,"key":"REST"},{"data":"Strike_G","floor":40,"key":"PURGE"},{"data":"Poisoned Stab","floor":45,"key":"PURGE"},{"floor":47,"key":"REST"},{"floor":49,"key":"REST"}],"neow_cost":"NONE","seed_source_timestamp":701949877825255,"circlet_count":0,"master_deck":["Defend_G","Defend_G","Defend_G","Neutralize","Corpse Explosion+1","Choke+1","Adrenaline+1","Leg Sweep+1","Cloak And Dagger","Flying Knee","Footwork+1","Noxious Fumes+1","Deadly Poison","Burst+1","Dodge and Roll+1","Prepared+1","Necronomicurse","Escape Plan","Burst","Distraction+1","Footwork+1"],"relics":["Astrolabe","FaceOfCleric","Ginger","Question Card","Boot","Matryoshka","Sozu","StoneCalendar","Bottled Tornado","Necronomicon","Empty Cage","Peace Pipe","Snake Skull","Frozen Egg 2","Incense Burner"],"potions_floor_usage":[7,10,18,35],"damage_taken":[{"damage":3,"enemies":"Jaw Worm","floor":1,"turns":2},{"damage":0,"enemies":"Cultist","floor":3,"turns":2},{"damage":0,"enemies":"Small Slimes","floor":4,"turns":2},{"damage":7,"enemies":"Blue Slaver","floor":5,"turns":3},{"damage":8,"enemies":"Lagavulin","floor":7,"turns":5},{"damage":12,"enemies":"2 Fungi Beasts","floor":8,"turns":2},{"damage":0,"enemies":"Gremlin Nob","floor":10,"turns":4},{"damage":8,"enemies":"Looter","floor":12,"turns":3},{"damage":4,"enemies":"Exordium Thugs","floor":14,"turns":3},{"damage":0,"enemies":"The Guardian","floor":16,"turns":9},{"damage":1,"enemies":"Shell Parasite","floor":18,"turns":4},{"damage":13,"enemies":"3 Byrds","floor":19,"turns":3},{"damage":0,"enemies":"Cultist and Chosen","floor":20,"turns":6},{"damage":20,"enemies":"Snake Plant","floor":21,"turns":3},{"damage":6,"enemies":"Centurion and Healer","floor":22,"turns":4},{"damage":9,"enemies":"Snecko","floor":25,"turns":5},{"damage":0,"enemies":"Snake Plant","floor":27,"turns":4},{"damage":14,"enemies":"Centurion and Healer","floor":30,"turns":3},{"damage":18,"enemies":"Shelled Parasite and Fungi","floor":31,"turns":5},{"damage":28,"enemies":"Collector","floor":33,"turns":7},{"damage":6,"enemies":"3 Darklings","floor":35,"turns":4},{"damage":3,"enemies":"3 Shapes","floor":36,"turns":3},{"damage":0,"enemies":"Sphere and 2 Shapes","floor":37,"turns":5},{"damage":1,"enemies":"4 Shapes","floor":42,"turns":4},{"damage":0,"enemies":"Maw","floor":44,"turns":7},{"damage":20,"enemies":"Mysterious Sphere","floor":46,"turns":3},{"damage":54,"enemies":"Reptomancer","floor":48,"turns":3},{"damage":58,"enemies":"Time Eater","floor":50,"turns":14}],"seed_played":"8025507478177932665","potions_obtained":[{"floor":1,"key":"SpeedPotion"},{"floor":5,"key":"Regen Potion"},{"floor":14,"key":"Fire Potion"},{"floor":16,"key":"Block Potion"}],"is_trial":false,"path_per_floor":["M","?","M","M","M","R","E","M","T","E","R","M","$","M","R","B",null,"M","M","M","M","M","R","?","M","T","M","?","R","M","M","R","B",null,"M","M","M","?","$","R","?","M","T","M","R","?","R","M","R","B"],"character_chosen":"THE_SILENT","items_purchased":["Matryoshka","Peace Pipe"],"campfire_rested":4,"item_purchase_floors":[13,39],"current_hp_per_floor":[67,67,68,69,63,63,68,57,57,58,58,51,51,48,48,49,79,79,67,68,49,44,44,44,36,36,37,21,46,33,16,42,15,89,84,82,83,83,83,83,83,83,83,84,84,65,93,40,68,11],"gold":222,"neow_bonus":"BOSS_RELIC","is_prod":false,"is_daily":false,"chose_seed":false,"campfire_upgraded":4,"win_rate":0.0,"timestamp":1539130801,"path_taken":["M","?","?","M","M","R","E","M","T","E","R","M","?","M","R","BOSS","M","M","M","M","M","R","?","M","T","M","?","R","?","M","R","BOSS","M","M","M","?","$","R","?","M","T","?","R","?","R","M","R","BOSS"],"build_version":"2018-09-27","purchased_purges":1,"victory":true,"max_hp_per_floor":[70,70,71,72,73,73,74,75,75,76,76,77,77,78,78,79,79,80,81,82,83,84,84,84,85,85,86,86,86,87,88,88,89,89,90,91,92,92,92,92,92,93,93,94,94,95,95,96,96,97],"card_choices":[{"not_picked":["Eviscerate","Cloak And Dagger"],"picked":"Leg Sweep","floor":1},{"not_picked":["Deadly Poison","Quick Slash"],"picked":"Cloak And Dagger","floor":3},{"not_picked":["Outmaneuver","Dodge and Roll"],"picked":"Poisoned Stab","floor":4},{"not_picked":["Blade Dance","Distraction"],"picked":"Flying Knee","floor":5},{"not_picked":["Slice","Dagger Throw"],"picked":"Footwork","floor":7},{"not_picked":["Predator","Reflex","Distraction"],"picked":"SKIP","floor":8},{"not_picked":["Underhanded Strike","Quick Slash","Deflect"],"picked":"Noxious Fumes","floor":10},{"not_picked":["Expertise","Riddle With Holes","Bouncing Flask","Tactician"],"picked":"SKIP","floor":12},{"not_picked":["Poisoned Stab","Sucker Punch","Expertise"],"picked":"Deadly Poison","floor":14},{"not_picked":["Unload","Bullet Time","Venomology"],"picked":"Burst","floor":16},{"not_picked":["Prepared+1","Dagger Throw","Deadly Poison"],"picked":"Dodge and Roll+1","floor":18},{"not_picked":["Deflect","Deadly Poison","Acrobatics","Dagger Throw"],"picked":"SKIP","floor":19},{"not_picked":["Deflect","Dodge and Roll","Bullet Time","Heel Hook"],"picked":"SKIP","floor":20},{"not_picked":["Backstab+1","Dagger Spray","Backflip","Deflect"],"picked":"SKIP","floor":21},{"not_picked":["Blade Dance","Reflex","Terror","Dagger Spray"],"picked":"SKIP","floor":22},{"not_picked":["Outmaneuver","Cloak And Dagger+1","Deflect+1"],"picked":"Prepared+1","floor":25},{"not_picked":["Blade Dance","Tactician","Slice","Bane"],"picked":"SKIP","floor":27},{"not_picked":["Corpse Explosion","Eviscerate","Reflex","Dodge and Roll"],"picked":"SKIP","floor":30},{"not_picked":["Dagger Throw","Dodge and Roll","Corpse Explosion"],"picked":"Escape Plan","floor":31},{"not_picked":["Storm of Steel","Doppelganger","Venomology"],"picked":"Burst","floor":33},{"not_picked":["Bane+1","Deadly Poison+1","Noxious Fumes"],"picked":"Distraction+1","floor":35},{"not_picked":["Accuracy+1","Sucker Punch","Quick Slash","Slice+1"],"picked":"SKIP","floor":36},{"not_picked":["Expertise+1","Slice","Dodge and Roll","Accuracy+1"],"picked":"SKIP","floor":37},{"not_picked":["Sucker Punch","After Image","Acrobatics","Poisoned Stab+1"],"picked":"SKIP","floor":42},{"not_picked":["Underhanded Strike","Deadly Poison+1","Endless Agony","Acrobatics+1"],"picked":"SKIP","floor":44},{"not_picked":["Sucker Punch+1","Blur+1","Escape Plan"],"picked":"Footwork+1","floor":48}],"player_experience":33082,"relics_obtained":[{"floor":7,"key":"Ginger"},{"floor":9,"key":"Question Card"},{"floor":10,"key":"Boot"},{"floor":26,"key":"StoneCalendar"},{"floor":26,"key":"Bottled Tornado"},{"floor":28,"key":"Necronomicon"},{"floor":43,"key":"Snake Skull"},{"floor":43,"key":"Frozen Egg 2"},{"floor":46,"key":"Incense Burner"}],"event_choices":[{"event_name":"FaceTrader","player_choice":"Trade","floor":2,"damage_taken":0},{"event_name":"Nest","player_choice":"Stole From Cult","floor":24,"damage_taken":0},{"event_name":"Cursed Tome","player_choice":"Obtained Book","floor":28,"damage_taken":0},{"event_name":"The Lab","player_choice":"Got Potions","floor":38,"damage_taken":0},{"event_name":"Falling","player_choice":"Removed Attack","floor":41,"damage_taken":0},{"event_name":"Mysterious Sphere","player_choice":"Fight","floor":46,"damage_taken":0}],"is_beta":false,"boss_relics":[{"not_picked":["Ectoplasm","Snecko Eye"],"picked":"Sozu"},{"not_picked":["Fusion Hammer","Calling Bell"],"picked":"Empty Cage"}],"items_purged_floors":[39],"is_endless":false,"potions_floor_spawned":[1,5,14,16,19,20,25,27,30,36,37,46,48],"ascension_level":0}