{"gold_per_floor":[113,124,140,150,161,161,111,36,36,48,82,93,55,69,69,168,168,185,185,100,114,125,156,156,176,203,216,230,242,252,252],"floor_reached":31,"playtime":2233,"items_purged":["Strike_B"],"score":267,"play_id":"8e98adcc-f6f6-49e4-afa8-0345ef07a13b","local_time":"20190508161400","is_ascension_mode":false,"campfire_choices":[{"floor":6,"key":"RECALL"},{"data":"Defragment","floor":15,"key":"SMITH"},{"floor":24,"key":"REST"}],"neow_cost":"NONE","seed_source_timestamp":1631124397148704,"circlet_count":0,"master_deck":["Defend_B","Defend_B","Defend_B","Defend_B","Dualcast","Buffer","Beam Cell","Beam Cell","Recycle","Sunder","Electrodynamics","Beam Cell","Doom and Gloom","Consume","Doom and Gloom","Defragment+1","Machine Learning","Steam+1","Thunder Strike","Thunder Strike","Hologram+1","Steam+1","Skim+1","Conserve Battery+1","Hologram+1","Scrape+1","Conserve Battery+1","Consume+1"],"relics":["Cracked Core","Gremlin Horn","Fusion Hammer","Toxic Egg 2","StoneCalendar","Bronze Scales"],"potions_floor_usage":[16,23,23,29,29,29,29,30,30,31,31],"damage_taken":[{"damage":0,"enemies":"Cultist","floor":1,"turns":5},{"damage":5,"enemies":"Small Slimes","floor":2,"turns":4},{"damage":0,"enemies":"Jaw Worm","floor":3,"turns":3},{"damage":8,"enemies":"Large Slime","floor":4,"turns":6},{"damage":0,"enemies":"3 Louse","floor":5,"turns":3},{"damage":0,"enemies":"Blue Slaver","floor":10,"turns":2},{"damage":13,"enemies":"3 Sentries","floor":11,"turns":4},{"damage":0,"enemies":"Exordium Wildlife","floor":12,"turns":2},{"damage":6,"enemies":"2 Fungi Beasts","floor":14,"turns":3},{"damage":37,"enemies":"The Guardian","floor":16,"turns":9},{"damage":5,"enemies":"Chosen","floor":18,"turns":4},{"damage":0,"enemies":"3 Byrds","floor":21,"turns":2},{"damage":25,"enemies":"Snake Plant","floor":22,"turns":4},{"damage":31,"enemies":"Slavers","floor":23,"turns":6},{"damage":0,"enemies":"Cultist and Chosen","floor":25,"turns":5},{"damage":16,"enemies":"Chosen and Byrds","floor":27,"turns":5},{"damage":12,"enemies":"Centurion and Healer","floor":28,"turns":4},{"damage":0,"enemies":"Snake Plant","floor":29,"turns":4},{"damage":1,"enemies":"Snecko","floor":30,"turns":4},{"damage":7,"enemies":"Centurion and Healer","floor":31,"turns":2}],"seed_played":"6546046949194961829","potions_obtained":[{"floor":2,"key":"SkillPotion"},{"floor":10,"key":"Explosive Potion"},{"floor":11,"key":"SpeedPotion"},{"floor":16,"key":"PowerPotion"},{"floor":23,"key":"EntropicBrew"},{"floor":28,"key":"Energy Potion"},{"floor":29,"key":"SpeedPotion"},{"floor":30,"key":"Swift Potion"}],"is_trial":false,"path_per_floor":["M","M","M","M","M","R","?","$","T","M","E","M","$","M","R","B",null,"M","?","?","M","M","E","R","M","T","M","M","M","M","M"],"character_chosen":"DEFECT","items_purchased":["Doom and Gloom"],"campfire_rested":1,"item_purchase_floors":[13],"current_hp_per_floor":[75,70,70,62,62,62,62,62,62,62,49,49,49,43,43,6,75,70,70,70,70,45,14,36,36,36,20,8,8,7,0],"gold":252,"neow_bonus":"TRANSFORM_CARD","is_prod":false,"is_daily":false,"chose_seed":false,"campfire_upgraded":1,"win_rate":0,"timestamp":1557324840,"path_taken":["M","M","?","?","M","R","?","$","T","M","E","M","?","M","R","BOSS","M","?","?","M","M","E","R","M","T","M","M","M","M","M"],"build_version":"2019-01-23","purchased_purges":1,"victory":false,"max_hp_per_floor":[75,75,75,75,75,75,75,75,75,75,75,75,75,75,75,75,75,75,75,75,75,75,75,75,75,75,75,75,75,75,75],"card_choices":[{"not_picked":["Redo","Barrage"],"picked":"Beam Cell","floor":1},{"not_picked":["Go for the Eyes","Steam"],"picked":"Beam Cell","floor":2},{"not_picked":["Steam Power","Barrage"],"picked":"Recycle","floor":3},{"not_picked":["Barrage","Darkness"],"picked":"Sunder","floor":4},{"not_picked":["Hologram","Hello World"],"picked":"Electrodynamics","floor":5},{"not_picked":["Auto Shields","Hello World"],"picked":"Beam Cell","floor":10},{"not_picked":["Go for the Eyes","Genetic Algorithm"],"picked":"Doom and Gloom","floor":11},{"not_picked":["Redo","Compile Driver"],"picked":"Consume","floor":12},{"not_picked":["Steam","Ball Lightning"],"picked":"Defragment","floor":14},{"not_picked":["Rainbow","Fission"],"picked":"Machine Learning","floor":16},{"not_picked":["Scrape+1","Reinforced Body"],"picked":"Steam+1","floor":18},{"not_picked":["Rebound+1","Go for the Eyes"],"picked":"Hologram+1","floor":21},{"not_picked":["BootSequence+1","Steam Power+1"],"picked":"Steam+1","floor":22},{"not_picked":["Gash","Hologram+1"],"picked":"Skim+1","floor":23},{"not_picked":["Sweeping Beam","Ball Lightning+1"],"picked":"Conserve Battery+1","floor":25},{"not_picked":["Barrage+1","Core Surge"],"picked":"Hologram+1","floor":27},{"not_picked":["Sweeping Beam","Aggregate+1"],"picked":"Scrape+1","floor":28},{"not_picked":["Coolheaded+1","Scrape+1"],"picked":"Conserve Battery+1","floor":29},{"not_picked":["Rebound","Turbo+1"],"picked":"Consume+1","floor":30}],"player_experience":85768,"relics_obtained":[{"floor":11,"key":"Gremlin Horn"},{"floor":23,"key":"StoneCalendar"},{"floor":26,"key":"Bronze Scales"}],"event_choices":[{"cards_removed":["Strike_B"],"damage_healed":0,"gold_gain":0,"player_choice":"Card Removal","damage_taken":0,"max_hp_gain":0,"max_hp_loss":0,"event_name":"The Cleric","floor":7,"gold_loss":50},{"damage_healed":0,"gold_gain":0,"cards_transformed":["Strike_B","Zap"],"player_choice":"Became Test Subject","damage_taken":0,"max_hp_gain":0,"max_hp_loss":0,"event_name":"Drug Dealer","floor":19,"gold_loss":0,"cards_obtained":["Thunder Strike","Thunder Strike"]},{"damage_healed":0,"gold_gain":0,"player_choice":"Obtained Relic","damage_taken":0,"relics_obtained":["Toxic Egg 2"],"max_hp_gain":0,"max_hp_loss":0,"event_name":"Addict","floor":20,"gold_loss":85}],"is_beta":false,"boss_relics":[{"not_picked":["Cursed Key","Runic Pyramid"],"picked":"Fusion Hammer"}],"items_purged_floors":[8],"is_endless":false,"potions_floor_spawned":[2,10,11,12,16,23,28,29,30],"killed_by":"Centurion and Healer","ascension_level":0}