{"gold_per_floor":[114,127,127,144,159,219,63,63,63,138,157,175,75,87,87,87],"floor_reached":16,"playtime":505,"items_purged":["Strike_R","Strike_R"],"score":104,"play_id":"70b588b1-c653-4a81-9e82-50d0dadf30ac","local_time":"20190111013856","is_ascension_mode":false,"campfire_choices":[{"data":"Bash","floor":15,"key":"SMITH"}],"neow_cost":"PERCENT_DAMAGE","seed_source_timestamp":103534148031323,"circlet_count":0,"master_deck":["Strike_R","Strike_R","Strike_R","Defend_R","Defend_R","Defend_R","Defend_R","Bash+1","Dropkick","Dropkick"],"relics":["Burning Blood","Shovel","Tiny Chest","Gremlin Horn","Mercury Hourglass"],"potions_floor_usage":[6,16],"damage_taken":[{"damage":5,"enemies":"Small Slimes","floor":1,"turns":4},{"damage":6,"enemies":"Cultist","floor":2,"turns":3},{"damage":5,"enemies":"2 Louse","floor":4,"turns":3},{"damage":0,"enemies":"Large Slime","floor":5,"turns":6},{"damage":44,"enemies":"Lagavulin","floor":6,"turns":6},{"damage":6,"enemies":"Exordium Wildlife","floor":11,"turns":5},{"damage":6,"enemies":"Exordium Thugs","floor":12,"turns":5},{"damage":6,"enemies":"Blue Slaver","floor":14,"turns":5},{"damage":17,"enemies":"The Guardian","floor":16,"turns":8}],"seed_played":"-7953242206197745597","potions_obtained":[{"floor":2,"key":"Poison Potion"},{"floor":6,"key":"Energy Potion"}],"is_trial":false,"path_per_floor":["M","M","?","M","M","E","$","T","T","?","M","M","$","M","R","B"],"character_chosen":"IRONCLAD","items_purchased":["Dropkick"],"campfire_rested":0,"item_purchase_floors":[7],"current_hp_per_floor":[57,57,57,58,64,26,26,26,26,15,15,15,15,15,15,0],"gold":87,"neow_bonus":"ONE_RARE_RELIC","is_prod":false,"is_daily":false,"chose_seed":false,"campfire_upgraded":1,"win_rate":0,"timestamp":1547167136,"path_taken":["M","M","?","M","M","E","$","?","T","?","M","M","$","M","R","BOSS"],"build_version":"2019-01-03v4","purchased_purges":2,"victory":false,"max_hp_per_floor":[80,80,80,80,80,80,80,80,80,80,80,80,80,80,80,80],"card_choices":[{"not_picked":["Body Slam","Metallicize","True Grit"],"picked":"SKIP","floor":1},{"not_picked":["Clash","Rupture","Body Slam"],"picked":"SKIP","floor":2},{"not_picked":["Perfected Strike","Iron Wave","Havoc"],"picked":"SKIP","floor":4},{"not_picked":["Spot Weakness","Clash","Clothesline"],"picked":"SKIP","floor":5},{"not_picked":["Barricade","Twin Strike","Infernal Blade"],"picked":"SKIP","floor":6},{"not_picked":["Spot Weakness","Infernal Blade","Sword Boomerang"],"picked":"SKIP","floor":11},{"not_picked":["Rampage","Twin Strike","Anger"],"picked":"SKIP","floor":12},{"not_picked":["Havoc","Juggernaut","Anger"],"picked":"SKIP","floor":14}],"player_experience":436698,"relics_obtained":[{"floor":6,"key":"Tiny Chest"},{"floor":8,"key":"Gremlin Horn"},{"floor":9,"key":"Mercury Hourglass"}],"event_choices":[{"damage_healed":0,"gold_gain":0,"player_choice":"1 cards matched","damage_taken":0,"max_hp_gain":0,"max_hp_loss":0,"event_name":"Match and Keep!","floor":3,"gold_loss":0,"cards_obtained":["Dropkick"]},{"damage_healed":0,"gold_gain":75,"player_choice":"Gather Gold","damage_taken":11,"max_hp_gain":0,"max_hp_loss":0,"event_name":"World of Goop","floor":10,"gold_loss":0}],"is_beta":false,"boss_relics":[],"items_purged_floors":[7,13],"is_endless":false,"potions_floor_spawned":[2,6],"killed_by":"The Guardian","ascension_level":0}