{"gold_per_floor":[114,132,144,159,111,111,139,139,139,186,212,243,288,102,102,181,181,195,229,248,248,263,289,300,300,300,300,335,335,335,363,363,363],"floor_reached":33,"playtime":1395,"items_purged":[],"score":569,"play_id":"56760818-6b0d-4cd2-a8e6-989d111af0ab","local_time":"20190204115422","is_ascension_mode":true,"campfire_choices":[{"data":"Perfected Strike","floor":6.0,"key":"SMITH"},{"data":"Armaments","floor":8.0,"key":"SMITH"},{"data":"Perfected Strike","floor":15.0,"key":"SMITH"},{"data":"Combust","floor":25,"key":"SMITH"},{"data":"Metallicize","floor":27,"key":"SMITH"},{"data":"Offering","floor":30,"key":"SMITH"},{"floor":32,"key":"REST"}],"neow_cost":"NONE","seed_source_timestamp":13786751264915,"circlet_count":0,"master_deck":["AscendersBane","Strike_R","Strike_R","Strike_R","Strike_R","Strike_R","Defend_R","Defend_R","Defend_R","Defend_R","Bash","Perfected Strike+1","Clothesline","Perfected Strike+1","Armaments+1","Pommel Strike","Reaper","Headbutt","Twin Strike","Battle Trance","PanicButton","Offering+1","Metallicize+1","Combust+1","Twin Strike+1","Exhume+1","Seeing Red+1"],"special_seed":0,"relics":["Burning Blood","Blood Vial","MawBank","The Courier","Orichalcum","Bag of Preparation","Black Star","Red Mask","Incense Burner","Molten Egg 2","Ginger","Toxic Egg 2","Pear","Nilry\u0027s Codex","Potion Belt","Bottled Lightning"],"potions_floor_usage":[20,23,31,33],"damage_taken":[{"damage":1.0,"enemies":"Cultist","floor":1.0,"turns":3.0},{"damage":7.0,"enemies":"Jaw Worm","floor":2.0,"turns":3.0},{"damage":0.0,"enemies":"2 Louse","floor":3.0,"turns":2.0},{"damage":5.0,"enemies":"2 Fungi Beasts","floor":4.0,"turns":3.0},{"damage":15.0,"enemies":"Lagavulin","floor":7.0,"turns":6.0},{"damage":21.0,"enemies":"Gremlin Nob","floor":10.0,"turns":4.0},{"damage":6.0,"enemies":"Blue Slaver","floor":11.0,"turns":3.0},{"damage":11.0,"enemies":"Exordium Thugs","floor":12.0,"turns":4.0},{"damage":20.0,"enemies":"3 Sentries","floor":13.0,"turns":5.0},{"damage":18.0,"enemies":"Hexaghost","floor":16.0,"turns":8.0},{"damage":9.0,"enemies":"Chosen","floor":18.0,"turns":3.0},{"damage":18,"enemies":"Masked Bandits","floor":19,"turns":4},{"damage":17,"enemies":"3 Byrds","floor":20,"turns":6},{"damage":9,"enemies":"Snecko","floor":22,"turns":3},{"damage":37,"enemies":"Gremlin Leader","floor":23,"turns":7},{"damage":0,"enemies":"Centurion and Healer","floor":24,"turns":5},{"damage":2,"enemies":"Slavers","floor":28,"turns":6},{"damage":43,"enemies":"Book of Stabbing","floor":31,"turns":6},{"damage":52,"enemies":"Automaton","floor":33,"turns":8}],"seed_played":"5094221143526754487","potions_obtained":[{"floor":4.0,"key":"Swift Potion"},{"floor":7.0,"key":"Energy Potion"},{"floor":12.0,"key":"Fire Potion"},{"floor":16.0,"key":"Block Potion"},{"floor":22,"key":"Explosive Potion"},{"floor":23,"key":"Poison Potion"}],"is_trial":false,"path_per_floor":["M","M","M","M","$","R","E","R","T","E","M","M","E","$","R","B",null,"M","?","M","?","M","E","M","R","T","R","E","?","R","E","R","B"],"character_chosen":"IRONCLAD","items_purchased":["Energy Potion","Bag of Preparation","PanicButton"],"campfire_rested":1,"item_purchase_floors":[5,14,14],"current_hp_per_floor":[73,72,75,75,75,75,66,66,66,53,55,58,58,58,58,48,68,67,61,58,58,61,47,55,55,55,55,71,50,50,21,46,0],"gold":363,"neow_bonus":"THREE_CARDS","is_prod":false,"is_daily":false,"chose_seed":false,"campfire_upgraded":6,"win_rate":0,"timestamp":1549310062,"path_taken":["M","M","?","M","$","R","E","R","T","E","M","M","E","$","R","BOSS","M","?","M","?","M","E","M","R","T","R","E","?","R","E","R","BOSS"],"build_version":"2019-01-23","purchased_purges":0,"victory":false,"max_hp_per_floor":[75,75,75,75,75,75,75,75,75,75,75,75,75,75,75,75,75,75,75,75,75,75,75,75,75,75,75,85,85,85,85,85,85],"card_choices":[{"not_picked":["Reckless Charge","Heavy Blade"],"picked":"Perfected Strike","floor":0.0},{"not_picked":["Flex","Armaments"],"picked":"Clothesline","floor":1.0},{"not_picked":["True Grit","Twin Strike"],"picked":"Perfected Strike","floor":2.0},{"not_picked":["Rupture","Flex"],"picked":"Armaments","floor":3.0},{"not_picked":["Havoc","Flex"],"picked":"Pommel Strike","floor":4.0},{"not_picked":["Iron Wave","True Grit"],"picked":"Reaper","floor":7.0},{"not_picked":["True Grit","Power Through"],"picked":"Headbutt","floor":10.0},{"not_picked":["Wild Strike","Warcry"],"picked":"Twin Strike","floor":11.0},{"not_picked":["Flame Barrier","Dropkick"],"picked":"Battle Trance","floor":12.0},{"not_picked":["Fiend Fire","Headbutt","Pummel"],"picked":"SKIP","floor":13.0},{"not_picked":["Reaper","Immolate"],"picked":"Offering","floor":16.0},{"not_picked":["Battle Trance","Headbutt","Reckless Charge"],"picked":"SKIP","floor":18.0},{"not_picked":["Sword Boomerang","Thunderclap"],"picked":"Metallicize","floor":19},{"not_picked":["Corruption","Wild Strike"],"picked":"Combust","floor":20},{"not_picked":["Entrench","Wild Strike","Second Wind"],"picked":"SKIP","floor":22},{"not_picked":["Cleave","Sentinel","Wild Strike"],"picked":"SKIP","floor":23},{"not_picked":["Inflame","Clash+1"],"picked":"Twin Strike+1","floor":24},{"not_picked":["Uppercut+1","Sword Boomerang+1"],"picked":"Exhume","floor":28},{"not_picked":["Shockwave+1","Wild Strike+1"],"picked":"Seeing Red+1","floor":31}],"player_experience":2147255,"relics_obtained":[{"floor":7.0,"key":"Blood Vial"},{"floor":9.0,"key":"MawBank"},{"floor":10.0,"key":"The Courier"},{"floor":13.0,"key":"Orichalcum"},{"floor":19,"key":"Red Mask"},{"floor":23,"key":"Incense Burner"},{"floor":23,"key":"Molten Egg 2"},{"floor":26,"key":"Ginger"},{"floor":28,"key":"Toxic Egg 2"},{"floor":28,"key":"Pear"},{"floor":29,"key":"Nilry\u0027s Codex"},{"floor":31,"key":"Potion Belt"},{"floor":31,"key":"Bottled Lightning"}],"event_choices":[{"damage_healed":0,"gold_gain":0,"player_choice":"Fought Bandits","damage_taken":0,"max_hp_gain":0,"max_hp_loss":0,"event_name":"Masked Bandits","floor":19,"gold_loss":0},{"damage_healed":0,"gold_gain":0,"player_choice":"Ignored","damage_taken":0,"max_hp_gain":0,"max_hp_loss":0,"event_name":"Beggar","floor":21,"gold_loss":0},{"damage_healed":0,"gold_gain":0,"player_choice":"Obtained Book","damage_taken":21,"max_hp_gain":0,"max_hp_loss":0,"event_name":"Cursed Tome","floor":29,"gold_loss":0}],"is_beta":false,"boss_relics":[{"not_picked":["Orrery","Runic Dome"],"picked":"Black Star"}],"items_purged_floors":[],"is_endless":false,"potions_floor_spawned":[4,7,12,16,18,22,23],"killed_by":"Automaton","ascension_level":15}