{"gold_per_floor":[110,126,51,51,61,61,72,72,143,173,173,189,2,12,12,86,86,97,107,62,112,68,68,79,79,126,126],"floor_reached":27,"playtime":1470,"items_purged":[],"score":426,"play_id":"af8c60cb-6572-459a-8cd9-0de9ad79147a","local_time":"20190319033154","is_ascension_mode":true,"campfire_choices":[{"data":"Hologram","floor":6.0,"key":"SMITH"},{"data":"Redo","floor":8.0,"key":"SMITH"},{"data":"Dualcast","floor":11.0,"key":"SMITH"},{"data":"Go for the Eyes","floor":15.0,"key":"SMITH"},{"floor":23.0,"key":"REST"},{"data":"Echo Form","floor":25.0,"key":"SMITH"}],"neow_cost":"NONE","seed_source_timestamp":393700103543358,"circlet_count":0,"master_deck":["AscendersBane","Zap+1","Dualcast+1","Reinforced Body","Redo+1","Undo+1","Hologram+1","Gash","Self Repair","Beam Cell","Go for the Eyes+1","Lockon","Echo Form+1","Auto Shields","Amplify+1","Core Surge","Redo","Glacier","Reinforced Body","Gash","Capacitor","Aggregate","White Noise"],"special_seed":0,"relics":["Cracked Core","Ornamental Fan","Art of War","Anchor","Pandora\u0027s Box","War Paint"],"potions_floor_usage":[27,27],"damage_taken":[{"damage":0.0,"enemies":"Jaw Worm","floor":1.0,"turns":3.0},{"damage":8.0,"enemies":"Small Slimes","floor":2.0,"turns":3.0},{"damage":0.0,"enemies":"Cultist","floor":5.0,"turns":3.0},{"damage":1.0,"enemies":"3 Louse","floor":7.0,"turns":5.0},{"damage":10.0,"enemies":"Lagavulin","floor":10.0,"turns":7.0},{"damage":8.0,"enemies":"Blue Slaver","floor":12.0,"turns":3.0},{"damage":11.0,"enemies":"Looter","floor":14.0,"turns":3.0},{"damage":34.0,"enemies":"The Guardian","floor":16.0,"turns":13.0},{"damage":37.0,"enemies":"3 Byrds","floor":18.0,"turns":10.0},{"damage":0.0,"enemies":"Chosen","floor":19.0,"turns":5.0},{"damage":29.0,"enemies":"Sentry and Sphere","floor":24.0,"turns":10.0},{"damage":47,"enemies":"Gremlin Leader","floor":27,"turns":5}],"seed_played":"-6172320769512978214","potions_obtained":[{"floor":1.0,"key":"FearPotion"},{"floor":7.0,"key":"Poison Potion"},{"floor":10.0,"key":"AttackPotion"},{"floor":18.0,"key":"Swift Potion"},{"floor":19.0,"key":"Ancient Potion"},{"floor":24.0,"key":"Dexterity Potion"}],"is_trial":false,"path_per_floor":["M","M","?","?","M","R","M","R","T","E","R","M","$","M","R","B",null,"M","M","$","?","$","R","M","R","T","E"],"character_chosen":"DEFECT","items_purchased":["Go for the Eyes","Anchor","Capacitor","Aggregate"],"campfire_rested":1,"item_purchase_floors":[13,13,20,22],"current_hp_per_floor":[64,56,56,56,56,56,55,55,55,45,45,44,44,40,40,13,57,27,34,34,34,34,55,40,40,40,0],"gold":126,"neow_bonus":"UPGRADE_CARD","is_prod":false,"is_daily":false,"chose_seed":false,"campfire_upgraded":5,"win_rate":0,"timestamp":1552962714,"path_taken":["M","M","?","?","M","R","M","R","T","E","R","?","$","M","R","BOSS","M","M","$","?","$","R","M","R","T","E"],"build_version":"2019-01-23","purchased_purges":0,"victory":false,"max_hp_per_floor":[71,71,71,71,71,71,71,71,71,71,71,71,71,71,71,71,71,71,71,71,71,71,71,71,71,71,71],"card_choices":[{"not_picked":["Beam Cell","Rebound"],"picked":"Reinforced Body","floor":1.0},{"not_picked":["Steam","Cold Snap"],"picked":"Redo","floor":2.0},{"not_picked":["Fusion","Steam"],"picked":"Hologram","floor":5.0},{"not_picked":["Rebound","Blizzard"],"picked":"Gash","floor":7.0},{"not_picked":["Blizzard","Fission"],"picked":"Self Repair","floor":10.0},{"not_picked":["Ball Lightning","Barrage"],"picked":"Beam Cell","floor":12.0},{"not_picked":["Force Field","Barrage"],"picked":"Lockon","floor":14.0},{"not_picked":["Seek","Machine Learning"],"picked":"Echo Form","floor":16.0},{"not_picked":["Redo+1","Steam Power"],"picked":"Gash","floor":18.0},{"not_picked":["Tempest","Self Repair","Barrage"],"picked":"SKIP","floor":19.0},{"not_picked":["Undo","Beam Cell"],"picked":"White Noise","floor":24.0}],"player_experience":634150,"relics_obtained":[{"floor":9.0,"key":"Ornamental Fan"},{"floor":10.0,"key":"Art of War"},{"floor":26.0,"key":"War Paint"}],"event_choices":[{"cards_removed":["Strike_B"],"damage_healed":0.0,"max_hp_gain":0.0,"max_hp_loss":0.0,"gold_gain":0.0,"event_name":"The Cleric","player_choice":"Card Removal","floor":3.0,"gold_loss":75.0,"damage_taken":0.0},{"damage_healed":0.0,"max_hp_gain":0.0,"max_hp_loss":0.0,"gold_gain":0.0,"cards_transformed":["Strike_B"],"event_name":"Transmorgrifier","player_choice":"Transformed","floor":4.0,"gold_loss":0.0,"damage_taken":0.0,"cards_obtained":["Undo"]},{"damage_healed":0.0,"max_hp_gain":0.0,"max_hp_loss":0.0,"gold_gain":50.0,"event_name":"Nest","player_choice":"Stole From Cult","floor":21.0,"gold_loss":0.0,"damage_taken":0.0}],"is_beta":false,"boss_relics":[{"not_picked":["Philosopher\u0027s Stone","Tiny House"],"picked":"Pandora\u0027s Box"}],"items_purged_floors":[],"is_endless":false,"potions_floor_spawned":[1,7,10,18,19,24],"killed_by":"Gremlin Leader","ascension_level":20}