{"gold_per_floor":[111,125,141,18,38,38,70,70,141,173,323,340,340,415,415,415],"floor_reached":16,"playtime":474,"items_purged":["Strike_R"],"score":193,"play_id":"6a216895-d3a2-4a8c-90e7-46b706589698","local_time":"20181002211535","is_ascension_mode":true,"campfire_choices":[{"data":"Immolate","floor":6,"key":"SMITH"},{"data":"Whirlwind","floor":8,"key":"SMITH"},{"floor":13,"key":"REST"},{"data":"Shockwave","floor":15,"key":"SMITH"}],"neow_cost":"","seed_source_timestamp":435529333443585,"circlet_count":0,"master_deck":["Strike_R","Strike_R","Strike_R","Strike_R","Defend_R","Defend_R","Defend_R","Defend_R","Bash","AscendersBane","Heavy Blade","Shockwave+1","Whirlwind+1","Shrug It Off","Immolate+1","Headbutt","Doubt","Headbutt"],"relics":["Burning Blood","Nunchaku","Toxic Egg 2","Regal Pillow"],"potions_floor_usage":[7,10],"damage_taken":[{"damage":13,"enemies":"Jaw Worm","floor":1,"turns":5},{"damage":7,"enemies":"Small Slimes","floor":2,"turns":4},{"damage":8,"enemies":"Cultist","floor":3,"turns":4},{"damage":6,"enemies":"Blue Slaver","floor":5,"turns":5},{"damage":25,"enemies":"Lagavulin","floor":7,"turns":6},{"damage":25,"enemies":"Gremlin Nob","floor":10,"turns":4},{"damage":0,"enemies":"3 Louse","floor":12,"turns":1},{"damage":53,"enemies":"The Guardian","floor":16,"turns":9}],"seed_played":"3212691103114977762","potions_obtained":[{"floor":3,"key":"SteroidPotion"},{"floor":5,"key":"Poison Potion"},{"floor":10,"key":"Fire Potion"}],"is_trial":false,"path_per_floor":["M","M","M","$","M","R","E","R","T","E","?","M","R","?","R"],"character_chosen":"IRONCLAD","items_purchased":["Shrug It Off"],"campfire_rested":1,"item_purchase_floors":[4],"current_hp_per_floor":[61,60,58,58,58,58,39,39,39,20,20,26,63,52,52,0],"gold":415,"neow_bonus":"","is_prod":false,"is_daily":false,"chose_seed":false,"campfire_upgraded":3,"win_rate":0,"timestamp":1538507735,"path_taken":["M","M","M","$","M","R","E","R","T","E","?","M","R","?","R","BOSS"],"build_version":"2018-09-27","purchased_purges":1,"victory":false,"max_hp_per_floor":[75,75,75,75,75,75,75,75,75,75,75,75,75,75,75,75],"card_choices":[{"not_picked":["Clash","Headbutt"],"picked":"Heavy Blade","floor":1},{"not_picked":["Shrug It Off","Headbutt"],"picked":"Shockwave","floor":2},{"not_picked":["Thunderclap","Bloodletting"],"picked":"Whirlwind","floor":3},{"not_picked":["Anger","Pummel"],"picked":"Immolate","floor":5},{"not_picked":["Thunderclap","Barricade","Sentinel"],"picked":"SKIP","floor":7},{"not_picked":["Combust","Evolve"],"picked":"Headbutt","floor":10},{"not_picked":["Uppercut","Clash"],"picked":"Headbutt","floor":12}],"player_experience":278059,"relics_obtained":[{"floor":7,"key":"Nunchaku"},{"floor":9,"key":"Toxic Egg 2"},{"floor":10,"key":"Regal Pillow"}],"event_choices":[{"event_name":"Liars Game","player_choice":"agreed","floor":11,"damage_taken":0},{"event_name":"World of Goop","player_choice":"Gather Gold","floor":14,"damage_taken":0}],"is_beta":false,"boss_relics":[],"items_purged_floors":[4],"is_endless":false,"potions_floor_spawned":[3,5,10],"killed_by":"The Guardian","ascension_level":15}