{"gold_per_floor":[118,129,129,145,37,37,37,37,37,64,75,95,95,123,123,198,198,217,217,237,43,43,70,70,70,70,81,111,131,166,185,185,263,263,282,296,596,608,608,608,625,638,665,713,713,713,713,728,728,728],"floor_reached":51,"playtime":2386,"items_purged":["Strike_G"],"score":1305,"play_id":"e405e6c1-1f86-4c2e-982c-353abcde068f","local_time":"20181004100504","is_ascension_mode":true,"campfire_choices":[{"data":"Neutralize","floor":6.0,"key":"SMITH"},{"data":"Noxious Fumes","floor":8.0,"key":"SMITH"},{"data":"Deadly Poison","floor":13.0,"key":"SMITH"},{"data":"Phantasmal Killer","floor":15.0,"key":"SMITH"},{"data":"Cloak And Dagger","floor":25.0,"key":"SMITH"},{"floor":32,"key":"REST"},{"data":"Malaise","floor":40,"key":"SMITH"},{"floor":45,"key":"REST"},{"data":"Sucker Punch","floor":47,"key":"SMITH"},{"data":"Bouncing Flask","floor":49,"key":"SMITH"}],"neow_cost":"NONE","seed_source_timestamp":3793090351720,"circlet_count":0,"master_deck":["Survivor","Neutralize+1","AscendersBane","Backstab","Cloak And Dagger","Deadly Poison+1","Noxious Fumes+1","Phantasmal Killer+1","Dash","Cloak And Dagger+1","Blur","Endless Agony","Corpse Explosion","Accuracy","Bane","Distraction","Prepared","Catalyst+1","Sucker Punch+1","Deadly Poison","Deflect","Backflip+1","Cloak And Dagger+1","Dagger Spray","Malaise+1","PiercingWail","Bouncing Flask+1","Blur+1"],"special_seed":0,"relics":["Ring of the Snake","Boot","Gremlin Horn","Blood Vial","Pear","Pandora\u0027s Box","Anchor","Mummified Hand","Ninja Scroll","Bottled Tornado","Pen Nib","Busted Crown","Oddly Smooth Stone","Du-Vu Doll","FossilizedHelix"],"potions_floor_usage":[38,50,50],"damage_taken":[{"damage":4.0,"enemies":"Small Slimes","floor":1.0,"turns":5.0},{"damage":0.0,"enemies":"Jaw Worm","floor":2.0,"turns":4.0},{"damage":0.0,"enemies":"Cultist","floor":4.0,"turns":4.0},{"damage":14.0,"enemies":"Lagavulin","floor":10.0,"turns":7.0},{"damage":0.0,"enemies":"2 Fungi Beasts","floor":11.0,"turns":5.0},{"damage":0.0,"enemies":"3 Louse","floor":12.0,"turns":3.0},{"damage":10.0,"enemies":"3 Sentries","floor":14.0,"turns":8.0},{"damage":37.0,"enemies":"Hexaghost","floor":16.0,"turns":11.0},{"damage":0.0,"enemies":"3 Byrds","floor":18.0,"turns":3.0},{"damage":18.0,"enemies":"Chosen","floor":20.0,"turns":5.0},{"damage":11.0,"enemies":"Slavers","floor":23.0,"turns":3.0},{"damage":0.0,"enemies":"Centurion and Healer","floor":27.0,"turns":4.0},{"damage":0.0,"enemies":"Gremlin Leader","floor":28.0,"turns":5.0},{"damage":8.0,"enemies":"Shelled Parasite and Fungi","floor":29.0,"turns":5.0},{"damage":0.0,"enemies":"Slavers","floor":30.0,"turns":2.0},{"damage":5,"enemies":"Sentry and Sphere","floor":31,"turns":3},{"damage":34,"enemies":"Collector","floor":33,"turns":7},{"damage":0,"enemies":"3 Darklings","floor":35,"turns":3},{"damage":0,"enemies":"3 Shapes","floor":36,"turns":1},{"damage":8,"enemies":"Maw","floor":38,"turns":7},{"damage":0,"enemies":"Spire Growth","floor":41,"turns":4},{"damage":3,"enemies":"3 Darklings","floor":42,"turns":2},{"damage":19,"enemies":"Mysterious Sphere","floor":44,"turns":3},{"damage":0,"enemies":"Mind Bloom Boss Battle","floor":46,"turns":5},{"damage":0,"enemies":"4 Shapes","floor":48,"turns":4},{"damage":36,"enemies":"Awakened One","floor":50,"turns":17}],"seed_played":"-5902261137529591713","potions_obtained":[{"floor":1.0,"key":"Energy Potion"},{"floor":10.0,"key":"Dexterity Potion"},{"floor":11.0,"key":"GhostInAJar"},{"floor":28.0,"key":"Poison Potion"},{"floor":31,"key":"SneckoOil"},{"floor":33,"key":"Fire Potion"},{"floor":36,"key":"Block Potion"},{"floor":42,"key":"SkillPotion"}],"is_trial":false,"path_per_floor":["M","M","?","M","$","R","?","R","T","E","M","M","R","E","R","B",null,"M","?","M","$","?","E","?","R","T","M","E","M","E","M","R","B",null,"M","M","?","M","?","R","M","M","T","?","R","?","R","M","R","B"],"character_chosen":"THE_SILENT","items_purchased":["Noxious Fumes","Anchor","Dagger Spray"],"campfire_rested":2,"item_purchase_floors":[5,21,21],"current_hp_per_floor":[55,55,60,60,60,60,60,60,60,46,48,50,50,52,52,17,65,67,67,51,51,51,42,42,42,42,44,46,40,42,39,63,31,69,71,73,73,67,67,67,69,68,68,51,75,77,77,79,79,45],"gold":728,"neow_bonus":"RANDOM_COMMON_RELIC","is_prod":false,"is_daily":false,"chose_seed":false,"campfire_upgraded":8,"win_rate":0,"timestamp":1538672704,"path_taken":["M","M","?","M","$","R","?","R","T","E","M","M","R","E","R","BOSS","M","?","M","$","?","E","?","R","T","M","E","M","E","M","R","BOSS","M","M","?","?","?","R","M","M","T","?","R","?","R","M","R","BOSS"],"build_version":"2018-09-27","purchased_purges":1,"victory":true,"max_hp_per_floor":[66,66,71,71,71,71,71,71,71,71,71,71,71,81,81,81,81,81,81,81,81,81,81,81,81,81,81,81,81,81,81,81,81,81,81,81,81,81,81,81,81,81,81,81,81,81,81,81,81,81],"card_choices":[{"not_picked":["PiercingWail","Quick Slash"],"picked":"Backstab","floor":1.0},{"not_picked":["Deadly Poison","Slice"],"picked":"Cloak And Dagger","floor":2.0},{"not_picked":["PiercingWail","Escape Plan"],"picked":"Deadly Poison","floor":4.0},{"not_picked":["Dagger Throw","PiercingWail"],"picked":"Dash","floor":10.0},{"not_picked":["Flying Knee","Quick Slash"],"picked":"Cloak And Dagger","floor":11.0},{"not_picked":["Acrobatics","Tactician"],"picked":"Blur","floor":12.0},{"not_picked":["Skewer","Slice"],"picked":"Endless Agony","floor":14.0},{"not_picked":["A Thousand Cuts","Bullet Time"],"picked":"Corpse Explosion","floor":16.0},{"not_picked":["Escape Plan","Quick Slash"],"picked":"Backflip+1","floor":18.0},{"not_picked":["Tactician","Choke"],"picked":"Cloak And Dagger+1","floor":20.0},{"not_picked":["Acrobatics","Choke","Prepared"],"picked":"SKIP","floor":23.0},{"not_picked":["Blade Dance","Distraction","Deadly Poison+1"],"picked":"SKIP","floor":27.0},{"not_picked":["Sucker Punch+1","Poisoned Stab"],"picked":"Malaise","floor":28.0},{"not_picked":["Acrobatics","Dodge and Roll"],"picked":"PiercingWail","floor":29.0},{"not_picked":["Skewer","Deflect","Phantasmal Killer"],"picked":"SKIP","floor":30.0},{"not_picked":["Acrobatics","Outmaneuver","Expertise"],"picked":"SKIP","floor":31},{"not_picked":["Dagger Spray"],"picked":"SKIP","floor":35},{"not_picked":[],"picked":"Bouncing Flask","floor":36},{"not_picked":["Cloak And Dagger"],"picked":"SKIP","floor":38},{"not_picked":["Backstab"],"picked":"SKIP","floor":41},{"not_picked":["Quick Slash"],"picked":"SKIP","floor":42},{"not_picked":[],"picked":"Blur+1","floor":46},{"not_picked":["Noxious Fumes"],"picked":"SKIP","floor":48}],"player_experience":1258941,"relics_obtained":[{"floor":9.0,"key":"Gremlin Horn"},{"floor":10.0,"key":"Blood Vial"},{"floor":14.0,"key":"Pear"},{"floor":23.0,"key":"Mummified Hand"},{"floor":26.0,"key":"Ninja Scroll"},{"floor":28.0,"key":"Bottled Tornado"},{"floor":30.0,"key":"Pen Nib"},{"floor":43,"key":"Oddly Smooth Stone"},{"floor":44,"key":"Du-Vu Doll"},{"floor":46,"key":"FossilizedHelix"}],"event_choices":[{"event_name":"Big Fish","player_choice":"Donut","floor":3.0,"damage_taken":0.0},{"event_name":"Transmorgrifier","player_choice":"Transform","floor":7.0,"damage_taken":0.0},{"event_name":"The Lab","player_choice":"Got Potions","floor":19.0,"damage_taken":0.0},{"event_name":"The Mausoleum","player_choice":"No","floor":22.0,"damage_taken":0.0},{"event_name":"Vampires","player_choice":"Ignored","floor":24.0,"damage_taken":0.0},{"event_name":"Wheel of Change","player_choice":"Gold","floor":37,"damage_taken":0},{"event_name":"Accursed Blacksmith","player_choice":"Forge","floor":39,"damage_taken":0},{"event_name":"Mysterious Sphere","player_choice":"Fight","floor":44,"damage_taken":0},{"event_name":"MindBloom","player_choice":"Fight","floor":46,"damage_taken":0}],"is_beta":false,"boss_relics":[{"not_picked":["Eternal Feather","Lizard Tail"],"picked":"Pandora\u0027s Box"},{"not_picked":["Orrery","HoveringKite"],"picked":"Busted Crown"}],"items_purged_floors":[5],"is_endless":false,"potions_floor_spawned":[1,10,11,14,16,18,28,31,33,36,42,46],"ascension_level":15}