{"gold_per_floor":[111,125,83,83,99,128,128,158,158,116,142,200,229,229,229,322,322,346,155,155,205,228,259,259,298,298,341,380,157,170,201,201,296,359,380,320,445,383,418,451,475,519,565,589,589,623,644,682,682,682,682,682,682,34,75,75],"floor_reached":57,"playtime":3359,"items_purged":["Cleave"],"score":3440,"play_id":"8853f33b-4d5c-4f8d-98aa-1d136f679e7e","local_time":"20190214094259","daily_mods":["SealedDeck","DeadlyEvents","Elite Swarm"],"is_ascension_mode":true,"campfire_choices":[{"data":"Body Slam","floor":7.0,"key":"SMITH"},{"data":"Spot Weakness","floor":15.0,"key":"SMITH"},{"data":"Feel No Pain","floor":24.0,"key":"SMITH"},{"data":"1","floor":32.0,"key":"LIFT"},{"data":"2","floor":45,"key":"LIFT"},{"floor":49,"key":"RECALL"},{"data":"Limit Break","floor":53,"key":"SMITH"}],"neow_cost":"","seed_source_timestamp":0,"circlet_count":0,"master_deck":["AscendersBane","True Grit+1","Sword Boomerang","Body Slam+1","Iron Wave","Headbutt","Clothesline","Anger","Spot Weakness+1","Flame Barrier","Shrug It Off","Corruption","Whirlwind","Limit Break+1","Feed","Feel No Pain+1","Reaper","Offering","Exhume","Armaments","Shrug It Off","Limit Break","Exhume","Impervious","Impervious","Spot Weakness+1","Shrug It Off","Shockwave","Barricade+1","Dark Embrace+1","Pommel Strike+1","Exhume","Second Wind","Feel No Pain+1","Fiend Fire+1","Reaper+1","Exhume","Burning Pact","Exhume","Impervious"],"special_seed":0,"relics":["Burning Blood","StoneCalendar","Bottled Lightning","Meat on the Bone","Shovel","Dodecahedron","Golden Idol","Philosopher\u0027s Stone","PreservedInsect","The Courier","Girya","Molten Egg 2","Vajra","Happy Flower","DollysMirror","Frozen Egg 2","Tiny House","Unceasing Top","Bag of Preparation","Ancient Tea Set","Mango","Red Skull","Magic Flower","Kunai","Centennial Puzzle","Bottled Tornado","Pantograph"],"potions_floor_usage":[50,56],"damage_taken":[{"damage":2.0,"enemies":"Jaw Worm","floor":1.0,"turns":3.0},{"damage":5.0,"enemies":"2 Louse","floor":2.0,"turns":2.0},{"damage":0.0,"enemies":"Small Slimes","floor":5.0,"turns":3.0},{"damage":15.0,"enemies":"3 Sentries","floor":6.0,"turns":4.0},{"damage":38.0,"enemies":"Gremlin Nob","floor":8.0,"turns":4.0},{"damage":14.0,"enemies":"Lagavulin","floor":11.0,"turns":7.0},{"damage":7.0,"enemies":"3 Sentries","floor":13.0,"turns":4.0},{"damage":48.0,"enemies":"The Guardian","floor":16.0,"turns":9.0},{"damage":18.0,"enemies":"Chosen","floor":18.0,"turns":6.0},{"damage":33.0,"enemies":"Shell Parasite","floor":22.0,"turns":4.0},{"damage":34.0,"enemies":"Gremlin Leader","floor":23.0,"turns":7.0},{"damage":19.0,"enemies":"Slavers","floor":25.0,"turns":2.0},{"damage":34.0,"enemies":"Book of Stabbing","floor":27.0,"turns":5.0},{"damage":30.0,"enemies":"Slavers","floor":28.0,"turns":2.0},{"damage":6.0,"enemies":"3 Cultists","floor":30.0,"turns":4.0},{"damage":0.0,"enemies":"Gremlin Leader","floor":31.0,"turns":5.0},{"damage":6.0,"enemies":"Automaton","floor":33.0,"turns":9.0},{"damage":7.0,"enemies":"3 Shapes","floor":35.0,"turns":7.0},{"damage":12.0,"enemies":"Mind Bloom Boss Battle","floor":37.0,"turns":5.0},{"damage":11.0,"enemies":"Nemesis","floor":39.0,"turns":7.0},{"damage":12.0,"enemies":"Giant Head","floor":40.0,"turns":5.0},{"damage":6.0,"enemies":"3 Darklings","floor":41.0,"turns":3.0},{"damage":48.0,"enemies":"Reptomancer","floor":42.0,"turns":3.0},{"damage":24,"enemies":"4 Shapes","floor":44,"turns":4},{"damage":28,"enemies":"Giant Head","floor":46,"turns":7},{"damage":51,"enemies":"Spire Growth","floor":47,"turns":6},{"damage":6,"enemies":"Nemesis","floor":48,"turns":3},{"damage":13,"enemies":"Awakened One","floor":50,"turns":9},{"damage":43,"enemies":"Time Eater","floor":51,"turns":8},{"damage":30,"enemies":"Shield and Spear","floor":55,"turns":3},{"damage":88,"enemies":"The Heart","floor":56,"turns":10}],"seed_played":"-3330218192486189342","potions_obtained":[{"floor":5.0,"key":"AttackPotion"},{"floor":8.0,"key":"Regen Potion"},{"floor":13.0,"key":"Block Potion"},{"floor":22.0,"key":"Energy Potion"},{"floor":23.0,"key":"Weak Potion"},{"floor":28.0,"key":"Energy Potion"},{"floor":34.0,"key":"Weak Potion"}],"is_trial":true,"path_per_floor":["M","M","$","?","M","E","R","E","T","$","E","?","E","?","R","B",null,"M","$","?","?","M","E","R","E","T","E","E","$","M","E","R","B",null,"M","$","?","$","E","E","M","E","T","M","R","E","M","E","R","B","B",null,"R","$","E","B",null],"character_chosen":"IRONCLAD","items_purchased":["Corruption","Feel No Pain","PreservedInsect","Armaments","DollysMirror","Shrug It Off","Feel No Pain+1","Kunai","Centennial Puzzle","Bottled Tornado","GamblersBrew","Energy Potion"],"campfire_rested":0,"item_purchase_floors":[3,10,19,19,29,29,38,54,54,54,54,54],"current_hp_per_floor":[72,73,73,78,80,71,71,39,39,39,43,43,72,44,44,21,68,65,65,65,57,50,86,86,79,79,51,81,81,89,92,92,95,100,109,109,114,114,113,110,124,120,120,140,140,137,130,130,130,159,156,161,161,161,163,166],"gold":75,"neow_bonus":"","is_prod":false,"is_daily":false,"chose_seed":false,"campfire_upgraded":4,"win_rate":0,"timestamp":1550166179,"path_taken":["M","M","$","?","M","E","R","E","T","$","E","?","E","?","R","BOSS","M","$","?","?","M","E","R","E","T","E","?","$","?","E","R","BOSS","M","$","?","?","?","E","M","E","T","M","R","E","?","E","R","BOSS","BOSS","R","$","E","BOSS"],"build_version":"2019-01-23","purchased_purges":1,"victory":true,"max_hp_per_floor":[75,75,75,80,80,80,80,80,80,80,80,80,80,80,80,83,83,86,86,86,86,86,86,86,86,86,86,86,86,89,92,92,95,100,110,110,114,114,118,121,124,141,141,150,150,153,156,156,156,159,163,163,163,163,163,166],"card_choices":[{"not_picked":["Pommel Strike","Anger"],"picked":"Shrug It Off","floor":1.0},{"not_picked":["Clash","Thunderclap","Heavy Blade"],"picked":"SKIP","floor":2.0},{"not_picked":["Dropkick","Ghostly Armor"],"picked":"Whirlwind","floor":5.0},{"not_picked":["Juggernaut","Exhume"],"picked":"Limit Break","floor":6.0},{"not_picked":["Barricade","Offering"],"picked":"Feed","floor":8.0},{"not_picked":["Juggernaut","Feed"],"picked":"Reaper","floor":11.0},{"not_picked":["Demon Form","Limit Break"],"picked":"Offering","floor":13.0},{"not_picked":["Berserk","Reaper"],"picked":"Exhume","floor":16.0},{"not_picked":["Clothesline","Sentinel","Thunderclap"],"picked":"SKIP","floor":18.0},{"not_picked":["Wild Strike+1","Demon Form","Perfected Strike+1"],"picked":"SKIP","floor":22.0},{"not_picked":["Bludgeon","Double Tap"],"picked":"Limit Break","floor":23.0},{"not_picked":["Offering","Bludgeon"],"picked":"Exhume","floor":25.0},{"not_picked":["Barricade","Berserk"],"picked":"Impervious","floor":27.0},{"not_picked":["Demon Form","Double Tap"],"picked":"Impervious","floor":28.0},{"not_picked":["Shrug It Off","Iron Wave+1"],"picked":"Shockwave","floor":30.0},{"not_picked":["Berserk","Dark Embrace"],"picked":"Barricade","floor":31.0},{"not_picked":["Brutality+1","Fiend Fire+1"],"picked":"Dark Embrace+1","floor":33.0},{"not_picked":["Twin Strike+1","Reckless Charge+1"],"picked":"Pommel Strike+1","floor":34.0},{"not_picked":["Thunderclap+1","Flex"],"picked":"Exhume","floor":35.0},{"not_picked":["Clash+1","Reckless Charge+1"],"picked":"Second Wind","floor":37.0},{"not_picked":["Bludgeon+1","Reaper+1"],"picked":"Fiend Fire+1","floor":39.0},{"not_picked":["Double Tap","Barricade+1"],"picked":"Reaper+1","floor":40.0},{"not_picked":["Shrug It Off","Blood for Blood+1","Headbutt+1"],"picked":"SKIP","floor":41.0},{"not_picked":["Feed+1","Reaper+1"],"picked":"Exhume","floor":42.0},{"not_picked":["Iron Wave+1","Headbutt+1","Havoc"],"picked":"SKIP","floor":44},{"not_picked":["Brutality+1","Berserk+1","Fiend Fire+1"],"picked":"SKIP","floor":46},{"not_picked":["Wild Strike+1","Rampage+1"],"picked":"Burning Pact","floor":47},{"not_picked":["Dark Embrace+1","Reaper+1"],"picked":"Exhume","floor":48},{"not_picked":["Reaper+1","Bludgeon+1"],"picked":"Impervious","floor":55}],"player_experience":2197041,"relics_obtained":[{"floor":6.0,"key":"StoneCalendar"},{"floor":8.0,"key":"Bottled Lightning"},{"floor":9.0,"key":"Meat on the Bone"},{"floor":11.0,"key":"Shovel"},{"floor":13.0,"key":"Dodecahedron"},{"floor":23.0,"key":"The Courier"},{"floor":25.0,"key":"Girya"},{"floor":26.0,"key":"Molten Egg 2"},{"floor":27.0,"key":"Vajra"},{"floor":28.0,"key":"Happy Flower"},{"floor":31.0,"key":"Frozen Egg 2"},{"floor":37.0,"key":"Unceasing Top"},{"floor":39.0,"key":"Bag of Preparation"},{"floor":40.0,"key":"Ancient Tea Set"},{"floor":42.0,"key":"Mango"},{"floor":46,"key":"Red Skull"},{"floor":48,"key":"Magic Flower"},{"floor":55,"key":"Pantograph"}],"event_choices":[{"damage_healed":0.0,"max_hp_gain":5.0,"max_hp_loss":0.0,"gold_gain":0.0,"event_name":"Big Fish","player_choice":"Donut","floor":4.0,"gold_loss":0.0,"damage_taken":0.0},{"damage_healed":0.0,"max_hp_gain":0.0,"max_hp_loss":0.0,"gold_gain":58.0,"event_name":"Golden Wing","player_choice":"Gained Gold","floor":12.0,"gold_loss":0.0,"damage_taken":0.0},{"damage_healed":0.0,"max_hp_gain":0.0,"max_hp_loss":0.0,"gold_gain":0.0,"event_name":"Golden Idol","player_choice":"Take Damage","floor":14.0,"gold_loss":0.0,"damage_taken":28.0,"relics_obtained":["Golden Idol"]},{"damage_healed":0.0,"max_hp_gain":0.0,"max_hp_loss":0.0,"gold_gain":0.0,"event_name":"The Library","player_choice":"Read","floor":20.0,"gold_loss":0.0,"damage_taken":0.0,"cards_obtained":["Shrug It Off"]},{"damage_healed":0.0,"max_hp_gain":0.0,"max_hp_loss":0.0,"gold_gain":50.0,"event_name":"FaceTrader","player_choice":"Touch","floor":21.0,"gold_loss":0.0,"damage_taken":8.0},{"damage_healed":0.0,"max_hp_gain":0.0,"max_hp_loss":0.0,"gold_gain":0.0,"event_name":"MindBloom","player_choice":"Fight","floor":37.0,"gold_loss":0.0,"damage_taken":0.0}],"is_beta":false,"boss_relics":[{"not_picked":["Mark of Pain","Runic Cube"],"picked":"Philosopher\u0027s Stone"},{"not_picked":["Busted Crown","Black Blood"],"picked":"Tiny House"}],"items_purged_floors":[36],"is_endless":false,"potions_floor_spawned":[5,8,13,22,23,25,28,41,42,44,46,47,55],"ascension_level":20}