{"gold_per_floor":[112,112,126,137,137,137,163,183,183,196,196,230,132,148,148,222,222,238,153,173,96,96,96,128,128,155,155,167,183,203,233,233,308,308,326,326,177,177,177,177,189,209,209,83,99,115,115,147,147,147],"floor_reached":51,"playtime":2111,"items_purged":["Strike_R","Strike_R"],"score":1260,"play_id":"c7277604-02fd-4c8c-81cc-ccc5eed66afe","local_time":"20180823132538","is_ascension_mode":true,"campfire_choices":[{"data":"Armaments","floor":6.0,"key":"SMITH"},{"data":"Spot Weakness","floor":11,"key":"SMITH"},{"data":"Disarm","floor":15,"key":"SMITH"},{"data":"Limit Break","floor":23,"key":"SMITH"},{"floor":25,"key":"REST"},{"data":"Whirlwind","floor":27,"key":"SMITH"},{"floor":32,"key":"REST"},{"data":"Uppercut","floor":40,"key":"SMITH"},{"floor":47,"key":"REST"},{"data":"True Grit","floor":49,"key":"SMITH"}],"neow_cost":"NONE","seed_source_timestamp":6342363991052,"circlet_count":0,"master_deck":["Strike_R","Strike_R","Strike_R","Defend_R","Defend_R+1","Defend_R","Defend_R+1","Bash","AscendersBane","Cleave","Pommel Strike","Armaments+1","Disarm+1","Feed","Iron Wave","Spot Weakness+1","Uppercut+1","Shrug It Off","Offering","Feel No Pain","Limit Break+1","Whirlwind+1","Sword Boomerang","Shrug It Off","Reaper","Dark Shackles","Evolve+1","True Grit+1","Metallicize+1","Limit Break"],"special_seed":0,"relics":["Burning Blood","Dodecahedron","Meat on the Bone","Pear","Omamori","Mark of Pain","Charon\u0027s Ashes","Frozen Egg 2","Mercury Hourglass","Art of War","Ornamental Fan","Eternal Feather","Torii","Red Skull"],"potions_floor_usage":[10,18,24,31,35,50],"damage_taken":[{"damage":2.0,"enemies":"Small Slimes","floor":1.0,"turns":4.0},{"damage":1.0,"enemies":"Jaw Worm","floor":3.0,"turns":4.0},{"damage":0.0,"enemies":"2 Louse","floor":4.0,"turns":1.0},{"damage":16,"enemies":"Lagavulin","floor":7,"turns":11},{"damage":15,"enemies":"Exordium Wildlife","floor":8,"turns":6},{"damage":8,"enemies":"Red Slaver","floor":10,"turns":6},{"damage":27,"enemies":"3 Sentries","floor":12,"turns":6},{"damage":1,"enemies":"Blue Slaver","floor":14,"turns":4},{"damage":28,"enemies":"Hexaghost","floor":16,"turns":12},{"damage":10,"enemies":"Spheric Guardian","floor":18,"turns":4},{"damage":6,"enemies":"Chosen","floor":20,"turns":4},{"damage":65,"enemies":"Gremlin Leader","floor":24,"turns":10},{"damage":30,"enemies":"Shelled Parasite and Fungi","floor":28,"turns":4},{"damage":15,"enemies":"Snake Plant","floor":29,"turns":5},{"damage":17,"enemies":"3 Cultists","floor":30,"turns":5},{"damage":36,"enemies":"Book of Stabbing","floor":31,"turns":6},{"damage":44,"enemies":"Champ","floor":33,"turns":9},{"damage":20,"enemies":"Orb Walker","floor":35,"turns":4},{"damage":6,"enemies":"Flame Bruiser 1 Orb","floor":41,"turns":6},{"damage":38,"enemies":"Maw","floor":42,"turns":10},{"damage":40,"enemies":"Spire Growth","floor":45,"turns":6},{"damage":28,"enemies":"Flame Bruiser 2 Orb","floor":46,"turns":9},{"damage":50,"enemies":"2 Orb Walkers","floor":48,"turns":5},{"damage":40,"enemies":"Time Eater","floor":50,"turns":11}],"seed_played":"8063618345333732960","potions_obtained":[{"floor":1.0,"key":"Swift Potion"},{"floor":10,"key":"LiquidBronze"},{"floor":14,"key":"AttackPotion"},{"floor":20,"key":"EssenceOfSteel"},{"floor":24,"key":"FearPotion"},{"floor":28,"key":"Regen Potion"},{"floor":31,"key":"Explosive Potion"},{"floor":35,"key":"SkillPotion"}],"is_trial":false,"path_per_floor":["M","?","M","M","T","R","E","M","T","M","R","E","$","M","R","B",null,"M","?","M","$","?","R","E","R","T","R","M","M","M","E","R","B",null,"M","?","$","?","?","R","M","M","T","$","M","M","R","E","R","B"],"character_chosen":"IRONCLAD","items_purchased":["Shrug It Off","Limit Break","Dexterity Potion","Evolve+1","True Grit"],"campfire_rested":3,"item_purchase_floors":[13,21,37,44,44],"current_hp_per_floor":[72,49,54,60,60,60,50,56,66,64,64,58,58,67,67,57,86,82,82,82,82,82,82,35,63,63,63,51,54,55,52,80,54,85,74,74,74,74,74,89,98,78,78,78,56,54,98,73,91,58],"gold":147,"neow_bonus":"THREE_CARDS","is_prod":false,"is_daily":false,"chose_seed":false,"campfire_upgraded":7,"win_rate":0,"timestamp":1535055938,"path_taken":["M","?","M","M","?","R","E","M","T","?","R","E","$","M","R","BOSS","M","?","M","$","?","R","E","R","T","R","?","M","M","E","R","BOSS","M","?","$","?","?","R","?","M","T","$","M","M","R","E","R","BOSS"],"build_version":"2018-08-16","purchased_purges":2,"victory":true,"max_hp_per_floor":[75,75,75,75,75,75,75,78,88,88,88,91,91,95,95,95,95,95,95,95,95,95,95,95,95,95,95,95,95,95,95,95,95,95,98,98,98,98,98,98,98,98,98,98,98,98,98,101,101,101],"card_choices":[{"not_picked":["Wild Strike","True Grit"],"picked":"Cleave","floor":0.0},{"not_picked":["Rage","Heavy Blade"],"picked":"Pommel Strike","floor":1.0},{"not_picked":["True Grit","Twin Strike"],"picked":"Armaments","floor":3.0},{"not_picked":["Sword Boomerang","Thunderclap"],"picked":"Disarm","floor":4.0},{"not_picked":["True Grit","Reaper"],"picked":"Feed","floor":7},{"not_picked":["Burning Pact","Sever Soul"],"picked":"Iron Wave","floor":8},{"not_picked":["Clothesline","Thunderclap"],"picked":"Spot Weakness","floor":10},{"not_picked":["Iron Wave","Inflame"],"picked":"Uppercut","floor":12},{"not_picked":["Combust","Rage","Perfected Strike"],"picked":"SKIP","floor":14},{"not_picked":["Immolate","Barricade"],"picked":"Offering","floor":16},{"not_picked":["Flex","Twin Strike+1"],"picked":"Feel No Pain","floor":18},{"not_picked":["Body Slam","Clash","Armaments"],"picked":"SKIP","floor":20},{"not_picked":["Sever Soul","Corruption+1"],"picked":"Whirlwind","floor":24},{"not_picked":["Warcry","Sword Boomerang","Entrench+1"],"picked":"SKIP","floor":28},{"not_picked":["Infernal Blade","Hemokinesis"],"picked":"Sword Boomerang","floor":29},{"not_picked":["Body Slam+1","Juggernaut+1"],"picked":"Shrug It Off","floor":30},{"not_picked":["Perfected Strike","Rampage"],"picked":"Exhume","floor":31},{"not_picked":["Exhume","Offering"],"picked":"Reaper","floor":33},{"not_picked":["Whirlwind","Armaments+1","Pommel Strike"],"picked":"SKIP","floor":35},{"not_picked":["Finesse","Metamorphosis"],"picked":"Dark Shackles","floor":39},{"not_picked":["Feel No Pain+1","Perfected Strike","Havoc"],"picked":"SKIP","floor":41},{"not_picked":["Clothesline","Armaments","Body Slam+1"],"picked":"SKIP","floor":42},{"not_picked":["Cleave","Flex+1"],"picked":"Metallicize+1","floor":45},{"not_picked":["Twin Strike","True Grit"],"picked":"Limit Break","floor":46},{"not_picked":["Burning Pact","Armaments","Carnage+1"],"picked":"SKIP","floor":48}],"player_experience":1014702,"relics_obtained":[{"floor":5.0,"key":"Dodecahedron"},{"floor":7,"key":"Meat on the Bone"},{"floor":9,"key":"Pear"},{"floor":12,"key":"Omamori"},{"floor":24,"key":"Mercury Hourglass"},{"floor":26,"key":"Art of War"},{"floor":31,"key":"Ornamental Fan"},{"floor":43,"key":"Torii"},{"floor":48,"key":"Red Skull"}],"event_choices":[{"event_name":"Shining Light","player_choice":"Entered Light","floor":2.0,"damage_taken":0.0},{"event_name":"Addict","player_choice":"Obtained Relic","floor":19,"damage_taken":0},{"event_name":"The Mausoleum","player_choice":"Yes","floor":22,"damage_taken":0},{"event_name":"Falling","player_choice":"Removed Skill","floor":36,"damage_taken":0},{"event_name":"SecretPortal","player_choice":"Rejected Portal.","floor":38,"damage_taken":0},{"event_name":"SensoryStone","player_choice":"Memory 1","floor":39,"damage_taken":0}],"is_beta":false,"boss_relics":[{"not_picked":["Runic Cube","Snecko Eye"],"picked":"Mark of Pain"},{"not_picked":["Philosopher\u0027s Stone","Orrery"],"picked":"Eternal Feather"}],"items_purged_floors":[13,37],"is_endless":false,"potions_floor_spawned":[1,10,14,20,24,28,31,33,35],"ascension_level":15}