{"gold_per_floor":[113,113,132,132,152,182,182,211,238,238,256,234,184,45,45,145,145,162,180,190,206,206],"floor_reached":22,"playtime":2109,"items_purged":[],"score":206,"play_id":"404d704e-a7cb-4b64-ae64-d6cc1e1f8e99","local_time":"20181209030321","is_ascension_mode":true,"campfire_choices":[{"floor":7,"key":"REST"},{"floor":15,"key":"REST"}],"neow_cost":"NONE","seed_source_timestamp":615459935898711,"circlet_count":0,"master_deck":["Defend_G","Defend_G","Defend_G","Defend_G","Defend_G","Strike_G","Strike_G","Survivor","Neutralize+1","Acrobatics","Caltrops","Catalyst","Blade Dance","Caltrops","Dodge and Roll","Flying Knee","After Image","Poisoned Stab","Backflip+1","Poisoned Stab","Poisoned Stab+1"],"relics":["Ring of the Snake","Blood Vial","Snake Skull","Bag of Marbles","Black Star"],"potions_floor_usage":[8,8,8,16,20,21],"damage_taken":[{"damage":0,"enemies":"2 Louse","floor":1,"turns":3},{"damage":0,"enemies":"Small Slimes","floor":3,"turns":5},{"damage":0,"enemies":"Jaw Worm","floor":5,"turns":5},{"damage":42,"enemies":"3 Sentries","floor":6,"turns":18},{"damage":41,"enemies":"Gremlin Nob","floor":8,"turns":6},{"damage":5,"enemies":"Lots of Slimes","floor":11,"turns":5},{"damage":11,"enemies":"The Guardian","floor":16,"turns":14},{"damage":6,"enemies":"Shell Parasite","floor":18,"turns":10},{"damage":1,"enemies":"Chosen","floor":19,"turns":6},{"damage":29,"enemies":"Sentry and Sphere","floor":20,"turns":12},{"damage":47,"enemies":"Shelled Parasite and Fungi","floor":21,"turns":14},{"damage":11,"enemies":"Snake Plant","floor":22,"turns":1}],"seed_played":"-8621092740354455117","potions_obtained":[{"floor":1,"key":"LiquidBronze"},{"floor":3,"key":"Regen Potion"},{"floor":6,"key":"Fruit Juice"},{"floor":8,"key":"PowerPotion"},{"floor":19,"key":"Dexterity Potion"},{"floor":20,"key":"Swift Potion"}],"is_trial":false,"path_per_floor":["M","?","M","?","M","E","R","E","T","?","M","?","?","$","R","B",null,"M","M","M","M","M"],"character_chosen":"THE_SILENT","items_purchased":["Caltrops","Dodge and Roll","Flying Knee"],"campfire_rested":2,"item_purchase_floors":[14,14,14],"current_hp_per_floor":[77,70,70,70,70,28,51,32,32,32,29,29,29,29,53,44,82,76,77,50,5,0],"gold":206,"neow_bonus":"TEN_PERCENT_HP_BONUS","is_prod":false,"is_daily":false,"chose_seed":false,"campfire_upgraded":0,"win_rate":0,"timestamp":1544321001,"path_taken":["M","?","M","?","M","E","R","E","T","?","?","?","?","?","R","BOSS","M","M","M","M","M"],"build_version":"2018-12-06","purchased_purges":0,"victory":false,"max_hp_per_floor":[77,77,77,77,77,77,77,82,82,82,82,82,82,82,82,82,82,82,82,82,82,82],"card_choices":[{"not_picked":["Tactician","Prepared","Underhanded Strike"],"picked":"SKIP","floor":1},{"not_picked":["Skewer","Underhanded Strike","Finisher"],"picked":"SKIP","floor":3},{"not_picked":["All Out Attack","Calculated Gamble"],"picked":"Acrobatics","floor":5},{"not_picked":["Well Laid Plans","Bullet Time"],"picked":"Caltrops","floor":6},{"not_picked":["Flying Knee","Slice"],"picked":"Catalyst","floor":8},{"not_picked":["Finisher","Quick Slash","Acrobatics"],"picked":"SKIP","floor":11},{"not_picked":["Finisher","Quick Slash","Acrobatics"],"picked":"SKIP","floor":11},{"not_picked":["Die Die Die","Burst"],"picked":"After Image","floor":16},{"not_picked":["Well Laid Plans","Sucker Punch+1"],"picked":"Poisoned Stab","floor":18},{"not_picked":["Skewer","Bane"],"picked":"Backflip+1","floor":19},{"not_picked":["Deflect","Predator"],"picked":"Poisoned Stab","floor":20},{"not_picked":["Terror+1","Bane+1"],"picked":"Poisoned Stab+1","floor":21}],"player_experience":19485,"relics_obtained":[{"floor":6,"key":"Blood Vial"},{"floor":8,"key":"Snake Skull"},{"floor":9,"key":"Bag of Marbles"}],"event_choices":[{"cards_removed":["Strike_G"],"damage_healed":0,"gold_gain":0,"player_choice":"Card Removal","damage_taken":7,"max_hp_gain":0,"max_hp_loss":0,"event_name":"Golden Wing","floor":2,"gold_loss":0},{"damage_healed":0,"gold_gain":0,"player_choice":"Grow","damage_taken":0,"max_hp_gain":0,"max_hp_loss":0,"event_name":"Living Wall","floor":4,"gold_loss":0,"cards_upgraded":["Neutralize"]},{"damage_healed":0,"gold_gain":0,"cards_transformed":["Strike_G"],"player_choice":"Transformed","damage_taken":0,"max_hp_gain":0,"max_hp_loss":0,"event_name":"Transmorgrifier","floor":10,"gold_loss":0,"cards_obtained":["Blade Dance"]},{"damage_healed":0,"gold_gain":0,"player_choice":"Left Gold","damage_taken":0,"max_hp_gain":0,"max_hp_loss":0,"event_name":"World of Goop","floor":12,"gold_loss":22},{"cards_removed":["Strike_G"],"damage_healed":0,"gold_gain":0,"player_choice":"Card Removal","damage_taken":0,"max_hp_gain":0,"max_hp_loss":0,"event_name":"The Cleric","floor":13,"gold_loss":50}],"is_beta":true,"boss_relics":[{"not_picked":["Fusion Hammer","Ectoplasm"],"picked":"Black Star"}],"items_purged_floors":[],"is_endless":false,"potions_floor_spawned":[1,3,6,8,19,20],"killed_by":"Snake Plant","ascension_level":1}