{"gold_per_floor":[114,129,144,156,51,51,62,93,146,46,46,62,62,95,95,95],"floor_reached":16,"playtime":587,"items_purged":["Strike_R","Defend_R"],"score":224,"play_id":"18d84189-ed0f-4f34-ad72-10074bf7a654","local_time":"20181224182328","is_ascension_mode":true,"campfire_choices":[{"data":"Wild Strike","floor":6.0,"key":"SMITH"},{"data":"Battle Trance","floor":11.0,"key":"SMITH"},{"floor":13.0,"key":"REST"},{"data":"Thunderclap","floor":15.0,"key":"SMITH"}],"neow_cost":"NONE","seed_source_timestamp":10831032520401,"circlet_count":0,"master_deck":["AscendersBane","Strike_R","Strike_R","Strike_R","Strike_R","Defend_R","Defend_R","Defend_R","Bash","Feel No Pain","Second Wind","Wild Strike+1","Battle Trance+1","Shrug It Off","Power Through","Thunderclap+1"],"special_seed":0,"relics":["Burning Blood","NeowsBlessing","PreservedInsect","Dream Catcher","The Courier"],"potions_floor_usage":[16],"damage_taken":[{"damage":0.0,"enemies":"Cultist","floor":1.0,"turns":1.0},{"damage":0.0,"enemies":"2 Louse","floor":2.0,"turns":1.0},{"damage":0.0,"enemies":"Small Slimes","floor":3.0,"turns":1.0},{"damage":33.0,"enemies":"Exordium Thugs","floor":4.0,"turns":5.0},{"damage":6.0,"enemies":"3 Louse","floor":7.0,"turns":5.0},{"damage":25.0,"enemies":"Lagavulin","floor":8.0,"turns":8.0},{"damage":15.0,"enemies":"Large Slime","floor":12.0,"turns":8.0},{"damage":11.0,"enemies":"Gremlin Nob","floor":14.0,"turns":3.0},{"damage":34,"enemies":"Slime Boss","floor":16,"turns":8}],"seed_played":"-8724058307154835538","potions_obtained":[{"floor":1.0,"key":"Dexterity Potion"},{"floor":7.0,"key":"LiquidBronze"},{"floor":8.0,"key":"AttackPotion"}],"is_trial":false,"path_per_floor":["M","M","M","M","$","R","M","E","T","$","R","M","R","E","R","B"],"character_chosen":"IRONCLAD","items_purchased":["Shrug It Off"],"campfire_rested":1,"item_purchase_floors":[5],"current_hp_per_floor":[74,75,75,48,48,48,48,29,29,29,29,20,42,37,37,3],"gold":95,"neow_bonus":"THREE_ENEMY_KILL","is_prod":false,"is_daily":false,"chose_seed":false,"campfire_upgraded":3,"win_rate":0,"timestamp":1545647008,"path_taken":["M","M","M","?","$","R","M","E","T","$","R","M","R","E","R","BOSS"],"build_version":"2018-12-20","purchased_purges":2,"victory":false,"max_hp_per_floor":[75,75,75,75,75,75,75,75,75,75,75,75,75,75,75,75],"card_choices":[{"not_picked":["Clothesline","Flex"],"picked":"Feel No Pain","floor":1.0},{"not_picked":["Intimidate","Entrench"],"picked":"Second Wind","floor":2.0},{"not_picked":["Sentinel","Sever Soul"],"picked":"Wild Strike","floor":3.0},{"not_picked":["Twin Strike","Thunderclap"],"picked":"Battle Trance","floor":4.0},{"not_picked":["Cleave","Pommel Strike","Iron Wave"],"picked":"SKIP","floor":7.0},{"not_picked":["Headbutt","Entrench"],"picked":"Power Through","floor":8.0},{"not_picked":["Sentinel","Twin Strike","Wild Strike"],"picked":"SKIP","floor":12.0},{"not_picked":["Sever Soul","Bloodletting"],"picked":"Thunderclap","floor":13.0},{"not_picked":["Iron Wave","Entrench","Anger"],"picked":"SKIP","floor":14.0},{"not_picked":["Iron Wave","Entrench","Anger"],"picked":"SKIP","floor":14.0}],"player_experience":2437539,"relics_obtained":[{"floor":8.0,"key":"PreservedInsect"},{"floor":9.0,"key":"Dream Catcher"},{"floor":14.0,"key":"The Courier"}],"event_choices":[],"is_beta":false,"boss_relics":[],"items_purged_floors":[5,10],"is_endless":false,"potions_floor_spawned":[1,7,8],"killed_by":"Slime Boss","ascension_level":20}