{"gold_per_floor":[115,115,132,132,48,48,94,111,134,160,178,178,143,161,161,258,258,278,298,298,199,199,199,219,219,242,261,271,282,282,132,132,228,228,241,253,253,253,266,266,286,286,338,350,350,169,169,87,87,87],"floor_reached":51,"playtime":4076,"items_purged":["Unload"],"score":782,"play_id":"45fac489-1a84-4cd2-98af-a76e24754d55","local_time":"20190318222350","is_ascension_mode":true,"campfire_choices":[{"data":"Panacea","floor":6,"key":"SMITH"},{"data":"Noxious Fumes","floor":12,"key":"SMITH"},{"data":"Crippling Poison","floor":15,"key":"SMITH"},{"data":"Burst","floor":23,"key":"SMITH"},{"data":"Noxious Fumes","floor":25,"key":"SMITH"},{"data":"Dodge and Roll","floor":32,"key":"SMITH"},{"data":"Riddle With Holes","floor":40,"key":"SMITH"},{"data":"Leg Sweep","floor":42,"key":"SMITH"},{"data":"Footwork","floor":49,"key":"SMITH"}],"neow_cost":"NONE","seed_source_timestamp":36034069619982,"circlet_count":0,"master_deck":["Survivor","Neutralize","Deadly Poison","Crippling Poison+1","Panacea+1","Bouncing Flask","Corpse Explosion","Noxious Fumes+1","Leg Sweep+1","Glass Knife","Slice","Noxious Fumes+1","Bouncing Flask","Flying Knee","Burst+1","Quick Slash","Acrobatics","Crippling Poison","Cloak And Dagger","Deadly Poison","Riddle With Holes+1","Envenom","Dodge and Roll+1","Distraction+1","Bullet Time","Blur+1","Dodge and Roll+1","Secret Technique","Footwork+1"],"relics":["Coffee Dripper","FossilizedHelix","Anchor","Dream Catcher","Strawberry","Pandora\u0027s Box","Pear","Lantern","Bronze Scales","Lizard Tail","Blood Vial","Molten Egg 2"],"potions_floor_usage":[36],"damage_taken":[{"damage":0,"enemies":"2 Louse","floor":1,"turns":3},{"damage":0,"enemies":"Jaw Worm","floor":3,"turns":4},{"damage":0,"enemies":"Cultist","floor":8,"turns":3},{"damage":0,"enemies":"Lagavulin","floor":10,"turns":5},{"damage":0,"enemies":"Red Slaver","floor":11,"turns":3},{"damage":0,"enemies":"Blue Slaver","floor":14,"turns":3},{"damage":0,"enemies":"The Guardian","floor":16,"turns":7},{"damage":4,"enemies":"Shell Parasite","floor":18,"turns":4},{"damage":0,"enemies":"3 Byrds","floor":19,"turns":3},{"damage":0,"enemies":"Cultist and Chosen","floor":24,"turns":2},{"damage":3,"enemies":"Centurion and Healer","floor":27,"turns":4},{"damage":10,"enemies":"3 Cultists","floor":28,"turns":4},{"damage":0,"enemies":"Shelled Parasite and Fungi","floor":29,"turns":4},{"damage":44,"enemies":"Automaton","floor":33,"turns":7},{"damage":12,"enemies":"3 Darklings","floor":35,"turns":3},{"damage":0,"enemies":"Orb Walker","floor":36,"turns":3},{"damage":3,"enemies":"Maw","floor":39,"turns":7},{"damage":0,"enemies":"Sphere and 2 Shapes","floor":41,"turns":3},{"damage":14,"enemies":"Transient","floor":44,"turns":5},{"damage":62,"enemies":"Donu and Deca","floor":50,"turns":8}],"seed_played":"-5838105317215486895","potions_obtained":[{"floor":3,"key":"SteroidPotion"},{"floor":11,"key":"Poison Potion"},{"floor":16,"key":"Ancient Potion"},{"floor":19,"key":"Fire Potion"},{"floor":33,"key":"Poison Potion"},{"floor":35,"key":"SkillPotion"},{"floor":39,"key":"EssenceOfSteel"}],"is_trial":false,"path_per_floor":["M","?","M","?","$","R","T","M","T","E","M","R","$","M","R","B",null,"M","M","T","$","?","R","M","R","T","M","M","M","?","$","R","B",null,"M","M","?","?","M","R","M","R","T","M","?","$","T","$","R","B",null],"character_chosen":"THE_SILENT","items_purchased":["Panacea","Leg Sweep","Deadly Poison","Bronze Scales","Secret Technique","Footwork"],"campfire_rested":0,"item_purchase_floors":[5,13,21,31,46,48],"current_hp_per_floor":[70,67,67,67,67,67,67,67,67,74,74,74,74,74,74,74,77,73,73,83,83,83,83,83,83,83,80,70,70,87,87,87,43,87,75,75,75,75,72,72,72,72,72,60,97,97,97,97,97,35],"gold":87,"neow_bonus":"BOSS_RELIC","is_prod":false,"is_daily":false,"chose_seed":false,"campfire_upgraded":9,"win_rate":0,"timestamp":1552947830,"path_taken":["M","?","M","?","$","R","?","M","T","E","M","R","$","?","R","BOSS","M","?","?","$","?","R","M","R","T","M","?","?","?","$","R","BOSS","M","M","?","?","?","R","M","R","T","M","?","$","?","?","R","BOSS"],"build_version":"2019-01-23","purchased_purges":1,"victory":true,"max_hp_per_floor":[70,70,70,70,70,70,70,70,70,77,77,77,77,77,77,77,77,77,77,87,87,87,87,87,87,87,87,87,87,87,87,87,87,87,87,87,87,87,87,87,87,87,87,87,97,97,97,97,97,97],"card_choices":[{"not_picked":["Backflip","Quick Slash"],"picked":"Deadly Poison","floor":1},{"not_picked":["Infinite Blades","Quick Slash"],"picked":"Crippling Poison","floor":3},{"not_picked":["Underhanded Strike","Sucker Punch"],"picked":"Bouncing Flask","floor":8},{"not_picked":["Prepared","Eviscerate"],"picked":"Corpse Explosion","floor":10},{"not_picked":["Cloak And Dagger","Dagger Spray"],"picked":"Noxious Fumes","floor":11},{"not_picked":["Setup","Sucker Punch","Prepared"],"picked":"SKIP","floor":14},{"not_picked":["Envenom","Storm of Steel"],"picked":"Glass Knife","floor":16},{"not_picked":["Well Laid Plans+1","Blade Dance","Flechettes"],"picked":"SKIP","floor":18},{"not_picked":["Dagger Throw","Skewer"],"picked":"Cloak And Dagger","floor":19},{"not_picked":["Deadly Poison","Expertise+1","Prepared"],"picked":"SKIP","floor":24},{"not_picked":["Setup+1","Quick Slash"],"picked":"Dodge and Roll","floor":27},{"not_picked":["Expertise","Flying Knee"],"picked":"Distraction+1","floor":28},{"not_picked":["Blur","Outmaneuver","PiercingWail"],"picked":"SKIP","floor":29},{"not_picked":["Burst","Glass Knife"],"picked":"Bullet Time","floor":33},{"not_picked":["Setup","Prepared","Well Laid Plans+1"],"picked":"SKIP","floor":35},{"not_picked":["Prepared","Dagger Throw"],"picked":"Blur+1","floor":36},{"not_picked":["Deadly Poison","Expertise+1","Blade Dance+1"],"picked":"SKIP","floor":39},{"not_picked":["Slice","Flechettes"],"picked":"Dodge and Roll+1","floor":41},{"not_picked":["Poisoned Stab","Flying Knee+1","Unload"],"picked":"SKIP","floor":44}],"player_experience":405115,"relics_obtained":[{"floor":7,"key":"Anchor"},{"floor":9,"key":"Dream Catcher"},{"floor":10,"key":"Strawberry"},{"floor":20,"key":"Pear"},{"floor":26,"key":"Lantern"},{"floor":43,"key":"Blood Vial"},{"floor":47,"key":"Molten Egg 2"}],"event_choices":[{"damage_healed":0,"gold_gain":0,"player_choice":"Success","damage_taken":3,"relics_obtained":["FossilizedHelix"],"max_hp_gain":0,"max_hp_loss":0,"event_name":"Scrap Ooze","floor":2,"gold_loss":0},{"damage_healed":0,"gold_gain":0,"player_choice":"Ignored","damage_taken":0,"max_hp_gain":0,"max_hp_loss":0,"event_name":"Golden Idol","floor":4,"gold_loss":0},{"damage_healed":0,"gold_gain":0,"player_choice":"2 cards matched","damage_taken":0,"max_hp_gain":0,"max_hp_loss":0,"event_name":"Match and Keep!","floor":22,"gold_loss":0,"cards_obtained":["Riddle With Holes","Envenom"]},{"damage_healed":29,"gold_gain":0,"player_choice":"Heal","damage_taken":0,"max_hp_gain":0,"max_hp_loss":0,"event_name":"The Library","floor":30,"gold_loss":0},{"damage_healed":0,"gold_gain":0,"player_choice":"Ignored","damage_taken":0,"max_hp_gain":0,"max_hp_loss":0,"event_name":"Tomb of Lord Red Mask","floor":37,"gold_loss":0},{"damage_healed":0,"gold_gain":0,"cards_transformed":["Setup"],"player_choice":"Transformed","damage_taken":0,"max_hp_gain":0,"max_hp_loss":0,"event_name":"Transmorgrifier","floor":38,"gold_loss":0,"cards_obtained":["Envenom"]},{"cards_removed":["Envenom"],"damage_healed":27,"gold_gain":0,"player_choice":"Offered Rare","damage_taken":0,"max_hp_gain":10,"max_hp_loss":0,"event_name":"Bonfire Elementals","floor":45,"gold_loss":0}],"is_beta":false,"boss_relics":[{"not_picked":["Runic Dome","Snecko Eye"],"picked":"Pandora\u0027s Box"},{"not_picked":["Astrolabe","WristBlade"],"picked":"Lizard Tail"}],"items_purged_floors":[21],"is_endless":false,"potions_floor_spawned":[3,11,16,19,24,33,35,39],"ascension_level":1}