{"gold_per_floor":[119,119,134,3,21,46,46,78,129,164,181,181,196,212,212,285,285,285,285,285,16,16,16,16,16,16,16,16,16,16,16,16,16,16,16,0,0,0,0,0,0,0,0,0,0,0,0],"floor_reached":47,"playtime":3493,"items_purged":["Strike_R","Strike_R"],"score":994,"play_id":"4cba789d-2c20-4aa4-83b3-c8a48a48f59a","local_time":"20190405110028","is_ascension_mode":true,"campfire_choices":[{"data":"Bludgeon","floor":7,"key":"SMITH"},{"floor":12,"key":"REST"},{"data":"True Grit","floor":15,"key":"SMITH"},{"data":"Disarm","floor":23,"key":"SMITH"},{"floor":28,"key":"REST"},{"data":"Shrug It Off","floor":30,"key":"SMITH"},{"data":"Metallicize","floor":32,"key":"SMITH"},{"floor":41,"key":"RECALL"}],"neow_cost":"NONE","seed_source_timestamp":1395712600001200,"circlet_count":0,"master_deck":["AscendersBane","Strike_R","Defend_R","Defend_R","Defend_R","Defend_R","Bash+1","Pommel Strike","Bludgeon+1","True Grit+1","Metallicize+1","Reckless Charge","Feel No Pain","Disarm+1","Offering","J.A.X.","Impervious","Immolate","Body Slam+1","Shrug It Off+1","Battle Trance","Double Tap","Dual Wield+1","Battle Trance","Flame Barrier","Burning Pact"],"relics":["Burning Blood","Mercury Hourglass","Blood Vial","Regal Pillow","Bag of Preparation","Ectoplasm","Frozen Egg 2","Potion Belt","Busted Crown","Red Mask","Ginger","Nunchaku"],"potions_floor_usage":[6,24,33,33,40,47,47,47,47],"damage_taken":[{"damage":8,"enemies":"2 Louse","floor":1,"turns":4},{"damage":0,"enemies":"Cultist","floor":3,"turns":2},{"damage":8,"enemies":"Small Slimes","floor":5,"turns":4},{"damage":23,"enemies":"Lagavulin","floor":6,"turns":6},{"damage":15,"enemies":"3 Sentries","floor":8,"turns":5},{"damage":24,"enemies":"Lagavulin","floor":10,"turns":6},{"damage":19,"enemies":"Exordium Thugs","floor":11,"turns":4},{"damage":0,"enemies":"Blue Slaver","floor":13,"turns":1},{"damage":4,"enemies":"Looter","floor":14,"turns":3},{"damage":25,"enemies":"The Guardian","floor":16,"turns":10},{"damage":6,"enemies":"Spheric Guardian","floor":18,"turns":3},{"damage":6,"enemies":"Shell Parasite","floor":19,"turns":1},{"damage":31,"enemies":"Gremlin Leader","floor":24,"turns":6},{"damage":13,"enemies":"Snake Plant","floor":25,"turns":4},{"damage":28,"enemies":"Shelled Parasite and Fungi","floor":27,"turns":6},{"damage":9,"enemies":"Centurion and Healer","floor":29,"turns":3},{"damage":46,"enemies":"Champ","floor":33,"turns":13},{"damage":6,"enemies":"Orb Walker","floor":35,"turns":3},{"damage":12,"enemies":"Mind Bloom Boss Battle","floor":37,"turns":7},{"damage":6,"enemies":"3 Shapes","floor":38,"turns":7},{"damage":17,"enemies":"Reptomancer","floor":40,"turns":7},{"damage":33,"enemies":"Jaw Worm Horde","floor":42,"turns":6},{"damage":9,"enemies":"Sphere and 2 Shapes","floor":45,"turns":4},{"damage":15,"enemies":"Transient","floor":46,"turns":6},{"damage":29,"enemies":"Nemesis","floor":47,"turns":4}],"seed_played":"7073720312872513106","potions_obtained":[{"floor":3,"key":"LiquidBronze"},{"floor":11,"key":"FearPotion"},{"floor":24,"key":"SpeedPotion"},{"floor":27,"key":"FearPotion"},{"floor":35,"key":"Swift Potion"},{"floor":38,"key":"Ancient Potion"},{"floor":42,"key":"AttackPotion"},{"floor":46,"key":"Explosive Potion"}],"is_trial":false,"path_per_floor":["M","?","M","$","M","E","R","E","T","E","M","R","M","M","R","B",null,"M","M","?","$","?","R","E","M","T","M","R","M","R","?","R","B",null,"M","?","?","M","?","E","R","M","T","$","M","M","E"],"character_chosen":"IRONCLAD","items_purchased":["Energy Potion","Impervious"],"campfire_rested":2,"item_purchase_floors":[4,21],"current_hp_per_floor":[66,66,72,72,70,53,53,44,44,28,17,54,62,66,66,49,69,71,73,73,73,73,73,50,45,45,25,62,61,61,61,61,23,62,64,64,60,62,62,53,53,28,28,28,27,20,0],"gold":0,"neow_bonus":"UPGRADE_CARD","is_prod":false,"is_daily":false,"chose_seed":false,"campfire_upgraded":5,"win_rate":0,"timestamp":1554458428,"path_taken":["M","?","M","$","M","E","R","E","T","E","M","R","M","M","R","BOSS","M","M","?","$","?","R","E","M","T","M","R","?","R","?","R","BOSS","M","?","?","M","?","E","R","M","T","$","M","M","E"],"build_version":"2019-01-23","purchased_purges":2,"victory":false,"max_hp_per_floor":[75,75,75,75,75,75,75,75,75,75,75,75,75,75,75,75,75,75,75,75,75,75,75,75,75,75,75,75,75,75,75,75,75,75,75,75,75,75,71,71,71,71,71,71,71,71,71],"card_choices":[{"not_picked":["Clash","Infernal Blade"],"picked":"Pommel Strike","floor":1},{"not_picked":["Clothesline","Havoc","Flex"],"picked":"SKIP","floor":3},{"not_picked":["Intimidate","Sever Soul"],"picked":"True Grit","floor":5},{"not_picked":["Warcry","Barricade"],"picked":"Metallicize","floor":6},{"not_picked":["Sword Boomerang","Flex"],"picked":"Reckless Charge","floor":8},{"not_picked":["Thunderclap","Sword Boomerang"],"picked":"Feel No Pain","floor":10},{"not_picked":["Body Slam","Ghostly Armor","Whirlwind"],"picked":"SKIP","floor":11},{"not_picked":["Armaments","Clash"],"picked":"Disarm","floor":13},{"not_picked":["Combust","Evolve","Sword Boomerang"],"picked":"SKIP","floor":14},{"not_picked":["Feed","Juggernaut"],"picked":"Offering","floor":16},{"not_picked":["Sever Soul","Hemokinesis","Bloodletting"],"picked":"SKIP","floor":18},{"not_picked":["Havoc","Armaments","Twin Strike"],"picked":"SKIP","floor":19},{"not_picked":["Flex","Blood for Blood"],"picked":"Immolate","floor":24},{"not_picked":["Power Through","Anger"],"picked":"Body Slam+1","floor":25},{"not_picked":["Sentinel","Cleave+1"],"picked":"Shrug It Off","floor":27},{"not_picked":["Wild Strike","Second Wind"],"picked":"Battle Trance","floor":29},{"not_picked":["Berserk+1","Brutality+1"],"picked":"Double Tap","floor":33},{"not_picked":["Cleave"],"picked":"SKIP","floor":35},{"not_picked":[],"picked":"Dual Wield+1","floor":38},{"not_picked":[],"picked":"Battle Trance","floor":40},{"not_picked":[],"picked":"Flame Barrier","floor":42},{"not_picked":[],"picked":"Burning Pact","floor":45},{"not_picked":["Reckless Charge"],"picked":"SKIP","floor":46}],"player_experience":2513969,"relics_obtained":[{"floor":6,"key":"Mercury Hourglass"},{"floor":8,"key":"Blood Vial"},{"floor":9,"key":"Regal Pillow"},{"floor":10,"key":"Bag of Preparation"},{"floor":24,"key":"Frozen Egg 2"},{"floor":26,"key":"Potion Belt"},{"floor":37,"key":"Ginger"},{"floor":40,"key":"Nunchaku"}],"event_choices":[{"damage_healed":0,"gold_gain":0,"cards_transformed":["Strike_R"],"player_choice":"Transformed","damage_taken":0,"max_hp_gain":0,"max_hp_loss":0,"event_name":"Transmorgrifier","floor":2,"gold_loss":0,"cards_obtained":["Bludgeon"]},{"damage_healed":0,"gold_gain":0,"player_choice":"Obtain J.A.X.","damage_taken":0,"max_hp_gain":0,"max_hp_loss":0,"event_name":"Drug Dealer","floor":20,"gold_loss":0,"cards_obtained":["J.A.X."]},{"damage_healed":0,"gold_gain":0,"player_choice":"Ignored","damage_taken":0,"max_hp_gain":0,"max_hp_loss":0,"event_name":"Golden Shrine","floor":22,"gold_loss":0},{"cards_removed":["Strike_R"],"damage_healed":0,"gold_gain":0,"player_choice":"Offered Basic","damage_taken":0,"max_hp_gain":0,"max_hp_loss":0,"event_name":"Bonfire Elementals","floor":31,"gold_loss":0},{"damage_healed":0,"gold_gain":0,"player_choice":"Paid","damage_taken":0,"relics_obtained":["Red Mask"],"max_hp_gain":0,"max_hp_loss":0,"event_name":"Tomb of Lord Red Mask","floor":36,"gold_loss":16},{"damage_healed":0,"gold_gain":0,"player_choice":"Fight","damage_taken":0,"max_hp_gain":0,"max_hp_loss":0,"event_name":"MindBloom","floor":37,"gold_loss":0},{"damage_healed":0,"gold_gain":0,"player_choice":"Max HP","damage_taken":0,"max_hp_gain":0,"max_hp_loss":4,"event_name":"Winding Halls","floor":39,"gold_loss":0}],"is_beta":false,"boss_relics":[{"not_picked":["Runic Dome","Empty Cage"],"picked":"Ectoplasm"},{"not_picked":["Orrery","Eternal Feather"],"picked":"Busted Crown"}],"items_purged_floors":[4,21],"is_endless":false,"potions_floor_spawned":[3,11,14,16,19,24,27,35,38,42,46],"killed_by":"Nemesis","ascension_level":20}