{"gold_per_floor":[118,118,133,153,169,181,181,200,200,125,141,141,161,171,171,275,275,286,286,298,312,212,222,222,97,97,123,142,152,152,167,167,167],"floor_reached":33,"playtime":934,"items_purged":["Pain","Strike_R","Strike_R"],"score":247,"play_id":"f3a53319-3925-478b-8b3e-9a045eec7d60","local_time":"20190111215603","is_ascension_mode":false,"campfire_choices":[{"data":"Whirlwind","floor":7,"key":"SMITH"},{"data":"1","floor":12,"key":"LIFT"},{"data":"2","floor":15,"key":"LIFT"},{"data":"3","floor":24,"key":"LIFT"},{"floor":32,"key":"REST"}],"neow_cost":"CURSE","seed_source_timestamp":176148939824603,"circlet_count":0,"master_deck":["Strike_R","Strike_R","Strike_R","Defend_R","Defend_R","Defend_R","Defend_R","Bash","Whirlwind+1"],"relics":["Burning Blood","Girya","Unceasing Top","Molten Egg 2","Sozu","Red Mask","Enchiridion"],"potions_floor_usage":[16,18,29],"damage_taken":[{"damage":10,"enemies":"Cultist","floor":1,"turns":4},{"damage":6,"enemies":"Small Slimes","floor":3,"turns":4},{"damage":11,"enemies":"2 Louse","floor":4,"turns":3},{"damage":16,"enemies":"Exordium Wildlife","floor":5,"turns":4},{"damage":8,"enemies":"3 Louse","floor":6,"turns":2},{"damage":8,"enemies":"2 Fungi Beasts","floor":8,"turns":3},{"damage":0,"enemies":"Large Slime","floor":11,"turns":4},{"damage":9,"enemies":"Blue Slaver","floor":13,"turns":3},{"damage":0,"enemies":"2 Fungi Beasts","floor":14,"turns":1},{"damage":63,"enemies":"The Guardian","floor":16,"turns":15},{"damage":25,"enemies":"2 Thieves","floor":18,"turns":3},{"damage":0,"enemies":"3 Byrds","floor":20,"turns":2},{"damage":6,"enemies":"3 Cultists","floor":21,"turns":3},{"damage":5,"enemies":"Snecko","floor":23,"turns":3},{"damage":0,"enemies":"Masked Bandits","floor":27,"turns":2},{"damage":0,"enemies":"Chosen and Byrds","floor":28,"turns":4},{"damage":33,"enemies":"Shelled Parasite and Fungi","floor":29,"turns":6},{"damage":21,"enemies":"Snake Plant","floor":31,"turns":3},{"damage":57,"enemies":"Champ","floor":33,"turns":14}],"seed_played":"6842648412836003310","potions_obtained":[{"floor":1,"key":"SkillPotion"},{"floor":3,"key":"EssenceOfSteel"},{"floor":4,"key":"BloodPotion"},{"floor":13,"key":"SkillPotion"}],"is_trial":false,"path_per_floor":["M","?","M","M","M","M","R","M","T","$","M","R","M","M","R","B",null,"M","?","M","M","$","M","R","$","T","?","M","M","?","M","R","B"],"character_chosen":"IRONCLAD","items_purchased":[],"campfire_rested":1,"item_purchase_floors":[],"current_hp_per_floor":[76,76,76,71,61,59,59,57,57,57,63,63,60,66,66,9,80,69,69,75,75,75,76,76,76,76,80,80,53,37,22,46,0],"gold":167,"neow_bonus":"ONE_RARE_RELIC","is_prod":false,"is_daily":false,"chose_seed":false,"campfire_upgraded":1,"win_rate":0,"timestamp":1547240163,"path_taken":["M","?","?","M","M","?","R","M","T","$","M","R","M","M","R","BOSS","M","?","M","M","$","M","R","$","T","?","M","M","?","?","R","BOSS"],"build_version":"2019-01-10","purchased_purges":3,"victory":false,"max_hp_per_floor":[80,80,80,80,80,80,80,80,80,80,80,80,80,80,80,80,80,80,80,80,80,80,80,80,80,80,80,80,80,80,80,80,80],"card_choices":[{"not_picked":["Uppercut","Sever Soul","Iron Wave"],"picked":"SKIP","floor":1},{"not_picked":["Cleave","Sword Boomerang","Warcry"],"picked":"SKIP","floor":3},{"not_picked":["Sword Boomerang","Havoc"],"picked":"Whirlwind","floor":4},{"not_picked":["Dual Wield","Shrug It Off","Combust"],"picked":"SKIP","floor":5},{"not_picked":["Perfected Strike","Juggernaut","Twin Strike"],"picked":"SKIP","floor":6},{"not_picked":["Pommel Strike","Cleave","Shrug It Off"],"picked":"SKIP","floor":8},{"not_picked":["Twin Strike+1","Ghostly Armor","Anger+1"],"picked":"SKIP","floor":11},{"not_picked":["Clash+1","Intimidate","Immolate+1"],"picked":"SKIP","floor":13},{"not_picked":["Warcry","Heavy Blade+1","Battle Trance"],"picked":"SKIP","floor":14},{"not_picked":["Twin Strike+1","Shrug It Off","Clash+1"],"picked":"SKIP","floor":18},{"not_picked":["Body Slam+1","Twin Strike+1","True Grit"],"picked":"SKIP","floor":20},{"not_picked":["Body Slam+1","Headbutt+1","Anger+1"],"picked":"SKIP","floor":21},{"not_picked":["Twin Strike+1","Havoc+1","Headbutt+1"],"picked":"SKIP","floor":23},{"not_picked":["Exhume","Bloodletting","Headbutt+1"],"picked":"SKIP","floor":28},{"not_picked":["Cleave+1","Hemokinesis+1","Sword Boomerang+1"],"picked":"SKIP","floor":29},{"not_picked":["Twin Strike+1","Body Slam+1","Intimidate"],"picked":"SKIP","floor":31}],"player_experience":441611,"relics_obtained":[{"floor":9,"key":"Molten Egg 2"},{"floor":27,"key":"Red Mask"},{"floor":30,"key":"Enchiridion"}],"event_choices":[{"damage_healed":0,"gold_gain":0,"player_choice":"Gave Potion","damage_taken":0,"relics_obtained":["Unceasing Top"],"max_hp_gain":0,"max_hp_loss":0,"event_name":"WeMeetAgain","floor":2,"gold_loss":0},{"damage_healed":0,"gold_gain":0,"player_choice":"Ignored","damage_taken":0,"max_hp_gain":0,"max_hp_loss":0,"event_name":"The Mausoleum","floor":19,"gold_loss":0},{"damage_healed":0,"gold_gain":0,"player_choice":"Fought Bandits","damage_taken":0,"max_hp_gain":0,"max_hp_loss":0,"event_name":"Masked Bandits","floor":27,"gold_loss":0},{"damage_healed":0,"gold_gain":0,"player_choice":"Obtained Book","damage_taken":16,"max_hp_gain":0,"max_hp_loss":0,"event_name":"Cursed Tome","floor":30,"gold_loss":0}],"is_beta":false,"boss_relics":[{"not_picked":["Pandora\u0027s Box","Black Star"],"picked":"Sozu"}],"items_purged_floors":[10,22,25],"is_endless":false,"potions_floor_spawned":[1,3,4,13,18,23,27,29],"killed_by":"Champ","ascension_level":0}