{"gold_per_floor":[112,112,126,43,60,88,104,104,104,104,130,150,17,30,30,105,105,121,171,184,194,134,134,151,151,151,151,167,181,216,229,229,229],"floor_reached":33,"playtime":2037,"items_purged":["Strike_R"],"score":551,"play_id":"8a59aafb-69e9-4c37-b0c5-7566a98557e7","local_time":"20190411041459","is_ascension_mode":true,"campfire_choices":[{"data":"Bludgeon","floor":8.0,"key":"SMITH"},{"data":"Iron Wave","floor":10.0,"key":"SMITH"},{"data":"True Grit","floor":15.0,"key":"SMITH"},{"data":"Power Through","floor":23.0,"key":"SMITH"},{"data":"True Grit","floor":25.0,"key":"SMITH"},{"data":"Clothesline","floor":27.0,"key":"SMITH"},{"data":"Uppercut","floor":32,"key":"SMITH"}],"neow_cost":"NONE","seed_source_timestamp":23838513678354,"circlet_count":0,"master_deck":["AscendersBane","Strike_R","Strike_R","Strike_R","Strike_R","Defend_R","Defend_R","Defend_R","Defend_R","Bash+1","Cleave","True Grit+1","Bludgeon+1","Thunderclap","Iron Wave+1","Clothesline+1","Headbutt","Barricade","Body Slam","Body Slam+1","Power Through+1","True Grit+1","Uppercut+1","Body Slam+1"],"special_seed":0,"relics":["Burning Blood","NeowsBlessing","Vajra","The Courier","Thread and Needle","Lantern","Snecko Eye","Blue Candle","Potion Belt"],"potions_floor_usage":[33],"damage_taken":[{"damage":0.0,"enemies":"2 Louse","floor":1.0,"turns":1.0},{"damage":0.0,"enemies":"Cultist","floor":3.0,"turns":1.0},{"damage":0.0,"enemies":"Jaw Worm","floor":5.0,"turns":1.0},{"damage":23.0,"enemies":"Lagavulin","floor":6.0,"turns":5.0},{"damage":7.0,"enemies":"Looter","floor":7.0,"turns":3.0},{"damage":18.0,"enemies":"Gremlin Nob","floor":11.0,"turns":4.0},{"damage":8.0,"enemies":"Large Slime","floor":12.0,"turns":4.0},{"damage":0.0,"enemies":"3 Louse","floor":14.0,"turns":3.0},{"damage":29.0,"enemies":"Slime Boss","floor":16.0,"turns":9.0},{"damage":1.0,"enemies":"3 Byrds","floor":18.0,"turns":3.0},{"damage":5.0,"enemies":"Shell Parasite","floor":20.0,"turns":4.0},{"damage":0.0,"enemies":"Snecko","floor":21.0,"turns":4.0},{"damage":0.0,"enemies":"3 Cultists","floor":24.0,"turns":4.0},{"damage":7.0,"enemies":"Snake Plant","floor":28.0,"turns":5.0},{"damage":0.0,"enemies":"Centurion and Healer","floor":29.0,"turns":5.0},{"damage":0.0,"enemies":"Gremlin Leader","floor":30.0,"turns":4.0},{"damage":0,"enemies":"Cultist and Chosen","floor":31,"turns":6},{"damage":114,"enemies":"Automaton","floor":33,"turns":12}],"seed_played":"8948572492794669900","potions_obtained":[{"floor":1.0,"key":"Poison Potion"},{"floor":5.0,"key":"Swift Potion"},{"floor":11.0,"key":"SteroidPotion"},{"floor":12.0,"key":"GamblersBrew"},{"floor":21.0,"key":"Strength Potion"},{"floor":29.0,"key":"Block Potion"}],"is_trial":false,"path_per_floor":["M","?","M","$","M","E","M","R","T","R","E","M","$","M","R","B",null,"M","?","M","M","$","R","M","R","T","R","M","M","E","M","R","B"],"character_chosen":"IRONCLAD","items_purchased":["Bludgeon","Lantern"],"campfire_rested":0,"item_purchase_floors":[4,13],"current_hp_per_floor":[74,74,75,75,75,58,57,57,57,57,45,43,43,49,49,26,63,68,68,69,75,75,75,75,75,75,75,74,75,75,75,75,0],"gold":229,"neow_bonus":"THREE_ENEMY_KILL","is_prod":false,"is_daily":false,"chose_seed":false,"campfire_upgraded":7,"win_rate":0,"timestamp":1554948899,"path_taken":["M","?","M","$","?","E","M","R","T","R","E","M","$","M","R","BOSS","M","?","M","?","?","R","M","R","T","R","?","M","E","M","R","BOSS"],"build_version":"2019-01-23","purchased_purges":1,"victory":false,"max_hp_per_floor":[75,75,75,75,75,75,75,75,75,75,75,75,75,75,75,75,75,75,75,75,75,75,75,75,75,75,75,75,75,75,75,75,75],"card_choices":[{"not_picked":["Dual Wield","Second Wind"],"picked":"Cleave","floor":1.0},{"not_picked":["Rupture","Headbutt"],"picked":"True Grit","floor":3.0},{"not_picked":["Fiend Fire","Clash","Sword Boomerang"],"picked":"SKIP","floor":5.0},{"not_picked":["Bloodletting","Hemokinesis"],"picked":"Thunderclap","floor":6.0},{"not_picked":["Searing Blow","True Grit"],"picked":"Iron Wave","floor":7.0},{"not_picked":["Armaments","Brutality"],"picked":"Clothesline","floor":11.0},{"not_picked":["Clash","Sword Boomerang","Thunderclap"],"picked":"SKIP","floor":12.0},{"not_picked":["Clothesline","Rampage"],"picked":"Headbutt","floor":14.0},{"not_picked":["Demon Form","Bludgeon"],"picked":"Barricade","floor":16.0},{"not_picked":["Thunderclap","Fire Breathing"],"picked":"Body Slam","floor":18.0},{"not_picked":["Thunderclap","Clash"],"picked":"Body Slam+1","floor":20.0},{"not_picked":["Twin Strike","Spot Weakness"],"picked":"Power Through","floor":21.0},{"not_picked":["Heavy Blade","Spot Weakness"],"picked":"True Grit","floor":24.0},{"not_picked":["Battle Trance","Cleave+1","Body Slam"],"picked":"SKIP","floor":28.0},{"not_picked":["Exhume","Heavy Blade+1"],"picked":"Uppercut","floor":29.0},{"not_picked":["Rampage","Clash"],"picked":"Body Slam+1","floor":30.0},{"not_picked":["Wild Strike","Body Slam","Second Wind"],"picked":"SKIP","floor":31}],"player_experience":701917,"relics_obtained":[{"floor":6.0,"key":"Vajra"},{"floor":9.0,"key":"The Courier"},{"floor":11.0,"key":"Thread and Needle"},{"floor":26.0,"key":"Blue Candle"},{"floor":30.0,"key":"Potion Belt"}],"event_choices":[{"damage_healed":0.0,"max_hp_gain":0.0,"max_hp_loss":0.0,"gold_gain":0.0,"event_name":"Upgrade Shrine","player_choice":"Upgraded","floor":2.0,"gold_loss":0.0,"damage_taken":0.0,"cards_upgraded":["Bash"]},{"damage_healed":0.0,"max_hp_gain":0.0,"max_hp_loss":0.0,"gold_gain":100.0,"event_name":"The Joust","player_choice":"Bet on Murderer","floor":19.0,"gold_loss":50.0,"damage_taken":0.0}],"is_beta":false,"boss_relics":[{"not_picked":["Cursed Key","Runic Pyramid"],"picked":"Snecko Eye"}],"items_purged_floors":[22],"is_endless":false,"potions_floor_spawned":[1,5,11,12,21,29],"killed_by":"Automaton","ascension_level":16}