{"gold_per_floor":[109,109,2,14,14,14,44,55,108,108,8,8,8,19,19,124,124,143,103,119,133,152,152,169,169,169,3,3,35,35,35,35,133,133,150,2,20,31,0,0,25,25,49,49,65,2,2,36,36,36],"floor_reached":51,"playtime":2987,"items_purged":["Regret","Defend_B"],"score":756,"play_id":"775df5bb-176b-4457-bc0d-33a96a24f84b","local_time":"20190404233358","is_ascension_mode":true,"campfire_choices":[{"data":"Zap","floor":6.0,"key":"SMITH"},{"floor":10.0,"key":"REST"},{"data":"Go for the Eyes","floor":12.0,"key":"SMITH"},{"data":"Capacitor","floor":15.0,"key":"SMITH"},{"data":"Hologram","floor":23.0,"key":"SMITH"},{"data":"Creative AI","floor":25.0,"key":"SMITH"},{"floor":32.0,"key":"REST"},{"data":"Beam Cell","floor":40.0,"key":"SMITH"},{"floor":44.0,"key":"REST"},{"floor":49.0,"key":"REST"}],"neow_cost":"NONE","seed_source_timestamp":23658301421118,"circlet_count":0,"master_deck":["Strike_B+1","Defend_B","Defend_B","Zap+1","Dualcast","Gash","Capacitor+1","FTL","White Noise+1","Gash","Go for the Eyes+1","Beam Cell+1","Go for the Eyes","All For One","Ball Lightning+1","Conserve Battery+1","Reboot+1","Hologram+1","Auto Shields+1","Darkness","Creative AI+1","Secret Technique","Darkness+1","Core Surge","Redo","Stack+1","Go for the Eyes","Good Instincts","Barrage"],"special_seed":0,"relics":["Cracked Core","Regal Pillow","Ancient Tea Set","Omamori","Bag of Preparation","Astrolabe","Blue Candle","Pen Nib","Blood Vial","Nilry\u0027s Codex","Busted Crown","Red Mask","Shuriken","Lantern","Juzu Bracelet","Happy Flower"],"potions_floor_usage":[50,50],"damage_taken":[{"damage":1.0,"enemies":"2 Louse","floor":1.0,"turns":2.0},{"damage":14.0,"enemies":"Jaw Worm","floor":4.0,"turns":3.0},{"damage":32.0,"enemies":"Gremlin Nob","floor":7.0,"turns":4.0},{"damage":1.0,"enemies":"Cultist","floor":8.0,"turns":3.0},{"damage":1.0,"enemies":"3 Louse","floor":14.0,"turns":2.0},{"damage":32.0,"enemies":"The Guardian","floor":16.0,"turns":10.0},{"damage":15.0,"enemies":"2 Thieves","floor":18.0,"turns":3.0},{"damage":0.0,"enemies":"Chosen","floor":20.0,"turns":3.0},{"damage":13.0,"enemies":"Shelled Parasite and Fungi","floor":21.0,"turns":3.0},{"damage":5.0,"enemies":"Snecko","floor":22.0,"turns":6.0},{"damage":0.0,"enemies":"Centurion and Healer","floor":24.0,"turns":4.0},{"damage":3.0,"enemies":"Gremlin Leader","floor":29.0,"turns":6.0},{"damage":56.0,"enemies":"Automaton","floor":33.0,"turns":8.0},{"damage":3.0,"enemies":"3 Shapes","floor":35.0,"turns":5.0},{"damage":18.0,"enemies":"Orb Walker","floor":37.0,"turns":3.0},{"damage":13.0,"enemies":"Transient","floor":38.0,"turns":5.0},{"damage":21.0,"enemies":"Nemesis","floor":41.0,"turns":5.0},{"damage":5.0,"enemies":"Sphere and 2 Shapes","floor":45.0,"turns":3.0},{"damage":13.0,"enemies":"Giant Head","floor":48.0,"turns":5.0},{"damage":89,"enemies":"Time Eater","floor":50,"turns":11}],"seed_played":"8387604737691620952","potions_obtained":[{"floor":1.0,"key":"Energy Potion"},{"floor":7.0,"key":"SpeedPotion"},{"floor":19.0,"key":"FocusPotion"},{"floor":19.0,"key":"FairyPotion"},{"floor":21.0,"key":"Energy Potion"},{"floor":33.0,"key":"LiquidBronze"},{"floor":38.0,"key":"Weak Potion"}],"is_trial":false,"path_per_floor":["M","?","$","M","?","R","E","M","T","R","$","R","?","M","R","B",null,"M","?","M","M","M","R","M","R","T","$","?","E","?","?","R","B",null,"M","$","M","M","?","R","E","?","T","R","M","?","?","E","R","B",null],"character_chosen":"DEFECT","items_purchased":["Capacitor","FTL","Beam Cell","Secret Technique","Redo"],"campfire_rested":4,"item_purchase_floors":[3,3,11,27,36],"current_hp_per_floor":[74,74,74,60,60,60,28,27,27,64,64,64,49,48,48,16,75,60,60,60,47,42,42,42,42,42,42,42,39,39,23,60,6,75,72,72,56,45,45,45,26,26,26,63,60,60,60,49,75,7],"gold":36,"neow_bonus":"RANDOM_COMMON_RELIC","is_prod":false,"is_daily":false,"chose_seed":false,"campfire_upgraded":6,"win_rate":0,"timestamp":1554413638,"path_taken":["M","?","$","M","?","R","E","M","T","R","?","R","?","M","R","BOSS","M","?","?","M","M","R","M","R","T","$","?","E","?","?","R","BOSS","M","$","M","M","?","R","E","?","T","R","M","?","?","E","R","BOSS"],"build_version":"2019-01-23","purchased_purges":2,"victory":true,"max_hp_per_floor":[75,75,75,75,75,75,75,75,75,75,75,75,75,75,75,75,75,75,75,75,75,75,75,75,75,75,75,75,75,75,75,75,75,75,75,75,75,75,75,75,75,75,75,75,75,75,75,75,75,75],"card_choices":[{"not_picked":["Recycle","Lockon"],"picked":"Gash","floor":1.0},{"not_picked":["Conserve Battery","Redo"],"picked":"White Noise","floor":4.0},{"not_picked":["Seek","Go for the Eyes"],"picked":"Gash","floor":7.0},{"not_picked":["FTL","Ball Lightning"],"picked":"Go for the Eyes","floor":8.0},{"not_picked":["Recycle","Steam Power"],"picked":"Go for the Eyes","floor":14.0},{"not_picked":["Multi-Cast","Hyperbeam"],"picked":"All For One","floor":16.0},{"not_picked":["Force Field","Stack","Compile Driver"],"picked":"SKIP","floor":18.0},{"not_picked":["Redo","Cold Snap"],"picked":"Hologram","floor":20.0},{"not_picked":["Cold Snap","Sweeping Beam"],"picked":"Auto Shields+1","floor":21.0},{"not_picked":["Rebound","Redo"],"picked":"Darkness","floor":22.0},{"not_picked":["Beam Cell+1","Steam"],"picked":"Creative AI","floor":24.0},{"not_picked":["Double Energy","Force Field"],"picked":"Darkness+1","floor":29.0},{"not_picked":["Creative AI","Biased Cognition"],"picked":"Core Surge","floor":33.0},{"not_picked":["Double Energy"],"picked":"SKIP","floor":35.0},{"not_picked":[],"picked":"Stack+1","floor":37.0},{"not_picked":[],"picked":"Go for the Eyes","floor":38.0},{"not_picked":["FTL"],"picked":"SKIP","floor":41.0},{"not_picked":[],"picked":"Good Instincts","floor":42.0},{"not_picked":["Compile Driver"],"picked":"SKIP","floor":45.0},{"not_picked":[],"picked":"Barrage","floor":48.0}],"player_experience":682374,"relics_obtained":[{"floor":7.0,"key":"Omamori"},{"floor":9.0,"key":"Bag of Preparation"},{"floor":26.0,"key":"Blue Candle"},{"floor":29.0,"key":"Pen Nib"},{"floor":31.0,"key":"Nilry\u0027s Codex"},{"floor":41.0,"key":"Shuriken"},{"floor":43.0,"key":"Lantern"},{"floor":48.0,"key":"Happy Flower"}],"event_choices":[{"damage_healed":0.0,"max_hp_gain":0.0,"max_hp_loss":0.0,"gold_gain":0.0,"event_name":"Big Fish","player_choice":"Box","floor":2.0,"gold_loss":0.0,"damage_taken":0.0,"relics_obtained":["Ancient Tea Set"],"cards_obtained":["Regret"]},{"damage_healed":0.0,"max_hp_gain":0.0,"max_hp_loss":0.0,"gold_gain":0.0,"event_name":"The Cleric","player_choice":"Leave","floor":5.0,"gold_loss":0.0,"damage_taken":0.0},{"damage_healed":0.0,"max_hp_gain":0.0,"max_hp_loss":0.0,"gold_gain":0.0,"event_name":"Shining Light","player_choice":"Entered Light","floor":13.0,"gold_loss":0.0,"damage_taken":15.0,"cards_upgraded":["White Noise","Strike_B"]},{"damage_healed":0.0,"max_hp_gain":0.0,"max_hp_loss":0.0,"gold_gain":0.0,"event_name":"The Woman in Blue","player_choice":"Bought 3 Potions","floor":19.0,"gold_loss":0.0,"damage_taken":0.0},{"damage_healed":0.0,"max_hp_gain":0.0,"max_hp_loss":0.0,"gold_gain":0.0,"event_name":"Forgotten Altar","player_choice":"Smashed Altar","floor":28.0,"gold_loss":0.0,"damage_taken":0.0,"cards_obtained":["Decay"]},{"damage_healed":0.0,"max_hp_gain":0.0,"max_hp_loss":0.0,"gold_gain":0.0,"event_name":"The Mausoleum","player_choice":"Opened","floor":30.0,"gold_loss":0.0,"damage_taken":0.0,"relics_obtained":["Blood Vial"],"cards_obtained":["Writhe"]},{"damage_healed":0.0,"max_hp_gain":0.0,"max_hp_loss":0.0,"gold_gain":0.0,"event_name":"Cursed Tome","player_choice":"Obtained Book","floor":31.0,"gold_loss":0.0,"damage_taken":16.0},{"damage_healed":0.0,"max_hp_gain":0.0,"max_hp_loss":0.0,"gold_gain":0.0,"event_name":"Tomb of Lord Red Mask","player_choice":"Paid","floor":39.0,"gold_loss":31.0,"damage_taken":0.0,"relics_obtained":["Red Mask"]},{"damage_healed":0.0,"max_hp_gain":0.0,"max_hp_loss":0.0,"gold_gain":0.0,"event_name":"SensoryStone","player_choice":"Memory 1","floor":42.0,"gold_loss":0.0,"damage_taken":0.0},{"damage_healed":0.0,"max_hp_gain":0.0,"max_hp_loss":0.0,"gold_gain":0.0,"event_name":"WeMeetAgain","player_choice":"Paid Gold","floor":46.0,"gold_loss":63.0,"damage_taken":0.0,"relics_obtained":["Juzu Bracelet"]},{"cards_removed":["Defend_B"],"damage_healed":0.0,"max_hp_gain":0.0,"max_hp_loss":0.0,"gold_gain":0.0,"event_name":"Wheel of Change","player_choice":"Card Removal","floor":47.0,"gold_loss":0.0,"damage_taken":0.0}],"is_beta":false,"boss_relics":[{"not_picked":["Snecko Eye","FrozenCore"],"picked":"Astrolabe"},{"not_picked":["Fusion Hammer","Runic Pyramid"],"picked":"Busted Crown"}],"items_purged_floors":[11,36],"is_endless":false,"potions_floor_spawned":[1,7,21,33,38,41,45,48],"ascension_level":1}