{"gold_per_floor":[368,386,315,315,315,348,348,360,383,403,437,437,457,483,483,579,579,599,599,619,216,216,216,131,81,81,0,17,34,50,61,61,61],"floor_reached":33,"playtime":2823,"items_purged":["Strike_B"],"score":345,"play_id":"024c8264-50c3-48ef-a240-eceedeb57447","local_time":"20190508200813","is_ascension_mode":true,"campfire_choices":[{"floor":7,"key":"REST"},{"floor":12,"key":"REST"},{"data":"Zap","floor":15,"key":"SMITH"},{"data":"Darkness","floor":23,"key":"SMITH"},{"data":"Doom and Gloom","floor":32,"key":"SMITH"}],"neow_cost":"TEN_PERCENT_HP_LOSS","seed_source_timestamp":3473929281281723,"circlet_count":0,"master_deck":["Strike_B","Strike_B","Strike_B","Defend_B","Zap+1","Dualcast","Conserve Battery","Reprogram","Doom and Gloom+1","Glacier","Cold Snap","Double Energy","Go for the Eyes","Redo","Leap","Darkness+1","Biased Cognition","Redo+1","Necronomicurse","Buffer","Ball Lightning","Ghostly","Ghostly","Ghostly","Ghostly","Ghostly","Blizzard","Lockon+1","Barrage+1","White Noise","Doom and Gloom+1"],"relics":["Cracked Core","DataDisk","Blood Vial","Ginger","Bottled Lightning","Empty Cage","Necronomicon","Strange Spoon","Bronze Scales","Letter Opener"],"potions_floor_usage":[6,14,14,16,33,33],"damage_taken":[{"damage":12,"enemies":"Jaw Worm","floor":1,"turns":2},{"damage":0,"enemies":"Small Slimes","floor":2,"turns":3},{"damage":34,"enemies":"Gremlin Nob","floor":6,"turns":4},{"damage":0,"enemies":"2 Louse","floor":8,"turns":1},{"damage":12,"enemies":"Large Slime","floor":10,"turns":8},{"damage":11,"enemies":"3 Sentries","floor":11,"turns":6},{"damage":0,"enemies":"2 Fungi Beasts","floor":13,"turns":4},{"damage":3,"enemies":"Gremlin Nob","floor":14,"turns":4},{"damage":17,"enemies":"Slime Boss","floor":16,"turns":10},{"damage":15,"enemies":"3 Byrds","floor":18,"turns":4},{"damage":5,"enemies":"Shell Parasite","floor":20,"turns":6},{"damage":0,"enemies":"Shelled Parasite and Fungi","floor":28,"turns":5},{"damage":0,"enemies":"Chosen and Byrds","floor":29,"turns":5},{"damage":0,"enemies":"Centurion and Healer","floor":30,"turns":7},{"damage":7,"enemies":"3 Cultists","floor":31,"turns":4},{"damage":51,"enemies":"Champ","floor":33,"turns":8}],"seed_played":"-8507515415728126018","potions_obtained":[{"floor":1,"key":"Strength Potion"},{"floor":8,"key":"SpeedPotion"},{"floor":11,"key":"SkillPotion"},{"floor":14,"key":"SpeedPotion"},{"floor":29,"key":"Energy Potion"},{"floor":30,"key":"Energy Potion"}],"is_trial":false,"path_per_floor":["M","M","$","?","?","E","R","M","T","M","E","R","M","E","R","B",null,"M","?","M","$","?","R","?","?","T","$","M","M","M","M","R","B"],"character_chosen":"DEFECT","items_purchased":["Doom and Gloom","Strange Spoon","Buffer","Ball Lightning","Blizzard"],"campfire_rested":2,"item_purchase_floors":[3,21,21,21,27],"current_hp_per_floor":[56,56,56,56,61,27,48,48,48,38,29,50,52,51,51,36,73,58,42,39,39,36,36,36,36,36,36,36,36,36,29,29,0],"gold":61,"neow_bonus":"TWO_FIFTY_GOLD","is_prod":false,"is_daily":false,"chose_seed":false,"campfire_upgraded":3,"win_rate":0,"timestamp":1557360493,"path_taken":["M","M","$","?","?","E","R","M","T","M","E","R","M","E","R","BOSS","M","?","M","$","?","R","?","?","T","$","M","M","M","?","R","BOSS"],"build_version":"2019-01-23","purchased_purges":1,"victory":false,"max_hp_per_floor":[68,68,68,68,73,73,73,73,73,73,73,73,73,73,73,73,73,73,73,73,73,36,36,36,36,36,36,36,36,36,36,36,36],"card_choices":[{"not_picked":["Genetic Algorithm","Lockon"],"picked":"Conserve Battery","floor":1},{"not_picked":["Barrage","Hologram"],"picked":"Reprogram","floor":2},{"not_picked":["Conserve Battery","All For One"],"picked":"Cold Snap","floor":6},{"not_picked":["Stack","Scrape"],"picked":"Double Energy","floor":8},{"not_picked":["Genetic Algorithm","Static Discharge"],"picked":"Go for the Eyes","floor":10},{"not_picked":["Conserve Battery","Go for the Eyes"],"picked":"Redo","floor":11},{"not_picked":["Redo","Cold Snap"],"picked":"Leap","floor":13},{"not_picked":["Sweeping Beam","Reboot"],"picked":"Darkness","floor":14},{"not_picked":["Creative AI","Machine Learning"],"picked":"Biased Cognition","floor":16},{"not_picked":["Compile Driver","Reinforced Body+1"],"picked":"Redo+1","floor":18},{"not_picked":["Lockon","Leap","Double Energy"],"picked":"SKIP","floor":20},{"not_picked":["Sweeping Beam","Glacier"],"picked":"Lockon+1","floor":28},{"not_picked":["Stack","Auto Shields"],"picked":"Barrage+1","floor":29},{"not_picked":["Steam Power","Rip and Tear"],"picked":"White Noise","floor":30},{"not_picked":["Reprogram+1","Leap"],"picked":"Doom and Gloom+1","floor":31}],"player_experience":223418,"relics_obtained":[{"floor":6,"key":"DataDisk"},{"floor":9,"key":"Blood Vial"},{"floor":11,"key":"Ginger"},{"floor":14,"key":"Bottled Lightning"},{"floor":19,"key":"Necronomicon"},{"floor":26,"key":"Letter Opener"}],"event_choices":[{"damage_healed":0,"gold_gain":0,"cards_transformed":["Defend_B"],"player_choice":"Change","damage_taken":0,"max_hp_gain":0,"max_hp_loss":0,"event_name":"Living Wall","floor":4,"gold_loss":0,"cards_obtained":["Glacier"]},{"damage_healed":0,"gold_gain":0,"player_choice":"Donut","damage_taken":0,"max_hp_gain":5,"max_hp_loss":0,"event_name":"Big Fish","floor":5,"gold_loss":0},{"damage_healed":0,"gold_gain":0,"player_choice":"Obtained Book","damage_taken":16,"max_hp_gain":0,"max_hp_loss":0,"event_name":"Cursed Tome","floor":19,"gold_loss":0},{"damage_healed":0,"gold_gain":0,"player_choice":"Became a Ghost","damage_taken":0,"max_hp_gain":0,"max_hp_loss":37,"event_name":"Ghosts","floor":22,"gold_loss":0,"cards_obtained":["Ghostly","Ghostly","Ghostly","Ghostly","Ghostly"]},{"damage_healed":0,"gold_gain":0,"player_choice":"Obtained Relic","damage_taken":0,"relics_obtained":["Bronze Scales"],"max_hp_gain":0,"max_hp_loss":0,"event_name":"Addict","floor":24,"gold_loss":85},{"damage_healed":0,"gold_gain":0,"player_choice":"Bet on Murderer","damage_taken":0,"max_hp_gain":0,"max_hp_loss":0,"event_name":"The Joust","floor":25,"gold_loss":50}],"is_beta":false,"boss_relics":[{"not_picked":["Astrolabe","Snecko Eye"],"picked":"Empty Cage"}],"items_purged_floors":[21],"is_endless":false,"potions_floor_spawned":[1,8,11,14,29,30],"killed_by":"Champ","ascension_level":4}