{"gold_per_floor":[144,189,234,279,229,69,159,159,214,214,259,159,159,204,204,504,504,549,594,639,639,684,684,5,5,30,120,120,165,210,255,255,555,555,600,645,45,90,135,0,45,45,45,90,180,280,325,370,370,370],"floor_reached":51,"playtime":2492,"items_purged":[],"score":882,"play_id":"cc805a5d-5dfa-4136-b7f5-da15fe623e2d","local_time":"25611118231755","daily_mods":["Specialized","Uncertain Future","Midas"],"is_ascension_mode":false,"campfire_choices":[{"floor":8.0,"key":"REST"},{"floor":10.0,"key":"REST"},{"floor":15.0,"key":"REST"},{"floor":23.0,"key":"REST"},{"floor":28.0,"key":"REST"},{"floor":32,"key":"REST"},{"floor":42,"key":"REST"},{"floor":49,"key":"REST"}],"neow_cost":"","seed_source_timestamp":0,"circlet_count":0,"master_deck":["Defend_G","Defend_G","Defend_G+1","Defend_G","Defend_G","Strike_G","Strike_G","Strike_G","Strike_G","Survivor+1","Neutralize","Corpse Explosion","Corpse Explosion","Corpse Explosion","Corpse Explosion","Corpse Explosion","Dagger Throw","Terror","Cloak And Dagger","Footwork","Backflip","Cloak And Dagger","Malaise","After Image","Deadly Poison+1","Poisoned Stab+1","Footwork","Noxious Fumes","Burst","Dash","Blur","Cloak And Dagger+1","Footwork","Tools of the Trade","Malaise","Cloak And Dagger+1","Flying Knee+1","Bullet Time","Skewer","Dodge and Roll","Dodge and Roll+1"],"special_seed":17853,"relics":["Ring of the Serpent","Pen Nib","Tiny Chest","Lizard Tail","Chemical X","Strawberry","Pantograph","Boot","Bag of Preparation","Lee\u0027s Waffle","Kunai","Oddly Smooth Stone","Red Mask","Bottled Lightning","Incense Burner"],"potions_floor_usage":[38,39,45,45,48,50],"damage_taken":[{"damage":0.0,"enemies":"Small Slimes","floor":1.0,"turns":3.0},{"damage":6.0,"enemies":"Jaw Worm","floor":2.0,"turns":3.0},{"damage":0.0,"enemies":"2 Louse","floor":3.0,"turns":2.0},{"damage":15.0,"enemies":"Exordium Thugs","floor":4.0,"turns":3.0},{"damage":7.0,"enemies":"3 Sentries","floor":7.0,"turns":8.0},{"damage":0.0,"enemies":"Gremlin Gang","floor":11.0,"turns":2.0},{"damage":1.0,"enemies":"Blue Slaver","floor":14.0,"turns":5.0},{"damage":30.0,"enemies":"The Guardian","floor":16.0,"turns":10.0},{"damage":15.0,"enemies":"Spheric Guardian","floor":18.0,"turns":7.0},{"damage":11.0,"enemies":"Shell Parasite","floor":19.0,"turns":7.0},{"damage":24.0,"enemies":"Snecko","floor":20.0,"turns":8.0},{"damage":1.0,"enemies":"Centurion and Healer","floor":22.0,"turns":7.0},{"damage":13.0,"enemies":"Slavers","floor":27.0,"turns":4.0},{"damage":6.0,"enemies":"Cultist and Chosen","floor":29.0,"turns":4.0},{"damage":30,"enemies":"Shelled Parasite and Fungi","floor":30,"turns":8},{"damage":0,"enemies":"Centurion and Healer","floor":31,"turns":8},{"damage":41,"enemies":"Automaton","floor":33,"turns":12},{"damage":24,"enemies":"3 Darklings","floor":35,"turns":6},{"damage":13,"enemies":"Orb Walker","floor":36,"turns":7},{"damage":52,"enemies":"Transient","floor":38,"turns":5},{"damage":16,"enemies":"Sphere and 2 Shapes","floor":39,"turns":7},{"damage":11,"enemies":"Maw","floor":41,"turns":12},{"damage":8,"enemies":"Transient","floor":44,"turns":5},{"damage":19,"enemies":"Giant Head","floor":45,"turns":12},{"damage":0,"enemies":"4 Shapes","floor":47,"turns":6},{"damage":2,"enemies":"Jaw Worm Horde","floor":48,"turns":3},{"damage":38,"enemies":"Donu and Deca","floor":50,"turns":10}],"seed_played":"-3488631435737580364","potions_obtained":[{"floor":1.0,"key":"Energy Potion"},{"floor":3.0,"key":"Dexterity Potion"},{"floor":7.0,"key":"GhostInAJar"},{"floor":14.0,"key":"Ancient Potion"},{"floor":20.0,"key":"Block Potion"},{"floor":22.0,"key":"GhostInAJar"},{"floor":27.0,"key":"Fire Potion"},{"floor":33,"key":"Ancient Potion"},{"floor":36,"key":"PowerPotion"},{"floor":38,"key":"SkillPotion"},{"floor":44,"key":"Explosive Potion"},{"floor":45,"key":"Block Potion"}],"is_trial":false,"path_per_floor":["M","M","M","M","?","$","E","R","T","R","M","$","?","M","R","B",null,"M","M","M","?","M","R","$","T","T","E","R","M","M","M","R","B",null,"M","M","$","M","M","?","M","R","T","M","E","?","M","M","R","B",null],"character_chosen":"THE_SILENT","items_purchased":["Footwork","Backflip","EssenceOfSteel","Fruit Juice","Noxious Fumes","Chemical X","Burst","Strawberry","Dash","Blur","Lee\u0027s Waffle","Kunai","Oddly Smooth Stone"],"campfire_rested":8,"item_purchase_floors":[6,6,6,12,24,24,24,24,24,24,37,37,37],"current_hp_per_floor":[70,64,64,49,49,49,42,63,63,70,70,70,56,55,70,45,75,60,49,25,25,24,46,53,53,53,40,64,58,28,28,52,36,82,58,45,89,37,21,21,10,36,36,28,9,9,9,7,33,20],"gold":370,"neow_bonus":"","is_prod":false,"is_daily":true,"chose_seed":false,"campfire_upgraded":0,"win_rate":0,"timestamp":1542557875,"path_taken":["M","M","M","M","?","?","E","R","T","R","M","$","?","M","R","BOSS","M","M","M","?","M","R","$","?","T","E","R","M","?","M","R","BOSS","M","M","$","M","M","?","M","R","T","M","E","?","?","M","R","BOSS"],"build_version":"2018-11-15","purchased_purges":0,"victory":true,"max_hp_per_floor":[70,70,70,70,70,70,70,70,70,70,70,70,70,70,70,75,75,75,75,75,75,75,75,82,82,82,82,82,82,82,82,82,82,82,82,82,89,89,89,89,89,89,89,89,89,89,89,89,89,89],"card_choices":[{"not_picked":["Slice","Masterful Stab"],"picked":"Dagger Throw","floor":1.0},{"not_picked":["Dagger Spray","Flying Knee","Quick Slash"],"picked":"SKIP","floor":2.0},{"not_picked":["Bane","Reflex"],"picked":"Terror","floor":3.0},{"not_picked":["Bouncing Flask","Prepared"],"picked":"Cloak And Dagger","floor":4.0},{"not_picked":["PiercingWail","Expertise"],"picked":"Cloak And Dagger","floor":7.0},{"not_picked":["Riddle With Holes","Outmaneuver"],"picked":"Malaise","floor":11.0},{"not_picked":["Heel Hook","Bane","Caltrops"],"picked":"SKIP","floor":14.0},{"not_picked":["Corpse Explosion","Malaise"],"picked":"After Image","floor":16.0},{"not_picked":["PiercingWail","Slice"],"picked":"Deadly Poison+1","floor":18.0},{"not_picked":["Riddle With Holes","Eviscerate","PiercingWail"],"picked":"SKIP","floor":19.0},{"not_picked":["Flying Knee","Dagger Throw+1"],"picked":"Poisoned Stab+1","floor":20.0},{"not_picked":["Prepared","Slice","Flying Knee+1"],"picked":"SKIP","floor":22.0},{"not_picked":["Prepared","Caltrops"],"picked":"Cloak And Dagger+1","floor":27.0},{"not_picked":["Choke","Setup+1"],"picked":"Footwork","floor":29.0},{"not_picked":["Blade Dance","Acrobatics+1"],"picked":"Tools of the Trade","floor":30},{"not_picked":["Deadly Poison","Quick Slash+1","Blade Dance+1"],"picked":"SKIP","floor":31},{"not_picked":["Venomology","Burst"],"picked":"Malaise","floor":33},{"not_picked":["Blade Dance","Dagger Throw"],"picked":"Cloak And Dagger+1","floor":35},{"not_picked":["Flying Knee","Outmaneuver","Backflip"],"picked":"SKIP","floor":36},{"not_picked":["Deflect","Backflip","Flying Knee+1"],"picked":"SKIP","floor":38},{"not_picked":["Prepared","Bane+1"],"picked":"Flying Knee+1","floor":39},{"not_picked":["Expertise+1","Acrobatics"],"picked":"Bullet Time","floor":41},{"not_picked":["Prepared","All Out Attack"],"picked":"Skewer","floor":44},{"not_picked":["Cloak And Dagger","Bouncing Flask"],"picked":"Dodge and Roll","floor":45},{"not_picked":["Expertise","Backstab+1","Heel Hook"],"picked":"SKIP","floor":47},{"not_picked":["Deadly Poison","Sucker Punch"],"picked":"Dodge and Roll+1","floor":48}],"player_experience":160649,"relics_obtained":[{"floor":7.0,"key":"Pen Nib"},{"floor":9.0,"key":"Tiny Chest"},{"floor":25.0,"key":"Pantograph"},{"floor":26.0,"key":"Boot"},{"floor":27.0,"key":"Bag of Preparation"},{"floor":43,"key":"Bottled Lightning"},{"floor":45,"key":"Incense Burner"}],"event_choices":[{"cards_removed":["Strike_G"],"damage_healed":0.0,"max_hp_gain":0.0,"max_hp_loss":0.0,"gold_gain":0.0,"event_name":"The Cleric","player_choice":"Card Removal","floor":5.0,"gold_loss":50.0,"damage_taken":0.0},{"damage_healed":0.0,"max_hp_gain":0.0,"max_hp_loss":0.0,"gold_gain":0.0,"event_name":"Shining Light","player_choice":"Entered Light","floor":13.0,"gold_loss":0.0,"damage_taken":14.0,"cards_upgraded":["Survivor","Defend_G"]},{"damage_healed":0.0,"max_hp_gain":0.0,"max_hp_loss":0.0,"gold_gain":0.0,"event_name":"Duplicator","player_choice":"Copied","floor":21.0,"gold_loss":0.0,"damage_taken":0.0,"cards_obtained":["Footwork"]},{"damage_healed":0,"gold_gain":0,"player_choice":"Paid","damage_taken":0,"relics_obtained":["Red Mask"],"max_hp_gain":0,"max_hp_loss":0,"event_name":"Tomb of Lord Red Mask","floor":40,"gold_loss":135},{"damage_healed":0,"gold_gain":100,"player_choice":"Pray","damage_taken":0,"max_hp_gain":0,"max_hp_loss":0,"event_name":"Golden Shrine","floor":46,"gold_loss":0}],"is_beta":false,"boss_relics":[{"not_picked":["WristBlade","Ectoplasm"],"picked":"Lizard Tail"},{"not_picked":["Tiny House","Coffee Dripper"],"picked":"Ring of the Serpent"}],"items_purged_floors":[],"is_endless":false,"potions_floor_spawned":[1,3,7,14,20,22,27,33,36,38,44,45],"ascension_level":0}