{"gold_per_floor":[118,186,205,205,224,224,252,269,295,324,127,127,127,140,140,214,214,228,241,241,90,107,107,138,138,138,164,184,184,184,209,209,209],"floor_reached":33,"playtime":1136,"items_purged":["Strike_R"],"score":548,"play_id":"74606b37-1813-4e0b-a718-05dc347eea73","local_time":"20190126175101","is_ascension_mode":true,"campfire_choices":[{"data":"Carnage","floor":6,"key":"SMITH"},{"data":"Metallicize","floor":12,"key":"SMITH"},{"data":"Twin Strike","floor":15,"key":"SMITH"},{"data":"Demon Form","floor":23,"key":"SMITH"},{"floor":25,"key":"REST"},{"data":"True Grit","floor":30,"key":"SMITH"},{"floor":32,"key":"REST"}],"neow_cost":"NONE","seed_source_timestamp":121501628042292,"circlet_count":0,"master_deck":["AscendersBane","Strike_R","Defend_R","Defend_R","Defend_R","Defend_R","Bash+1","Anger+1","Carnage+1","Power Through","Twin Strike+1","Iron Wave","Metallicize+1","Armaments+1","Demon Form+1","True Grit+1","Fiend Fire","Sword Boomerang","Wild Strike","Immolate"],"relics":["Burning Blood","Strawberry","Whetstone","Juzu Bracelet","Sozu","Potion Belt","Meat on the Bone","Omamori","Orichalcum"],"potions_floor_usage":[7,10,24,33],"damage_taken":[{"damage":4,"enemies":"Small Slimes","floor":1,"turns":4},{"damage":1,"enemies":"Cultist","floor":3,"turns":3},{"damage":7,"enemies":"Jaw Worm","floor":5,"turns":2},{"damage":20,"enemies":"Gremlin Nob","floor":7,"turns":4},{"damage":0,"enemies":"Large Slime","floor":8,"turns":4},{"damage":15,"enemies":"3 Sentries","floor":10,"turns":6},{"damage":0,"enemies":"Red Slaver","floor":14,"turns":4},{"damage":32,"enemies":"The Guardian","floor":16,"turns":12},{"damage":7,"enemies":"Shell Parasite","floor":18,"turns":5},{"damage":10,"enemies":"Chosen","floor":19,"turns":4},{"damage":11,"enemies":"Centurion and Healer","floor":22,"turns":7},{"damage":29,"enemies":"Book of Stabbing","floor":24,"turns":7},{"damage":32,"enemies":"Slavers","floor":27,"turns":8},{"damage":3,"enemies":"Chosen and Byrds","floor":28,"turns":5},{"damage":32,"enemies":"Book of Stabbing","floor":31,"turns":5},{"damage":70,"enemies":"Collector","floor":33,"turns":11}],"seed_played":"-2233219955892533887","potions_obtained":[{"floor":3,"key":"Block Potion"},{"floor":5,"key":"Block Potion"},{"floor":7,"key":"Swift Potion"},{"floor":14,"key":"EssenceOfSteel"}],"is_trial":false,"path_per_floor":["M","?","M","?","M","R","E","M","T","E","$","R","?","M","R","B",null,"M","M","?","$","M","R","E","R","T","E","M","?","R","E","R","B"],"character_chosen":"IRONCLAD","items_purchased":["Metallicize","Armaments","Fiend Fire"],"campfire_rested":2,"item_purchase_floors":[11,11,21],"current_hp_per_floor":[70,70,75,75,74,74,67,73,73,64,64,64,64,70,70,44,73,72,68,68,68,63,63,40,64,64,50,53,53,53,39,63,0],"gold":209,"neow_bonus":"THREE_CARDS","is_prod":false,"is_daily":false,"chose_seed":false,"campfire_upgraded":5,"win_rate":0,"timestamp":1548553861,"path_taken":["M","?","M","?","M","R","E","?","T","E","$","R","?","M","R","BOSS","M","M","?","$","M","R","E","R","T","E","M","?","R","E","R","BOSS"],"build_version":"2019-01-23","purchased_purges":1,"victory":false,"max_hp_per_floor":[75,75,75,75,75,75,82,82,82,82,82,82,82,82,82,82,82,82,82,82,82,82,82,82,82,82,82,82,82,82,82,82,82],"card_choices":[{"not_picked":["Cleave","Flex"],"picked":"Anger","floor":0},{"not_picked":["Anger","Sever Soul"],"picked":"Carnage","floor":1},{"not_picked":["Flex","Heavy Blade","Carnage"],"picked":"SKIP","floor":3},{"not_picked":["Perfected Strike","Clash","Searing Blow"],"picked":"SKIP","floor":5},{"not_picked":["Bludgeon","Pummel"],"picked":"Power Through","floor":7},{"not_picked":["Ghostly Armor","Havoc"],"picked":"Twin Strike","floor":8},{"not_picked":["Dropkick","Anger"],"picked":"Iron Wave","floor":10},{"not_picked":["Armaments","Wild Strike","Searing Blow"],"picked":"SKIP","floor":14},{"not_picked":["Barricade","Fiend Fire"],"picked":"Demon Form","floor":16},{"not_picked":["Twin Strike","Second Wind"],"picked":"True Grit","floor":18},{"not_picked":["Intimidate","Warcry","Blood for Blood"],"picked":"SKIP","floor":19},{"not_picked":["Clash","Perfected Strike","Body Slam"],"picked":"SKIP","floor":22},{"not_picked":["Flex","Sentinel","Sever Soul+1"],"picked":"SKIP","floor":24},{"not_picked":["Reckless Charge","Bludgeon","Anger"],"picked":"SKIP","floor":27},{"not_picked":["Carnage","Inflame","Thunderclap"],"picked":"SKIP","floor":28},{"not_picked":["Second Wind","Thunderclap"],"picked":"Immolate","floor":31}],"player_experience":2069896,"relics_obtained":[{"floor":7,"key":"Strawberry"},{"floor":9,"key":"Whetstone"},{"floor":10,"key":"Juzu Bracelet"},{"floor":24,"key":"Potion Belt"},{"floor":26,"key":"Meat on the Bone"},{"floor":27,"key":"Omamori"},{"floor":31,"key":"Orichalcum"}],"event_choices":[{"damage_healed":0,"gold_gain":68,"player_choice":"Gained Gold","damage_taken":0,"max_hp_gain":0,"max_hp_loss":0,"event_name":"Golden Wing","floor":2,"gold_loss":0},{"cards_removed":["Strike_R"],"damage_healed":0,"gold_gain":0,"player_choice":"Purged","damage_taken":0,"max_hp_gain":0,"max_hp_loss":0,"event_name":"Purifier","floor":4,"gold_loss":0},{"damage_healed":0,"gold_gain":0,"player_choice":"Forge","damage_taken":0,"max_hp_gain":0,"max_hp_loss":0,"event_name":"Accursed Blacksmith","floor":13,"gold_loss":0,"cards_upgraded":["Armaments"]},{"damage_healed":0,"gold_gain":0,"player_choice":"Ignored","damage_taken":0,"max_hp_gain":0,"max_hp_loss":0,"event_name":"The Mausoleum","floor":20,"gold_loss":0},{"damage_healed":0,"gold_gain":0,"cards_transformed":["Strike_R","Strike_R"],"player_choice":"Became Test Subject","damage_taken":0,"max_hp_gain":0,"max_hp_loss":0,"event_name":"Drug Dealer","floor":29,"gold_loss":0,"cards_obtained":["Sword Boomerang","Wild Strike"]}],"is_beta":false,"boss_relics":[{"not_picked":["Black Blood","Cursed Key"],"picked":"Sozu"}],"items_purged_floors":[11],"is_endless":false,"potions_floor_spawned":[3,5,7,14,16,22,31],"killed_by":"Collector","ascension_level":15}