{"gold_per_floor":[112,132,94,146,146,189,201,241,328,351,383,407,74,89,89,189,189,204,204,224,224,234,234,244,277,323,248,259,259,306,306,306,306],"floor_reached":33,"playtime":2140,"items_purged":[],"score":317,"play_id":"dcb524cc-37d4-460a-abe3-51bc040ba4b2","local_time":"20190327004248","is_ascension_mode":true,"campfire_choices":[{"data":"Inflame","floor":7,"key":"SMITH"},{"floor":15,"key":"REST"},{"floor":23,"key":"REST"},{"floor":32,"key":"REST"}],"neow_cost":"NONE","seed_source_timestamp":46066121108226,"circlet_count":0,"master_deck":["Strike_R+1","Strike_R+1","Strike_R+1","Strike_R+1","Strike_R+1","Defend_R+1","Defend_R+1","Defend_R+1","Defend_R+1","Bash","Twin Strike","Inflame+1","Whirlwind","Shockwave+1","Spot Weakness+1","Exhume+1","RitualDagger","Flame Barrier+1","Heavy Blade"],"relics":["Burning Blood","NeowsBlessing","MawBank","Orichalcum","Toxic Egg 2","Bronze Scales","Runic Pyramid","Bird Faced Urn","Juzu Bracelet","War Paint"],"potions_floor_usage":[11,25,31,33],"damage_taken":[{"damage":0,"enemies":"Cultist","floor":1,"turns":1},{"damage":0,"enemies":"Small Slimes","floor":2,"turns":1},{"damage":0,"enemies":"Lagavulin","floor":6,"turns":1},{"damage":18,"enemies":"3 Sentries","floor":8,"turns":8},{"damage":0,"enemies":"2 Louse","floor":10,"turns":3},{"damage":4,"enemies":"Large Slime","floor":11,"turns":5},{"damage":9,"enemies":"Looter","floor":12,"turns":3},{"damage":12,"enemies":"Exordium Thugs","floor":14,"turns":4},{"damage":24,"enemies":"Hexaghost","floor":16,"turns":5},{"damage":9,"enemies":"Shell Parasite","floor":18,"turns":5},{"damage":9,"enemies":"2 Thieves","floor":20,"turns":3},{"damage":19,"enemies":"3 Cultists","floor":22,"turns":6},{"damage":9,"enemies":"Snake Plant","floor":24,"turns":3},{"damage":29,"enemies":"Slavers","floor":25,"turns":5},{"damage":8,"enemies":"Cultist and Chosen","floor":28,"turns":5},{"damage":19,"enemies":"Colosseum Slavers","floor":31,"turns":2},{"damage":100,"enemies":"Champ","floor":33,"turns":10}],"seed_played":"4398556008522450116","potions_obtained":[{"floor":8,"key":"FearPotion"},{"floor":10,"key":"Explosive Potion"},{"floor":11,"key":"SpeedPotion"},{"floor":12,"key":"BloodPotion"},{"floor":14,"key":"LiquidBronze"},{"floor":24,"key":"Fruit Juice"}],"is_trial":false,"path_per_floor":["M","M","$","?","?","E","R","E","T","M","M","M","$","M","R","B",null,"M","?","M","$","M","R","M","E","T","?","M","?","T","?","R","B"],"character_chosen":"IRONCLAD","items_purchased":["Inflame","Metamorphosis+1","Bronze Scales"],"campfire_rested":3,"item_purchase_floors":[3,13,13],"current_hp_per_floor":[80,80,80,80,80,80,80,68,68,74,76,73,73,67,80,62,80,77,71,68,68,55,79,76,58,58,58,58,58,58,55,80,0],"gold":306,"neow_bonus":"THREE_ENEMY_KILL","is_prod":false,"is_daily":false,"chose_seed":false,"campfire_upgraded":1,"win_rate":0,"timestamp":1553647368,"path_taken":["M","M","$","?","?","E","R","E","T","M","?","M","$","M","R","BOSS","M","?","M","$","M","R","M","E","T","?","M","?","?","?","R","BOSS"],"build_version":"2019-01-23","purchased_purges":0,"victory":false,"max_hp_per_floor":[80,80,80,80,80,80,80,80,80,80,80,80,80,80,80,80,80,80,80,80,80,80,80,80,85,85,85,85,85,85,85,85,85],"card_choices":[{"not_picked":["Warcry","Sword Boomerang"],"picked":"Clash","floor":1},{"not_picked":["Havoc","Flex"],"picked":"Twin Strike","floor":2},{"not_picked":["Rupture","Havoc","Shrug It Off"],"picked":"SKIP","floor":6},{"not_picked":["Power Through","Warcry","Pommel Strike"],"picked":"SKIP","floor":8},{"not_picked":["Clash","Thunderclap"],"picked":"Whirlwind","floor":10},{"not_picked":["Twin Strike","Carnage"],"picked":"Shockwave+1","floor":11},{"not_picked":["Seeing Red+1","Reckless Charge"],"picked":"Spot Weakness+1","floor":12},{"not_picked":["Pummel","Dual Wield+1","Whirlwind"],"picked":"SKIP","floor":14},{"not_picked":["Juggernaut","Impervious+1"],"picked":"Exhume+1","floor":16},{"not_picked":["Burning Pact+1","Pommel Strike","Metallicize"],"picked":"SKIP","floor":18},{"not_picked":["Shockwave+1","Flex+1"],"picked":"Flame Barrier+1","floor":20},{"not_picked":["Thunderclap","Combust+1","Pommel Strike+1"],"picked":"SKIP","floor":22},{"not_picked":["Twin Strike","Fire Breathing"],"picked":"Heavy Blade","floor":24},{"not_picked":["Whirlwind+1","Flame Barrier+1","Warcry+1"],"picked":"SKIP","floor":25},{"not_picked":["Exhume+1","Ghostly Armor+1","Perfected Strike"],"picked":"SKIP","floor":28}],"player_experience":427018,"relics_obtained":[{"floor":6,"key":"Orichalcum"},{"floor":9,"key":"Toxic Egg 2"},{"floor":25,"key":"Bird Faced Urn"},{"floor":26,"key":"Juzu Bracelet"},{"floor":30,"key":"War Paint"}],"event_choices":[{"damage_healed":0,"gold_gain":52,"player_choice":"Gained Gold","damage_taken":0,"max_hp_gain":0,"max_hp_loss":0,"event_name":"Golden Wing","floor":4,"gold_loss":0},{"cards_removed":["Clash"],"damage_healed":0,"gold_gain":0,"player_choice":"Gave Card","damage_taken":0,"relics_obtained":["MawBank"],"max_hp_gain":0,"max_hp_loss":0,"event_name":"WeMeetAgain","floor":5,"gold_loss":0},{"damage_healed":0,"gold_gain":0,"player_choice":"Joined the Cult","damage_taken":6,"max_hp_gain":0,"max_hp_loss":0,"event_name":"Nest","floor":19,"gold_loss":0,"cards_obtained":["RitualDagger"]},{"cards_removed":["Metamorphosis"],"damage_healed":0,"gold_gain":0,"player_choice":"Gave Gold","damage_taken":0,"max_hp_gain":0,"max_hp_loss":0,"event_name":"Beggar","floor":27,"gold_loss":75},{"damage_healed":0,"gold_gain":0,"player_choice":"Simplicity","damage_taken":0,"max_hp_gain":0,"max_hp_loss":0,"event_name":"Back to Basics","floor":29,"gold_loss":0,"cards_upgraded":["Strike_R","Strike_R","Strike_R","Strike_R","Strike_R","Defend_R","Defend_R","Defend_R","Defend_R"]},{"damage_healed":0,"gold_gain":0,"player_choice":"Fight","damage_taken":0,"max_hp_gain":0,"max_hp_loss":0,"event_name":"Colosseum","floor":31,"gold_loss":0},{"damage_healed":0,"gold_gain":0,"player_choice":"Fled From Nobs","damage_taken":0,"max_hp_gain":0,"max_hp_loss":0,"event_name":"Colosseum","floor":31,"gold_loss":0}],"is_beta":false,"boss_relics":[{"not_picked":["Snecko Eye","Black Star"],"picked":"Runic Pyramid"}],"items_purged_floors":[],"is_endless":false,"potions_floor_spawned":[8,10,11,12,14,16,22,24,31],"killed_by":"Champ","ascension_level":1}