{"gold_per_floor":[116,191,5,5,60,60,25,71,98,128,179,179,249,307,307,378,378,415,475,475,32,207,317,317,346,358,424,486,498,510,606,618,732,744,797,377,377,418,67,97,97,148,148,208,208,208,208,260,260,310,310,310,310,8,62,62],"floor_reached":57,"playtime":3488,"items_purged":["Strike_B","Decay","Strike_B+1","Injury"],"score":3812,"play_id":"e934683a-67ea-4871-8e13-551e55fe722a","local_time":"20190102172918","is_ascension_mode":true,"campfire_choices":[{"floor":6.0,"key":"REST"},{"data":"HandOfGreed","floor":12.0,"key":"SMITH"},{"data":"Barrage","floor":15.0,"key":"SMITH"},{"data":"Loop","floor":24.0,"key":"SMITH"},{"data":"Consume","floor":32.0,"key":"SMITH"},{"data":"Fission","floor":41.0,"key":"SMITH"},{"floor":49,"key":"RECALL"},{"data":"Discovery","floor":53,"key":"SMITH"}],"neow_cost":"NONE","seed_source_timestamp":0,"circlet_count":0,"master_deck":["AscendersBane","Defend_B","Defend_B","Defend_B","Defend_B","Zap","Dualcast","Glacier","HandOfGreed+1","Ball Lightning+1","Capacitor","Self Repair","Coolheaded","Barrage+1","Seek","Heatsinks+1","BootSequence+1","Turbo","Force Field","Hologram","Loop+1","Amplify","Consume+1","Necronomicurse","White Noise","Fission+1","Storm","Discovery+1"],"special_seed":0,"relics":["Black Star","Ice Cream","PreservedInsect","Boot","Bag of Marbles","Vajra","Smiling Mask","Pocketwatch","Juzu Bracelet","Cursed Key","Lee\u0027s Waffle","Blood Vial","Nunchaku","Singing Bowl","Du-Vu Doll","Darkstone Periapt","MawBank","Sundial","Matryoshka","Oddly Smooth Stone","Necronomicon","Bird Faced Urn","Whetstone","Sozu","Membership Card","DataDisk","Lantern","Gambling Chip","Pantograph","Happy Flower","Dead Branch","Cables","Question Card","Ancient Tea Set","Molten Egg 2","Pen Nib","Art of War","Toxic Egg 2","Bottled Tornado","Bottled Lightning","Chemical X","Orichalcum","Bronze Scales"],"potions_floor_usage":[],"damage_taken":[{"damage":7.0,"enemies":"Cultist","floor":1.0,"turns":4.0},{"damage":8.0,"enemies":"Small Slimes","floor":5.0,"turns":4.0},{"damage":18.0,"enemies":"3 Sentries","floor":8.0,"turns":8.0},{"damage":8.0,"enemies":"Gremlin Nob","floor":10.0,"turns":3.0},{"damage":2.0,"enemies":"2 Louse","floor":11.0,"turns":4.0},{"damage":15.0,"enemies":"Exordium Wildlife","floor":13.0,"turns":5.0},{"damage":4.0,"enemies":"Lagavulin","floor":14.0,"turns":6.0},{"damage":0.0,"enemies":"Hexaghost","floor":16.0,"turns":11.0},{"damage":4.0,"enemies":"Shell Parasite","floor":18.0,"turns":6.0},{"damage":26.0,"enemies":"2 Thieves","floor":19.0,"turns":5.0},{"damage":1.0,"enemies":"Colosseum Slavers","floor":22.0,"turns":7.0},{"damage":12.0,"enemies":"Colosseum Nobs","floor":22.0,"turns":5.0},{"damage":0.0,"enemies":"Slavers","floor":23.0,"turns":6.0},{"damage":11.0,"enemies":"Book of Stabbing","floor":25.0,"turns":4.0},{"damage":51.0,"enemies":"Gremlin Leader","floor":27.0,"turns":8.0},{"damage":2.0,"enemies":"Slavers","floor":31.0,"turns":5.0},{"damage":0.0,"enemies":"Collector","floor":33.0,"turns":11.0},{"damage":0.0,"enemies":"Orb Walker","floor":35.0,"turns":2.0},{"damage":0.0,"enemies":"3 Darklings","floor":38.0,"turns":5.0},{"damage":0.0,"enemies":"Reptomancer","floor":40.0,"turns":6.0},{"damage":0.0,"enemies":"Nemesis","floor":42.0,"turns":6.0},{"damage":0.0,"enemies":"Reptomancer","floor":44.0,"turns":2.0},{"damage":0.0,"enemies":"Giant Head","floor":48.0,"turns":3.0},{"damage":0,"enemies":"Donu and Deca","floor":50,"turns":15},{"damage":2,"enemies":"Time Eater","floor":51,"turns":11},{"damage":0,"enemies":"Shield and Spear","floor":55,"turns":2},{"damage":7,"enemies":"The Heart","floor":56,"turns":7}],"seed_played":"1527998466684928435","potions_obtained":[{"floor":5.0,"key":"SpeedPotion"},{"floor":11.0,"key":"FocusPotion"},{"floor":18.0,"key":"FearPotion"},{"floor":23.0,"key":"Energy Potion"},{"floor":31.0,"key":"GamblersBrew"},{"floor":33.0,"key":"Ancient Potion"}],"is_trial":false,"path_per_floor":["M","?","$","?","M","R","?","E","T","E","M","R","M","E","R","B",null,"M","M","?","$","?","E","R","E","T","E","?","?","?","E","R","B",null,"M","$","?","M","$","E","R","E","T","E","?","?","?","E","R","B","B",null,"R","$","E","B",null],"character_chosen":"DEFECT","items_purchased":["HandOfGreed","Lee\u0027s Waffle","Blood Vial","Membership Card","DataDisk","Lantern","Gambling Chip","Pantograph","Bottled Lightning","Chemical X"],"campfire_rested":1,"item_purchase_floors":[3,21,21,36,36,36,39,39,54,54],"current_hp_per_floor":[57,46,46,28,20,41,58,40,40,32,30,30,22,25,25,32,61,64,45,45,78,73,78,78,74,80,45,37,37,22,22,22,52,81,92,92,92,94,94,96,96,96,102,104,104,99,93,105,105,105,105,105,105,105,107,107],"gold":62,"neow_bonus":"BOSS_RELIC","is_prod":false,"is_daily":false,"chose_seed":false,"campfire_upgraded":6,"win_rate":0,"timestamp":1546421358,"path_taken":["M","?","$","?","M","R","?","E","T","E","M","R","M","E","R","BOSS","M","M","?","$","?","E","R","E","T","E","?","?","?","E","R","BOSS","M","$","?","M","$","E","R","E","T","E","?","?","?","E","R","BOSS","BOSS","R","$","E","BOSS"],"build_version":"2019-01-01v2","purchased_purges":4,"victory":true,"max_hp_per_floor":[71,71,71,71,71,71,71,71,71,71,71,71,71,71,71,71,71,71,71,71,78,78,78,78,78,84,84,84,84,90,90,90,90,90,92,92,92,94,94,96,96,96,102,104,104,99,103,105,105,105,105,105,105,105,107,107],"card_choices":[{"not_picked":["Stack","Compile Driver"],"picked":"Glacier","floor":1.0},{"not_picked":["Streamline","Tempest"],"picked":"Ball Lightning","floor":5.0},{"not_picked":["Skim","Rebound"],"picked":"Capacitor","floor":8.0},{"not_picked":["Hyperbeam","Leap","Ball Lightning"],"picked":"SKIP","floor":10.0},{"not_picked":["Melter","Skim"],"picked":"Self Repair","floor":11.0},{"not_picked":["Turbo","Steam"],"picked":"Coolheaded","floor":13.0},{"not_picked":["Sweeping Beam","Ball Lightning","Barrage"],"picked":"SKIP","floor":14.0},{"not_picked":["Sweeping Beam","Ball Lightning"],"picked":"Barrage","floor":14.0},{"not_picked":["All For One","Amplify"],"picked":"Seek","floor":16.0},{"not_picked":["Go for the Eyes","Recycle"],"picked":"Heatsinks+1","floor":18.0},{"not_picked":["Steam+1","Conserve Battery"],"picked":"BootSequence+1","floor":19.0},{"not_picked":["Chill","Gash"],"picked":"Hologram","floor":22.0},{"not_picked":["Glacier","Hello World"],"picked":"Loop","floor":23.0},{"not_picked":["Barrage","Beam Cell"],"picked":"Amplify","floor":25.0},{"not_picked":["Skim","Darkness"],"picked":"Consume","floor":27.0},{"not_picked":["Fusion","Rebound"],"picked":"White Noise","floor":31.0},{"not_picked":["Hyperbeam","Multi-Cast"],"picked":"Fission","floor":33.0},{"not_picked":["Redo","Melter+1","Beam Cell+1"],"picked":"Singing Bowl","floor":35.0},{"not_picked":["Streamline","Sweeping Beam","Static Discharge"],"picked":"Singing Bowl","floor":38.0},{"not_picked":["Static Discharge","Sweeping Beam","Skim"],"picked":"Singing Bowl","floor":40.0},{"not_picked":["BootSequence+1","Hologram"],"picked":"Storm","floor":42.0},{"not_picked":["Ball Lightning+1","Conserve Battery+1","Beam Cell+1","Fusion"],"picked":"Singing Bowl","floor":44.0},{"not_picked":["Panache","Flash of Steel+1","PanicButton"],"picked":"Discovery","floor":47.0},{"not_picked":["Forethought","Madness","Purity","Good Instincts"],"picked":"Singing Bowl","floor":47.0},{"not_picked":["Good Instincts","Purity","Swift Strike+1","Mayhem"],"picked":"Singing Bowl","floor":47.0},{"not_picked":["Sweeping Beam+1","Biased Cognition","Static Discharge+1","Leap"],"picked":"Singing Bowl","floor":48.0},{"not_picked":["Beam Cell+1","Sweeping Beam+1","Gash+1","Streamline+1"],"picked":"Singing Bowl","floor":55}],"player_experience":1227355,"relics_obtained":[{"floor":8.0,"key":"PreservedInsect"},{"floor":8.0,"key":"Boot"},{"floor":9.0,"key":"Bag of Marbles"},{"floor":10.0,"key":"Vajra"},{"floor":10.0,"key":"Smiling Mask"},{"floor":14.0,"key":"Pocketwatch"},{"floor":14.0,"key":"Juzu Bracelet"},{"floor":22.0,"key":"Nunchaku"},{"floor":22.0,"key":"Singing Bowl"},{"floor":23.0,"key":"Du-Vu Doll"},{"floor":23.0,"key":"Darkstone Periapt"},{"floor":25.0,"key":"MawBank"},{"floor":25.0,"key":"Sundial"},{"floor":27.0,"key":"Matryoshka"},{"floor":27.0,"key":"Oddly Smooth Stone"},{"floor":30.0,"key":"Necronomicon"},{"floor":31.0,"key":"Bird Faced Urn"},{"floor":31.0,"key":"Whetstone"},{"floor":40.0,"key":"Happy Flower"},{"floor":40.0,"key":"Dead Branch"},{"floor":42.0,"key":"Cables"},{"floor":42.0,"key":"Question Card"},{"floor":43.0,"key":"Ancient Tea Set"},{"floor":43.0,"key":"Molten Egg 2"},{"floor":44.0,"key":"Pen Nib"},{"floor":44.0,"key":"Art of War"},{"floor":48.0,"key":"Toxic Egg 2"},{"floor":48.0,"key":"Bottled Tornado"},{"floor":55,"key":"Orichalcum"},{"floor":55,"key":"Bronze Scales"}],"event_choices":[{"damage_healed":0.0,"max_hp_gain":0.0,"max_hp_loss":0.0,"gold_gain":75.0,"event_name":"World of Goop","player_choice":"Gather Gold","floor":2.0,"gold_loss":0.0,"damage_taken":11.0},{"damage_healed":0.0,"max_hp_gain":0.0,"max_hp_loss":0.0,"gold_gain":0.0,"event_name":"Scrap Ooze","player_choice":"Success","floor":4.0,"gold_loss":0.0,"damage_taken":18.0,"relics_obtained":["Ice Cream"]},{"damage_healed":17.0,"max_hp_gain":0.0,"max_hp_loss":0.0,"gold_gain":0.0,"event_name":"The Cleric","player_choice":"Healed","floor":7.0,"gold_loss":35.0,"damage_taken":0.0},{"damage_healed":0.0,"max_hp_gain":0.0,"max_hp_loss":0.0,"gold_gain":0.0,"cards_transformed":["Strike_B","Strike_B"],"event_name":"Drug Dealer","player_choice":"Became Test Subject","floor":20.0,"gold_loss":0.0,"damage_taken":0.0,"cards_obtained":["Turbo","Force Field"]},{"damage_healed":0.0,"max_hp_gain":0.0,"max_hp_loss":0.0,"gold_gain":0.0,"event_name":"Colosseum","player_choice":"Fight","floor":22.0,"gold_loss":0.0,"damage_taken":0.0},{"damage_healed":0.0,"max_hp_gain":0.0,"max_hp_loss":0.0,"gold_gain":0.0,"event_name":"Colosseum","player_choice":"Fought Nobs","floor":22.0,"gold_loss":0.0,"damage_taken":0.0},{"damage_healed":0.0,"max_hp_gain":0.0,"max_hp_loss":0.0,"gold_gain":50.0,"event_name":"FaceTrader","player_choice":"Touch","floor":28.0,"gold_loss":0.0,"damage_taken":8.0},{"damage_healed":0.0,"max_hp_gain":0.0,"max_hp_loss":0.0,"gold_gain":0.0,"event_name":"Vampires","player_choice":"Ignored","floor":29.0,"gold_loss":0.0,"damage_taken":0.0},{"damage_healed":0.0,"max_hp_gain":0.0,"max_hp_loss":0.0,"gold_gain":0.0,"event_name":"Cursed Tome","player_choice":"Obtained Book","floor":30.0,"gold_loss":0.0,"damage_taken":21.0},{"damage_healed":0.0,"max_hp_gain":0.0,"max_hp_loss":0.0,"gold_gain":0.0,"event_name":"Tomb of Lord Red Mask","player_choice":"Ignored","floor":37.0,"gold_loss":0.0,"damage_taken":0.0},{"damage_healed":0.0,"max_hp_gain":0.0,"max_hp_loss":0.0,"gold_gain":0.0,"event_name":"Lab","player_choice":"Got Potions","floor":45.0,"gold_loss":0.0,"damage_taken":0.0},{"damage_healed":0.0,"max_hp_gain":0.0,"max_hp_loss":5.0,"gold_gain":0.0,"event_name":"Winding Halls","player_choice":"Max HP","floor":46.0,"gold_loss":0.0,"damage_taken":0.0},{"damage_healed":0.0,"max_hp_gain":0.0,"max_hp_loss":0.0,"gold_gain":0.0,"event_name":"SensoryStone","player_choice":"Memory 3","floor":47.0,"gold_loss":0.0,"damage_taken":10.0}],"is_beta":true,"boss_relics":[{"not_picked":["Lizard Tail","Velvet Choker"],"picked":"Cursed Key"},{"not_picked":["Eternal Feather","Empty Cage"],"picked":"Sozu"}],"items_purged_floors":[21,36,39,54],"is_endless":false,"potions_floor_spawned":[5,11,13,18,23,31,33,35,48,55],"ascension_level":20}