{"gold_per_floor":[113,63,73,86,106,138,138,159,159,159,159,178,209,229,229,229],"floor_reached":16,"playtime":952,"items_purged":[],"score":120,"play_id":"30af739e-d5f9-48ba-acb9-445750c1ce9e","local_time":"20190325205406","is_ascension_mode":true,"campfire_choices":[{"floor":11,"key":"RECALL"},{"data":"Flex","floor":15,"key":"SMITH"}],"neow_cost":"NONE","seed_source_timestamp":908422007495100,"circlet_count":0,"master_deck":["Strike_R","Strike_R","Strike_R","Strike_R","Strike_R","Defend_R","Defend_R","Defend_R","Defend_R","Bash+1","Heavy Blade+1","Flex+1","Battle Trance","Twin Strike","Double Tap","Seeing Red","Parasite","Battle Trance"],"relics":["Burning Blood","Ancient Tea Set","Whetstone","Golden Idol","Gambling Chip"],"potions_floor_usage":[6,13,16],"damage_taken":[{"damage":4,"enemies":"2 Louse","floor":1,"turns":3},{"damage":1,"enemies":"Cultist","floor":3,"turns":3},{"damage":6,"enemies":"Jaw Worm","floor":4,"turns":2},{"damage":9,"enemies":"2 Fungi Beasts","floor":5,"turns":4},{"damage":16,"enemies":"Gremlin Nob","floor":6,"turns":3},{"damage":6,"enemies":"3 Louse","floor":8,"turns":3},{"damage":8,"enemies":"Lots of Slimes","floor":12,"turns":4},{"damage":26,"enemies":"Lagavulin","floor":13,"turns":5},{"damage":2,"enemies":"Blue Slaver","floor":14,"turns":2},{"damage":50,"enemies":"Hexaghost","floor":16,"turns":9}],"seed_played":"-6890754994852713409","potions_obtained":[{"floor":4,"key":"Fire Potion"},{"floor":6,"key":"Poison Potion"},{"floor":13,"key":"SkillPotion"}],"is_trial":false,"path_per_floor":["M","$","M","M","M","E","?","M","T","?","R","M","E","M","R","B"],"character_chosen":"IRONCLAD","items_purchased":["Flex"],"campfire_rested":0,"item_purchase_floors":[2],"current_hp_per_floor":[80,80,80,80,77,67,47,47,47,67,67,65,45,49,49,0],"gold":229,"neow_bonus":"RANDOM_COMMON_RELIC","is_prod":false,"is_daily":false,"chose_seed":false,"campfire_upgraded":1,"win_rate":0,"timestamp":1553540046,"path_taken":["M","$","M","M","M","E","?","M","T","?","R","M","E","M","R","BOSS"],"build_version":"2019-01-23","purchased_purges":0,"victory":false,"max_hp_per_floor":[80,80,80,80,80,80,80,80,80,80,80,80,80,80,80,80],"card_choices":[{"not_picked":["Twin Strike","Anger"],"picked":"Heavy Blade","floor":1},{"not_picked":["Warcry","Body Slam"],"picked":"Battle Trance","floor":3},{"not_picked":["Body Slam","True Grit"],"picked":"Twin Strike","floor":4},{"not_picked":["Uppercut","Blood for Blood","True Grit"],"picked":"SKIP","floor":5},{"not_picked":["Fire Breathing","Sentinel"],"picked":"Double Tap","floor":6},{"not_picked":["Body Slam","Iron Wave"],"picked":"Seeing Red","floor":8},{"not_picked":["Thunderclap","Reckless Charge","Pommel Strike"],"picked":"SKIP","floor":12},{"not_picked":["Disarm","Dark Embrace"],"picked":"Battle Trance","floor":13},{"not_picked":["Blood for Blood","Uppercut","Dual Wield"],"picked":"SKIP","floor":14}],"player_experience":94539,"relics_obtained":[{"floor":6,"key":"Whetstone"},{"floor":13,"key":"Gambling Chip"}],"event_choices":[{"damage_healed":0,"gold_gain":0,"player_choice":"Take Damage","damage_taken":20,"relics_obtained":["Golden Idol"],"max_hp_gain":0,"max_hp_loss":0,"event_name":"Golden Idol","floor":7,"gold_loss":0},{"damage_healed":20,"gold_gain":0,"player_choice":"Healed and dodged fight","damage_taken":0,"max_hp_gain":0,"max_hp_loss":0,"event_name":"Mushrooms","floor":10,"gold_loss":0,"cards_obtained":["Parasite"]}],"is_beta":false,"boss_relics":[],"items_purged_floors":[],"is_endless":false,"potions_floor_spawned":[4,6,13],"killed_by":"Hexaghost","ascension_level":1}