{"gold_per_floor":[111,111,131,142,152,182,201,201],"floor_reached":8,"playtime":864,"items_purged":[],"score":60,"play_id":"dc579fbb-e354-48fa-8894-9774f8e99a8a","local_time":"20181002165009","is_ascension_mode":false,"campfire_choices":[],"neow_cost":"","seed_source_timestamp":1366565102498032,"circlet_count":0,"master_deck":["Defend_G","Defend_G","Defend_G","Defend_G","Defend_G","Strike_G","Strike_G","Strike_G","Strike_G","Survivor","Neutralize","Deadly Poison","Quick Slash","Noxious Fumes","Sucker Punch","Bouncing Flask","Poisoned Stab"],"relics":["Ring of the Snake","Calipers"],"potions_floor_usage":[6,8],"damage_taken":[{"damage":0,"enemies":"2 Louse","floor":1,"turns":2},{"damage":2,"enemies":"Small Slimes","floor":3,"turns":5},{"damage":0,"enemies":"Jaw Worm","floor":4,"turns":4},{"damage":2,"enemies":"Large Slime","floor":5,"turns":5},{"damage":35,"enemies":"Gremlin Nob","floor":6,"turns":5},{"damage":4,"enemies":"Exordium Wildlife","floor":7,"turns":4},{"damage":21,"enemies":"3 Sentries","floor":8,"turns":4}],"seed_played":"-4970035814723793871","potions_obtained":[{"floor":4,"key":"Explosive Potion"},{"floor":7,"key":"Energy Potion"}],"is_trial":false,"path_per_floor":["M","?","M","M","M","E","M"],"character_chosen":"THE_SILENT","items_purchased":[],"campfire_rested":0,"item_purchase_floors":[],"current_hp_per_floor":[70,63,61,61,59,24,20,0],"gold":201,"neow_bonus":"","is_prod":false,"is_daily":false,"chose_seed":false,"campfire_upgraded":0,"win_rate":0.0,"timestamp":1538491809,"path_taken":["M","?","M","M","M","E","M","E"],"build_version":"2018-09-27","purchased_purges":0,"victory":false,"max_hp_per_floor":[70,70,70,70,70,70,70,70],"card_choices":[{"not_picked":["Finisher","Calculated Gamble"],"picked":"Deadly Poison","floor":1},{"not_picked":["Dodge and Roll","Underhanded Strike"],"picked":"Quick Slash","floor":3},{"not_picked":["Underhanded Strike","Wraith Form v2"],"picked":"Noxious Fumes","floor":4},{"not_picked":["Quick Slash","Prepared"],"picked":"Sucker Punch","floor":5},{"not_picked":["Acrobatics","Dagger Spray"],"picked":"Bouncing Flask","floor":6},{"not_picked":["Blade Dance","Night Terror"],"picked":"Poisoned Stab","floor":7}],"player_experience":19538,"relics_obtained":[{"floor":6,"key":"Calipers"}],"event_choices":[{"event_name":"Golden Wing","player_choice":"Card Removal","floor":2,"damage_taken":0}],"is_beta":false,"boss_relics":[],"items_purged_floors":[],"is_endless":false,"potions_floor_spawned":[4,7],"killed_by":"3 Sentries","ascension_level":0}