{"gold_per_floor":[118,134,146,165,183,213,213,213,213,230,244,14,32,42,42,139,139,150,160,179,199,212,243,243,243,243,256,270,290,290,18,18,18],"floor_reached":33,"playtime":3109,"items_purged":["Strike_R","Strike_R"],"score":279,"play_id":"a214f76a-0ebf-4e14-8138-06e1f8498863","local_time":"20190503191543","is_ascension_mode":false,"campfire_choices":[{"data":"Demon Form","floor":7,"key":"SMITH"},{"data":"Fire Breathing","floor":15,"key":"SMITH"},{"data":"Corruption","floor":24,"key":"SMITH"},{"data":"Combust","floor":30,"key":"SMITH"},{"data":"Chrysalis","floor":32,"key":"SMITH"}],"neow_cost":"NONE","seed_source_timestamp":1209006460050082,"circlet_count":0,"master_deck":["Strike_R","Strike_R","Strike_R","Defend_R","Defend_R","Defend_R","Bash","Power Through","Dropkick","Body Slam","Seeing Red","Demon Form+1","Iron Wave","Dropkick","Shrug It Off","Blood for Blood+1","Dropkick","Fire Breathing+1","Warcry","Sever Soul","Anger","Reaper","Spot Weakness","Warcry","Combust+1","Sever Soul+1","Corruption+1","Limit Break","Blood for Blood+1","Uppercut","Sever Soul","Chrysalis+1"],"relics":["Burning Blood","Red Skull","Kunai","Bird Faced Urn","Coffee Dripper","Question Card","Omamori"],"potions_floor_usage":[],"damage_taken":[{"damage":6,"enemies":"Cultist","floor":1,"turns":4},{"damage":0,"enemies":"Small Slimes","floor":2,"turns":3},{"damage":6,"enemies":"Jaw Worm","floor":3,"turns":3},{"damage":9,"enemies":"Blue Slaver","floor":4,"turns":4},{"damage":11,"enemies":"Lots of Slimes","floor":5,"turns":6},{"damage":10,"enemies":"Gremlin Nob","floor":6,"turns":4},{"damage":10,"enemies":"3 Louse","floor":10,"turns":3},{"damage":0,"enemies":"Blue Slaver","floor":11,"turns":3},{"damage":9,"enemies":"Large Slime","floor":13,"turns":5},{"damage":8,"enemies":"2 Fungi Beasts","floor":14,"turns":4},{"damage":39,"enemies":"Hexaghost","floor":16,"turns":6},{"damage":10,"enemies":"Chosen","floor":18,"turns":3},{"damage":10,"enemies":"3 Byrds","floor":19,"turns":4},{"damage":37,"enemies":"3 Cultists","floor":20,"turns":6},{"damage":6,"enemies":"Snecko","floor":21,"turns":5},{"damage":40,"enemies":"Snake Plant","floor":22,"turns":5},{"damage":31,"enemies":"Gremlin Leader","floor":23,"turns":5},{"damage":17,"enemies":"Shelled Parasite and Fungi","floor":27,"turns":3},{"damage":10,"enemies":"Cultist and Chosen","floor":28,"turns":4},{"damage":39,"enemies":"3 Cultists","floor":29,"turns":5},{"damage":59,"enemies":"Champ","floor":33,"turns":8}],"seed_played":"2022468806089130812","potions_obtained":[{"floor":2,"key":"Explosive Potion"},{"floor":4,"key":"SpeedPotion"},{"floor":13,"key":"Strength Potion"},{"floor":14,"key":"SneckoOil"},{"floor":16,"key":"AttackPotion"},{"floor":21,"key":"PowerPotion"}],"is_trial":false,"path_per_floor":["M","M","M","M","M","E","R","T","T","M","M","$","M","M","R","B",null,"M","M","M","M","M","E","R","?","T","M","M","M","R","$","R","B"],"character_chosen":"IRONCLAD","items_purchased":["Dropkick","Fire Breathing","Warcry","Chrysalis"],"campfire_rested":0,"item_purchase_floors":[12,12,12,31],"current_hp_per_floor":[80,80,80,77,72,68,68,68,68,64,70,70,69,69,69,40,80,78,76,69,75,45,31,31,31,31,20,32,39,39,39,39,0],"gold":18,"neow_bonus":"TRANSFORM_CARD","is_prod":false,"is_daily":false,"chose_seed":false,"campfire_upgraded":5,"win_rate":0.0,"timestamp":1556903743,"path_taken":["M","M","M","M","M","E","R","?","T","M","M","$","M","?","R","BOSS","M","M","?","M","M","E","R","?","T","?","M","M","R","$","R","BOSS"],"build_version":"2019-01-23","purchased_purges":2,"victory":false,"max_hp_per_floor":[80,80,80,80,80,80,80,80,80,80,80,80,80,80,80,80,80,80,80,80,80,80,80,80,80,80,80,80,80,80,80,80,80],"card_choices":[{"not_picked":["Iron Wave","Armaments"],"picked":"Dropkick","floor":1},{"not_picked":["Armaments","True Grit"],"picked":"Body Slam","floor":2},{"not_picked":["Body Slam","Cleave"],"picked":"Seeing Red","floor":3},{"not_picked":["Clothesline","Heavy Blade"],"picked":"Demon Form","floor":4},{"not_picked":["Clash","True Grit"],"picked":"Iron Wave","floor":5},{"not_picked":["Sever Soul","Rampage"],"picked":"Dropkick","floor":6},{"not_picked":["Flex","Clash"],"picked":"Shrug It Off","floor":10},{"not_picked":["Shrug It Off","Pommel Strike"],"picked":"Blood for Blood","floor":11},{"not_picked":["Iron Wave","Searing Blow"],"picked":"Sever Soul","floor":13},{"not_picked":["Clothesline","Dual Wield"],"picked":"Anger","floor":14},{"not_picked":["Bludgeon","Impervious"],"picked":"Reaper","floor":16},{"not_picked":["True Grit","Shrug It Off"],"picked":"Spot Weakness","floor":18},{"not_picked":["Body Slam","Pommel Strike"],"picked":"Warcry","floor":19},{"not_picked":["Rampage","Pommel Strike"],"picked":"Combust","floor":20},{"not_picked":["Flame Barrier","Headbutt"],"picked":"Sever Soul+1","floor":21},{"not_picked":["Bloodletting","Body Slam"],"picked":"Corruption","floor":22},{"not_picked":["Anger","Sword Boomerang"],"picked":"Limit Break","floor":23},{"not_picked":["Warcry","Reckless Charge","Entrench+1"],"picked":"Blood for Blood+1","floor":27},{"not_picked":["Second Wind","Battle Trance+1","Headbutt"],"picked":"Uppercut","floor":28},{"not_picked":["True Grit","Headbutt","Clash"],"picked":"Sever Soul","floor":29}],"player_experience":24595,"relics_obtained":[{"floor":6,"key":"Red Skull"},{"floor":8,"key":"Kunai"},{"floor":9,"key":"Bird Faced Urn"},{"floor":23,"key":"Question Card"},{"floor":26,"key":"Omamori"}],"event_choices":[{"damage_healed":0,"gold_gain":0,"player_choice":"Forge","damage_taken":0,"max_hp_gain":0,"max_hp_loss":0,"event_name":"Accursed Blacksmith","floor":25,"gold_loss":0,"cards_upgraded":["Blood for Blood"]}],"is_beta":false,"boss_relics":[{"not_picked":["Tiny House","Astrolabe"],"picked":"Coffee Dripper"}],"items_purged_floors":[12,31],"is_endless":false,"potions_floor_spawned":[2,4,13,14,16,20,21,22,29],"killed_by":"Champ","ascension_level":0}