{"gold_per_floor":[213,488,506,440,452,486,486,519,519,519,538,538,538,196,196,196],"floor_reached":16,"playtime":804,"items_purged":["Regret"],"score":216,"play_id":"45d4c460-c052-4f8f-9c6b-37734f561c27","local_time":"20190321202306","is_ascension_mode":true,"campfire_choices":[{"floor":7,"key":"REST"},{"data":"Bash","floor":10,"key":"SMITH"},{"data":"Whirlwind","floor":13,"key":"SMITH"},{"data":"Iron Wave","floor":15,"key":"SMITH"}],"neow_cost":"NONE","seed_source_timestamp":139762393490600,"circlet_count":0,"master_deck":["AscendersBane","Strike_R","Strike_R","Strike_R","Strike_R","Strike_R","Defend_R","Defend_R","Defend_R","Defend_R","Bash+1","Reckless Charge","Iron Wave+1","Whirlwind+1","Immolate","Burning Pact"],"relics":["Burning Blood","Thread and Needle","Gremlin Horn","FossilizedHelix","Bird Faced Urn","Golden Idol","Strawberry"],"potions_floor_usage":[6,8,16,16],"damage_taken":[{"damage":4,"enemies":"Small Slimes","floor":1,"turns":4},{"damage":8,"enemies":"Cultist","floor":3,"turns":3},{"damage":5,"enemies":"Jaw Worm","floor":5,"turns":4},{"damage":54,"enemies":"Lagavulin","floor":6,"turns":9},{"damage":22,"enemies":"3 Sentries","floor":8,"turns":6},{"damage":0,"enemies":"Gremlin Gang","floor":11,"turns":2},{"damage":45,"enemies":"Hexaghost","floor":16,"turns":10}],"seed_played":"-5393738751825061196","potions_obtained":[{"floor":1,"key":"Fire Potion"},{"floor":5,"key":"SneckoOil"}],"is_trial":false,"path_per_floor":["M","?","M","?","M","E","R","E","T","R","M","?","R","$","R","B"],"character_chosen":"IRONCLAD","items_purchased":["Dexterity Potion","FearPotion","Strawberry"],"campfire_rested":1,"item_purchase_floors":[14,14,14],"current_hp_per_floor":[70,70,68,68,69,21,43,27,27,27,33,33,33,40,40,0],"gold":196,"neow_bonus":"HUNDRED_GOLD","is_prod":false,"is_daily":false,"chose_seed":false,"campfire_upgraded":3,"win_rate":0,"timestamp":1553199786,"path_taken":["M","?","?","?","M","E","R","E","T","R","?","?","R","$","R","BOSS"],"build_version":"2019-01-23","purchased_purges":1,"victory":false,"max_hp_per_floor":[75,75,75,75,75,75,75,75,75,75,75,68,68,75,75,75],"card_choices":[{"not_picked":["Shrug It Off","Second Wind"],"picked":"Reckless Charge","floor":1},{"not_picked":["Body Slam","True Grit"],"picked":"Iron Wave","floor":3},{"not_picked":["Corruption","Warcry"],"picked":"Whirlwind","floor":5},{"not_picked":["Combust","Reckless Charge"],"picked":"Immolate","floor":6},{"not_picked":["Power Through","Cleave"],"picked":"Burning Pact","floor":8},{"not_picked":["Clash","Whirlwind","Dual Wield"],"picked":"SKIP","floor":11}],"player_experience":2296069,"relics_obtained":[{"floor":6,"key":"Gremlin Horn"},{"floor":8,"key":"FossilizedHelix"},{"floor":9,"key":"Bird Faced Urn"}],"event_choices":[{"damage_healed":0,"gold_gain":275,"player_choice":"Desecrate","damage_taken":0,"max_hp_gain":0,"max_hp_loss":0,"event_name":"Golden Shrine","floor":2,"gold_loss":0,"cards_obtained":["Regret"]},{"damage_healed":0,"gold_gain":0,"player_choice":"Paid Gold","damage_taken":0,"relics_obtained":["Thread and Needle"],"max_hp_gain":0,"max_hp_loss":0,"event_name":"WeMeetAgain","floor":4,"gold_loss":66},{"damage_healed":0,"gold_gain":0,"player_choice":"Lose Max HP","damage_taken":0,"relics_obtained":["Golden Idol"],"max_hp_gain":0,"max_hp_loss":7,"event_name":"Golden Idol","floor":12,"gold_loss":0}],"is_beta":false,"boss_relics":[],"items_purged_floors":[14],"is_endless":false,"potions_floor_spawned":[1,5],"killed_by":"Hexaghost","ascension_level":20}