{"gold_per_floor":[112,127,72,89,101,101,101,127,127,139,172,186,186,220,220,292,292,310,310,343,131,149,149,176,187,187,199,24,40,69,79,79,152,152,163,8,28,48,148,174,174,206,206,28,38,53,81,99,99,99],"floor_reached":50,"playtime":2686,"items_purged":[],"score":1317,"play_id":"45b1afe4-28ec-497c-9e81-045350b41bf7","local_time":"20181025212530","daily_mods":["SealedDeck"],"is_ascension_mode":true,"campfire_choices":[{"data":"Armaments","floor":6.0,"key":"SMITH"},{"floor":13.0,"key":"DIG"},{"floor":15.0,"key":"DIG"},{"floor":23.0,"key":"DIG"},{"floor":32.0,"key":"DIG"},{"floor":49,"key":"DIG"}],"neow_cost":"","seed_source_timestamp":0,"circlet_count":0,"master_deck":["AscendersBane","Hemokinesis","True Grit+1","Thunderclap","Armaments+1","Headbutt","Sword Boomerang","Cleave","Shockwave","Uppercut","Inflame","Flex","Impervious","Shrug It Off","Offering","Feel No Pain+1","Reaper","Pummel","Flame Barrier","Rampage+1"],"special_seed":0,"relics":["Burning Blood","Darkstone Periapt","Torii","Shovel","Vajra","Calipers","Strawberry","Black Star","Red Mask","Sling","Turnip","Centennial Puzzle","Bag of Marbles","Oddly Smooth Stone","Sundial","Paper Frog","Boot","Cursed Key","Magic Flower","Mummified Hand","The Courier","Smiling Mask","Dream Catcher","Strange Spoon","Ornamental Fan","Pantograph","Blood Vial"],"potions_floor_usage":[47],"damage_taken":[{"damage":8.0,"enemies":"Small Slimes","floor":1.0,"turns":3.0},{"damage":0.0,"enemies":"2 Louse","floor":2.0,"turns":2.0},{"damage":0.0,"enemies":"Cultist","floor":4.0,"turns":3.0},{"damage":11.0,"enemies":"Gremlin Gang","floor":5.0,"turns":3.0},{"damage":5.0,"enemies":"Gremlin Nob","floor":8.0,"turns":3.0},{"damage":0.0,"enemies":"2 Fungi Beasts","floor":10.0,"turns":2.0},{"damage":10.0,"enemies":"Lagavulin","floor":11.0,"turns":6.0},{"damage":8.0,"enemies":"Blue Slaver","floor":12.0,"turns":3.0},{"damage":11.0,"enemies":"3 Sentries","floor":14.0,"turns":3.0},{"damage":14.0,"enemies":"Hexaghost","floor":16.0,"turns":8.0},{"damage":20.0,"enemies":"2 Thieves","floor":18.0,"turns":3.0},{"damage":8.0,"enemies":"Masked Bandits","floor":20.0,"turns":2.0},{"damage":18.0,"enemies":"Shell Parasite","floor":22.0,"turns":4.0},{"damage":12.0,"enemies":"Book of Stabbing","floor":24.0,"turns":5.0},{"damage":4.0,"enemies":"Centurion and Healer","floor":25.0,"turns":5.0},{"damage":4.0,"enemies":"Snecko","floor":27.0,"turns":5.0},{"damage":12.0,"enemies":"Sentry and Sphere","floor":29.0,"turns":7.0},{"damage":8.0,"enemies":"Slavers","floor":30.0,"turns":2.0},{"damage":23.0,"enemies":"Chosen and Byrds","floor":31.0,"turns":7.0},{"damage":57.0,"enemies":"Automaton","floor":33.0,"turns":9.0},{"damage":21.0,"enemies":"3 Darklings","floor":35.0,"turns":3.0},{"damage":7.0,"enemies":"Orb Walker","floor":37.0,"turns":2.0},{"damage":36.0,"enemies":"4 Shapes","floor":38.0,"turns":4.0},{"damage":25.0,"enemies":"Mind Bloom Boss Battle","floor":39.0,"turns":5.0},{"damage":25.0,"enemies":"Nemesis","floor":40.0,"turns":5.0},{"damage":31.0,"enemies":"Giant Head","floor":42.0,"turns":7.0},{"damage":19,"enemies":"Transient","floor":45,"turns":6},{"damage":25,"enemies":"Maw","floor":46,"turns":5},{"damage":38,"enemies":"Reptomancer","floor":47,"turns":8},{"damage":22,"enemies":"Sphere and 2 Shapes","floor":48,"turns":5},{"damage":135,"enemies":"Time Eater","floor":50,"turns":13}],"seed_played":"1962350477546114138","potions_obtained":[{"floor":4.0,"key":"Fruit Juice"},{"floor":5.0,"key":"Energy Potion"},{"floor":10.0,"key":"EssenceOfSteel"},{"floor":11.0,"key":"Dexterity Potion"},{"floor":24.0,"key":"Poison Potion"},{"floor":29.0,"key":"PowerPotion"},{"floor":39.0,"key":"FearPotion"},{"floor":40.0,"key":"Fruit Juice"},{"floor":42.0,"key":"Fire Potion"},{"floor":48,"key":"EssenceOfSteel"}],"is_trial":true,"path_per_floor":["M","M","$","M","M","R","?","E","T","M","E","M","R","E","R","B",null,"M","?","?","$","M","R","E","M","T","M","$","M","E","M","R","B",null,"M","$","M","M","?","E","?","E","T","$","M","M","E","M","R"],"character_chosen":"IRONCLAD","items_purchased":["Flex","Sling","Reaper","Pummel","Fruit Juice","Strange Spoon"],"campfire_rested":0,"item_purchase_floors":[3,21,28,36,36,44],"current_hp_per_floor":[66,72,72,80,75,75,75,76,76,80,76,74,74,69,76,68,82,68,68,66,66,54,54,48,50,50,52,52,46,54,62,62,25,72,87,92,92,76,78,67,107,93,93,93,106,107,107,101,101,0],"gold":99,"neow_bonus":"","is_prod":false,"is_daily":false,"chose_seed":false,"campfire_upgraded":1,"win_rate":0,"timestamp":1540527930,"path_taken":["M","M","$","M","M","R","?","E","T","?","E","?","R","E","R","BOSS","M","?","?","?","M","R","E","M","T","M","$","M","E","M","R","BOSS","M","$","M","M","?","E","?","E","T","$","M","M","E","M","R","BOSS"],"build_version":"2018-10-25","purchased_purges":0,"victory":false,"max_hp_per_floor":[75,75,75,80,80,80,80,80,80,80,80,80,80,80,87,87,87,87,87,87,87,87,87,87,87,87,87,87,87,87,87,87,87,87,87,92,92,92,92,97,107,107,107,107,107,107,107,107,107,107],"card_choices":[{"not_picked":["Clothesline","Second Wind","Evolve"],"picked":"SKIP","floor":1.0},{"not_picked":["Evolve","Iron Wave","Rage"],"picked":"SKIP","floor":2.0},{"not_picked":["Sever Soul","Sword Boomerang","Iron Wave"],"picked":"SKIP","floor":4.0},{"not_picked":["Body Slam","Armaments","Perfected Strike"],"picked":"SKIP","floor":5.0},{"not_picked":["Sword Boomerang","Intimidate","Anger"],"picked":"SKIP","floor":8.0},{"not_picked":["Sword Boomerang","Uppercut"],"picked":"Impervious","floor":10.0},{"not_picked":["Thunderclap","True Grit","Perfected Strike"],"picked":"SKIP","floor":11.0},{"not_picked":["True Grit","Perfected Strike","Headbutt"],"picked":"SKIP","floor":12.0},{"not_picked":["Second Wind","Inflame"],"picked":"Shrug It Off","floor":14.0},{"not_picked":["Impervious","Berserk"],"picked":"Offering","floor":16.0},{"not_picked":["Headbutt","Sentinel","Body Slam"],"picked":"SKIP","floor":18.0},{"not_picked":["Perfected Strike","Shrug It Off","Wild Strike"],"picked":"SKIP","floor":22.0},{"not_picked":["Berserk","Intimidate","Thunderclap"],"picked":"SKIP","floor":24.0},{"not_picked":["Clash","Iron Wave","Corruption"],"picked":"SKIP","floor":25.0},{"not_picked":["Twin Strike","Rage"],"picked":"Feel No Pain+1","floor":27.0},{"not_picked":["Feel No Pain","True Grit","Heavy Blade"],"picked":"SKIP","floor":29.0},{"not_picked":["Iron Wave","Perfected Strike","Cleave"],"picked":"SKIP","floor":30.0},{"not_picked":["Dual Wield+1","Shrug It Off","Iron Wave"],"picked":"SKIP","floor":31.0},{"not_picked":["Juggernaut","Barricade"],"picked":"Berserk","floor":33.0},{"not_picked":["Whirlwind","Wild Strike","Sentinel"],"picked":"SKIP","floor":35.0},{"not_picked":["Clothesline","Sword Boomerang+1","Shrug It Off"],"picked":"SKIP","floor":37.0},{"not_picked":["Metallicize","Sever Soul+1","Reckless Charge+1"],"picked":"SKIP","floor":38.0},{"not_picked":["Twin Strike","Sword Boomerang"],"picked":"Flame Barrier","floor":39.0},{"not_picked":["Immolate","Dual Wield","Flex+1"],"picked":"SKIP","floor":40.0},{"not_picked":["Cleave","Sword Boomerang+1","Thunderclap"],"picked":"SKIP","floor":42.0},{"not_picked":["Perfected Strike+1","Shrug It Off","Infernal Blade"],"picked":"SKIP","floor":45},{"not_picked":["Offering","Dropkick","Dual Wield"],"picked":"SKIP","floor":46},{"not_picked":["Sword Boomerang+1","Perfected Strike","Corruption+1"],"picked":"SKIP","floor":47},{"not_picked":["Burning Pact","Clothesline"],"picked":"Rampage+1","floor":48}],"player_experience":1469966,"relics_obtained":[{"floor":8.0,"key":"Darkstone Periapt"},{"floor":9.0,"key":"Torii"},{"floor":11.0,"key":"Shovel"},{"floor":13.0,"key":"Vajra"},{"floor":14.0,"key":"Calipers"},{"floor":15.0,"key":"Strawberry"},{"floor":20.0,"key":"Red Mask"},{"floor":23.0,"key":"Turnip"},{"floor":24.0,"key":"Centennial Puzzle"},{"floor":24.0,"key":"Bag of Marbles"},{"floor":26.0,"key":"Oddly Smooth Stone"},{"floor":30.0,"key":"Sundial"},{"floor":30.0,"key":"Paper Frog"},{"floor":32.0,"key":"Boot"},{"floor":39.0,"key":"Magic Flower"},{"floor":40.0,"key":"Mummified Hand"},{"floor":40.0,"key":"The Courier"},{"floor":42.0,"key":"Smiling Mask"},{"floor":42.0,"key":"Dream Catcher"},{"floor":47,"key":"Ornamental Fan"},{"floor":47,"key":"Pantograph"},{"floor":49,"key":"Blood Vial"}],"event_choices":[{"damage_healed":0.0,"max_hp_gain":0.0,"max_hp_loss":0.0,"gold_gain":0.0,"event_name":"Living Wall","player_choice":"Grow","floor":7.0,"gold_loss":0.0,"damage_taken":0.0,"cards_upgraded":["True Grit"]},{"damage_healed":0.0,"max_hp_gain":0.0,"max_hp_loss":0.0,"gold_gain":0.0,"event_name":"The Mausoleum","player_choice":"Ignored","floor":19.0,"gold_loss":0.0,"damage_taken":0.0},{"damage_healed":0.0,"max_hp_gain":0.0,"max_hp_loss":0.0,"gold_gain":0.0,"event_name":"Masked Bandits","player_choice":"Fought Bandits","floor":20.0,"gold_loss":0.0,"damage_taken":0.0},{"damage_healed":0.0,"max_hp_gain":0.0,"max_hp_loss":0.0,"gold_gain":0.0,"event_name":"MindBloom","player_choice":"Fight","floor":39.0,"gold_loss":0.0,"damage_taken":0.0},{"cards_removed":["Berserk"],"damage_healed":30.0,"max_hp_gain":10.0,"max_hp_loss":0.0,"gold_gain":0.0,"event_name":"Bonfire Elementals","player_choice":"Offered Rare","floor":41.0,"gold_loss":0.0,"damage_taken":0.0}],"is_beta":false,"boss_relics":[{"not_picked":["Orrery","Calling Bell"],"picked":"Black Star"},{"not_picked":["Runic Pyramid","Philosopher\u0027s Stone"],"picked":"Cursed Key"}],"items_purged_floors":[],"is_endless":false,"potions_floor_spawned":[4,5,10,11,22,24,27,29,39,40,42,48],"killed_by":"Time Eater","ascension_level":20}