{"gold_per_floor":[109,109,124,72,82,82,115,115,142,142,142,67,96,110,110,184,184,194,222,222,222,222,222,252,252,298,198,213,88,119,119,119,194,194,213,63,75,75,19,19,19,32,32,132,132,186,215,250,250,250,250],"floor_reached":52,"playtime":2265,"items_purged":["Regret","Pain","Writhe","Writhe"],"score":2796,"play_id":"06d9f791-698d-473c-95b5-77044b46d7fc","local_time":"20190503004811","daily_mods":["SealedDeck","Vintage","Flight","Cursed Run"],"is_ascension_mode":true,"campfire_choices":[{"data":"Tactician","floor":6.0,"key":"SMITH"},{"data":"Acrobatics","floor":8.0,"key":"SMITH"},{"data":"Cloak And Dagger","floor":11.0,"key":"SMITH"},{"data":"Cloak And Dagger","floor":15.0,"key":"SMITH"},{"floor":23,"key":"REST"},{"data":"Acrobatics","floor":25,"key":"SMITH"},{"data":"Reflex","floor":32,"key":"SMITH"},{"data":"Prepared","floor":40,"key":"SMITH"},{"data":"Concentrate","floor":41,"key":"SMITH"},{"data":"Burst","floor":45,"key":"SMITH"},{"data":"Adrenaline","floor":49,"key":"SMITH"}],"neow_cost":"","seed_source_timestamp":0,"circlet_count":0,"master_deck":["AscendersBane","Cloak And Dagger+1","Infinite Blades","Terror","Cloak And Dagger+1","Well Laid Plans","Noxious Fumes","Tactician+1","Acrobatics+1","Footwork","Well Laid Plans","Backflip","Reflex+1","Shame","Burst+1","Decay","Acrobatics+1","Concentrate+1","Acrobatics+1","Decay","Prepared+1","Parasite","Acrobatics","Adrenaline+1","Writhe","Doubt"],"special_seed":0,"relics":["Cursed Key","Darkstone Periapt","Du-Vu Doll","Ancient Tea Set","Gremlin Horn","Pear","Potion Belt","Vajra","Orichalcum","Matryoshka","Singing Bowl","Lizard Tail","Snake Skull","Red Mask","Nilry\u0027s Codex","MutagenicStrength","Sundial","Letter Opener","Art of War","Question Card","Blood Vial","Black Star","Happy Flower","Bird Faced Urn","Whetstone","PreservedInsect","Ornamental Fan","Dead Branch","Ginger","Pantograph","Bag of Preparation","Pocketwatch","Anchor"],"potions_floor_usage":[24,35,37,50,50,50,51],"damage_taken":[{"damage":0.0,"enemies":"Cultist","floor":1.0,"turns":3.0},{"damage":4.0,"enemies":"Jaw Worm","floor":3.0,"turns":3.0},{"damage":2.0,"enemies":"2 Louse","floor":5.0,"turns":3.0},{"damage":0.0,"enemies":"Lagavulin","floor":7.0,"turns":5.0},{"damage":0.0,"enemies":"3 Sentries","floor":13.0,"turns":5.0},{"damage":0.0,"enemies":"2 Fungi Beasts","floor":14.0,"turns":2.0},{"damage":0.0,"enemies":"Slime Boss","floor":16.0,"turns":4.0},{"damage":14.0,"enemies":"Shell Parasite","floor":18.0,"turns":3.0},{"damage":31.0,"enemies":"Masked Bandits","floor":19.0,"turns":3.0},{"damage":0,"enemies":"Gremlin Leader","floor":24,"turns":3},{"damage":0,"enemies":"Chosen","floor":28,"turns":4},{"damage":4,"enemies":"Slavers","floor":30,"turns":3},{"damage":0,"enemies":"Champ","floor":33,"turns":1},{"damage":18,"enemies":"Orb Walker","floor":35,"turns":3},{"damage":2,"enemies":"3 Shapes","floor":37,"turns":3},{"damage":0,"enemies":"Sphere and 2 Shapes","floor":42,"turns":1},{"damage":0,"enemies":"Mind Bloom Boss Battle","floor":44,"turns":2},{"damage":0,"enemies":"2 Orb Walkers","floor":46,"turns":2},{"damage":0,"enemies":"Reptomancer","floor":47,"turns":1},{"damage":0,"enemies":"Nemesis","floor":48,"turns":1},{"damage":0,"enemies":"Time Eater","floor":50,"turns":7},{"damage":0,"enemies":"Awakened One","floor":51,"turns":3}],"seed_played":"-5439257731662984616","potions_obtained":[{"floor":1.0,"key":"Swift Potion"},{"floor":2.0,"key":"SkillPotion"},{"floor":2.0,"key":"Fruit Juice"},{"floor":3.0,"key":"Dexterity Potion"},{"floor":19.0,"key":"GhostInAJar"},{"floor":28,"key":"Regen Potion"},{"floor":30,"key":"AttackPotion"},{"floor":42,"key":"SpeedPotion"},{"floor":44,"key":"EssenceOfSteel"},{"floor":47,"key":"Dexterity Potion"}],"is_trial":true,"path_per_floor":["M","?","M","$","M","R","E","R","T","?","R","$","E","M","R","B",null,"M","?","?","?","?","R","E","R","T","$","M","$","E","?","R","B",null,"M","$","M","?","$","R","R","M","T","?","R","?","E","E","R","B","B",null],"character_chosen":"THE_SILENT","items_purchased":["Backflip","Prepared"],"campfire_rested":1,"item_purchase_floors":[4,39],"current_hp_per_floor":[59,64,60,60,68,68,68,68,74,80,80,80,80,80,80,86,96,82,53,59,38,38,70,70,70,76,76,76,76,72,72,72,82,111,95,95,107,113,113,113,113,125,131,135,135,135,137,137,137,143,149],"gold":250,"neow_bonus":"","is_prod":false,"is_daily":false,"chose_seed":false,"campfire_upgraded":10,"win_rate":0,"timestamp":1556815691,"path_taken":["M","?","?","$","M","R","E","R","T","?","R","?","E","M","R","BOSS","M","?","?","?","?","R","E","R","T","$","?","?","E","?","R","BOSS","M","$","M","?","?","R","R","?","T","?","R","?","E","E","R","BOSS","BOSS"],"build_version":"2019-04-23","purchased_purges":4,"victory":true,"max_hp_per_floor":[66,71,71,71,81,81,81,81,87,93,93,93,93,93,93,99,99,99,101,107,107,107,107,107,107,113,113,113,113,113,113,113,121,121,121,121,121,127,127,127,127,127,133,135,135,135,137,137,137,143,149],"card_choices":[{"not_picked":["Dagger Throw","Cloak And Dagger"],"picked":"Reflex","floor":7.0},{"not_picked":["Bane","Setup","Glass Knife"],"picked":"SKIP","floor":13.0},{"not_picked":["Envenom","Venomology"],"picked":"Burst","floor":16.0},{"not_picked":["Sucker Punch","Crippling Poison","Leg Sweep"],"picked":"Singing Bowl","floor":19.0},{"not_picked":["Dagger Spray","Heel Hook"],"picked":"Acrobatics","floor":24},{"not_picked":["Bane+1","Slice","Blade Dance"],"picked":"Concentrate","floor":30},{"not_picked":["Corpse Explosion","Night Terror","A Thousand Cuts","Glass Knife"],"picked":"Singing Bowl","floor":33},{"not_picked":["Sucker Punch","Underhanded Strike","Tactician","Choke"],"picked":"Singing Bowl","floor":44},{"not_picked":["Dodge and Roll","Bane","Flying Knee+1"],"picked":"Acrobatics","floor":46},{"not_picked":["Corpse Explosion","Dagger Spray","Deflect","Phantasmal Killer"],"picked":"Singing Bowl","floor":47},{"not_picked":["Caltrops+1","Acrobatics+1","Poisoned Stab"],"picked":"Adrenaline","floor":48}],"player_experience":1418186,"relics_obtained":[{"floor":1.0,"key":"Ancient Tea Set"},{"floor":3.0,"key":"Gremlin Horn"},{"floor":5.0,"key":"Pear"},{"floor":7.0,"key":"Potion Belt"},{"floor":9.0,"key":"Vajra"},{"floor":13.0,"key":"Matryoshka"},{"floor":14.0,"key":"Singing Bowl"},{"floor":18.0,"key":"Snake Skull"},{"floor":19.0,"key":"Red Mask"},{"floor":21.0,"key":"Nilry\u0027s Codex"},{"floor":24,"key":"Sundial"},{"floor":26,"key":"Letter Opener"},{"floor":26,"key":"Art of War"},{"floor":28,"key":"Question Card"},{"floor":30,"key":"Blood Vial"},{"floor":35,"key":"Happy Flower"},{"floor":37,"key":"Bird Faced Urn"},{"floor":42,"key":"Whetstone"},{"floor":43,"key":"PreservedInsect"},{"floor":43,"key":"Ornamental Fan"},{"floor":44,"key":"Dead Branch"},{"floor":46,"key":"Ginger"},{"floor":47,"key":"Pantograph"},{"floor":47,"key":"Bag of Preparation"},{"floor":48,"key":"Pocketwatch"},{"floor":48,"key":"Anchor"}],"event_choices":[{"damage_healed":0.0,"max_hp_gain":0.0,"max_hp_loss":0.0,"gold_gain":0.0,"event_name":"Lab","player_choice":"Got Potions","floor":2.0,"gold_loss":0.0,"damage_taken":0.0},{"damage_healed":0.0,"max_hp_gain":0.0,"max_hp_loss":0.0,"gold_gain":0.0,"event_name":"Big Fish","player_choice":"Box","floor":10.0,"gold_loss":0.0,"damage_taken":0.0,"relics_obtained":["Orichalcum"],"cards_obtained":["Regret"]},{"damage_healed":0.0,"max_hp_gain":0.0,"max_hp_loss":0.0,"gold_gain":0.0,"event_name":"Masked Bandits","player_choice":"Fought Bandits","floor":19.0,"gold_loss":0.0,"damage_taken":0.0},{"damage_healed":0.0,"max_hp_gain":0.0,"max_hp_loss":0.0,"gold_gain":0.0,"event_name":"Forgotten Altar","player_choice":"Smashed Altar","floor":20.0,"gold_loss":0.0,"damage_taken":0.0,"cards_obtained":["Decay"]},{"damage_healed":0.0,"max_hp_gain":0.0,"max_hp_loss":0.0,"gold_gain":0.0,"event_name":"Cursed Tome","player_choice":"Obtained Book","floor":21.0,"gold_loss":0.0,"damage_taken":21.0},{"damage_healed":0,"gold_gain":0,"player_choice":"Inject Mutagens","damage_taken":0,"relics_obtained":["MutagenicStrength"],"max_hp_gain":0,"max_hp_loss":0,"event_name":"Drug Dealer","floor":22,"gold_loss":0},{"damage_healed":0,"gold_gain":0,"player_choice":"Copied","damage_taken":0,"max_hp_gain":0,"max_hp_loss":0,"event_name":"Duplicator","floor":31,"gold_loss":0,"cards_obtained":["Acrobatics"]},{"damage_healed":0,"gold_gain":0,"player_choice":"Cursed","damage_taken":0,"max_hp_gain":0,"max_hp_loss":0,"event_name":"Wheel of Change","floor":38,"gold_loss":0,"cards_obtained":["Decay"]},{"damage_healed":0,"gold_gain":0,"player_choice":"Fight","damage_taken":0,"max_hp_gain":0,"max_hp_loss":0,"event_name":"MindBloom","floor":44,"gold_loss":0},{"damage_healed":0,"gold_gain":0,"player_choice":"Fight","damage_taken":0,"max_hp_gain":0,"max_hp_loss":0,"event_name":"Mysterious Sphere","floor":46,"gold_loss":0}],"is_beta":true,"boss_relics":[{"not_picked":["Ectoplasm","Sozu"],"picked":"Lizard Tail"},{"not_picked":["White Beast Statue","Eternal Feather"],"picked":"Black Star"}],"items_purged_floors":[12,27,29,36],"is_endless":false,"potions_floor_spawned":[1,3,19,28,30,42,44,47],"ascension_level":20}