{"gold_per_floor":[119,133,96,96,108,108,40,40,66,91,103,428,197,197,197,272,272,292,302,302,57,76,76,88,88,88,103,103,21,21],"floor_reached":30,"playtime":1108,"items_purged":["Strike_B","Strike_B"],"score":417,"play_id":"2bdac59f-aba3-497c-9b6f-97781973f726","local_time":"20180823123159","is_ascension_mode":true,"campfire_choices":[{"data":"Dualcast","floor":6.0,"key":"SMITH"},{"data":"Defragment","floor":8.0,"key":"SMITH"},{"data":"Capacitor","floor":15.0,"key":"SMITH"},{"floor":23,"key":"REST"},{"floor":25,"key":"REST"}],"neow_cost":"NONE","seed_source_timestamp":4131493775950,"circlet_count":0,"master_deck":["Strike_B+1","Strike_B+1","Defend_B+1","Defend_B+1","Defend_B+1","Zap+1","Dualcast+1","AscendersBane","Cold Snap","Coolheaded","Steam","Defragment+1","Conserve Battery","Capacitor+1","Echo Form","Go for the Eyes","Leap","Decay","Melter+1","Chill","Steam Power+1","Defragment"],"special_seed":0,"relics":["Cracked Core","Vajra","Calipers","Old Coin","Sozu","Happy Flower","Toxic Egg 2"],"potions_floor_usage":[30],"damage_taken":[{"damage":0.0,"enemies":"2 Louse","floor":1.0,"turns":2.0},{"damage":7.0,"enemies":"Jaw Worm","floor":2.0,"turns":4.0},{"damage":0.0,"enemies":"Cultist","floor":5.0,"turns":4.0},{"damage":5.0,"enemies":"3 Sentries","floor":10.0,"turns":8.0},{"damage":0.0,"enemies":"Large Slime","floor":11.0,"turns":5.0},{"damage":10.0,"enemies":"Gremlin Nob","floor":12.0,"turns":4.0},{"damage":25.0,"enemies":"The Guardian","floor":16.0,"turns":11.0},{"damage":29.0,"enemies":"Chosen","floor":18.0,"turns":5.0},{"damage":0,"enemies":"Spheric Guardian","floor":19,"turns":4},{"damage":11,"enemies":"Cultist and Chosen","floor":22,"turns":7},{"damage":4,"enemies":"Snecko","floor":24,"turns":7},{"damage":40,"enemies":"3 Cultists","floor":27,"turns":8},{"damage":19,"enemies":"Snake Plant","floor":30,"turns":2}],"seed_played":"8852445790514062985","potions_obtained":[{"floor":1.0,"key":"SteroidPotion"},{"floor":2.0,"key":"FearPotion"}],"is_trial":false,"path_per_floor":["M","M","?","?","M","R","$","R","T","E","M","E","$","?","R","B",null,"M","M","?","$","M","R","M","R","T","M","?","$"],"character_chosen":"DEFECT","items_purchased":["Defragment","Capacitor","FocusPotion","Happy Flower","Defragment"],"campfire_rested":2,"item_purchase_floors":[7,13,13,21,29],"current_hp_per_floor":[64,57,57,57,57,57,57,57,57,52,52,42,42,35,35,10,56,27,27,27,27,16,37,33,54,54,14,14,14,0],"gold":21,"neow_bonus":"UPGRADE_CARD","is_prod":false,"is_daily":false,"chose_seed":false,"campfire_upgraded":3,"win_rate":0,"timestamp":1535052719,"path_taken":["M","M","?","?","?","R","?","R","T","E","M","E","$","?","R","BOSS","M","?","?","?","M","R","M","R","T","M","?","$","M"],"build_version":"2018-08-16","purchased_purges":2,"victory":false,"max_hp_per_floor":[71,71,71,71,71,71,71,71,71,71,71,71,71,71,71,71,71,71,71,71,71,71,71,71,71,71,71,71,71,71],"card_choices":[{"not_picked":["Melter","Storm"],"picked":"Cold Snap","floor":1.0},{"not_picked":["Beam Cell","Fusion"],"picked":"Coolheaded","floor":2.0},{"not_picked":["Stack","Force Field"],"picked":"Steam","floor":5.0},{"not_picked":["Heatsinks","Coolheaded","Undo"],"picked":"SKIP","floor":10.0},{"not_picked":["Doom and Gloom","Static Discharge","Rebound"],"picked":"SKIP","floor":11.0},{"not_picked":["BootSequence","Coolheaded"],"picked":"Conserve Battery","floor":12.0},{"not_picked":["Creative AI","Amplify"],"picked":"Echo Form","floor":16.0},{"not_picked":["Scrape","Cold Snap"],"picked":"Go for the Eyes","floor":18.0},{"not_picked":["Scrape","Streamline"],"picked":"Leap","floor":19},{"not_picked":["Steam Power","Gash"],"picked":"Melter+1","floor":22},{"not_picked":["Storm","Hyperbeam"],"picked":"Chill","floor":24},{"not_picked":["Steam+1","Go for the Eyes"],"picked":"Steam Power+1","floor":27}],"player_experience":1013006,"relics_obtained":[{"floor":9.0,"key":"Vajra"},{"floor":10.0,"key":"Calipers"},{"floor":12.0,"key":"Old Coin"},{"floor":26,"key":"Toxic Egg 2"}],"event_choices":[{"event_name":"World of Goop","player_choice":"Left","floor":3.0,"damage_taken":0.0},{"event_name":"Match and Keep!","player_choice":"0 cards matched","floor":4.0,"damage_taken":0.0},{"event_name":"Golden Wing","player_choice":"Card Removal","floor":14.0,"damage_taken":0.0},{"event_name":"Forgotten Altar","player_choice":"Smashed Altar","floor":20,"damage_taken":0},{"event_name":"Back to Basics","player_choice":"Simplicity","floor":28,"damage_taken":0}],"is_beta":false,"boss_relics":[{"not_picked":["Pandora\u0027s Box","Runic Dome"],"picked":"Sozu"}],"items_purged_floors":[13,21],"is_endless":false,"potions_floor_spawned":[1,2,27],"killed_by":"Snake Plant","ascension_level":15}