{"gold_per_floor":[109,123,141,141,19,19,33,47,74,86,86,111,111,122,122,225,225,241,255,255],"floor_reached":20,"playtime":1008,"items_purged":["Strike_B"],"score":258,"play_id":"254f53a5-f504-4ac7-8041-b7b8a35ebb68","local_time":"20181102033009","is_ascension_mode":true,"campfire_choices":[{"data":"Zap","floor":6.0,"key":"SMITH"},{"data":"Dualcast","floor":11.0,"key":"SMITH"},{"floor":13.0,"key":"REST"},{"data":"Go for the Eyes","floor":15.0,"key":"SMITH"}],"neow_cost":"NONE","seed_source_timestamp":0,"circlet_count":0,"master_deck":["Strike_B","Strike_B","Strike_B","Defend_B","Defend_B","Defend_B","Defend_B","Zap+1","Dualcast+1","Ball Lightning","Capacitor","Coolheaded","Hologram","Turbo","Coolheaded","Go for the Eyes+1","Amplify","Go for the Eyes","Creative AI","Static Discharge","Redo","Leap","Redo","Static Discharge","Darkness+1","Storm"],"special_seed":0,"relics":["Cracked Core","Happy Flower","Pen Nib","Juzu Bracelet","Orrery"],"potions_floor_usage":[19],"damage_taken":[{"damage":6.0,"enemies":"Jaw Worm","floor":1.0,"turns":4.0},{"damage":1.0,"enemies":"Cultist","floor":2.0,"turns":3.0},{"damage":0.0,"enemies":"2 Louse","floor":3.0,"turns":2.0},{"damage":9.0,"enemies":"Looter","floor":7.0,"turns":3.0},{"damage":13.0,"enemies":"Blue Slaver","floor":8.0,"turns":4.0},{"damage":5.0,"enemies":"2 Fungi Beasts","floor":10.0,"turns":3.0},{"damage":31.0,"enemies":"3 Sentries","floor":12.0,"turns":7.0},{"damage":0.0,"enemies":"Exordium Wildlife","floor":14.0,"turns":4.0},{"damage":25.0,"enemies":"The Guardian","floor":16.0,"turns":14.0},{"damage":35.0,"enemies":"2 Thieves","floor":18.0,"turns":5.0},{"damage":9,"enemies":"Shell Parasite","floor":19,"turns":5},{"damage":38,"enemies":"Colosseum Slavers","floor":20,"turns":3}],"seed_played":"-4133843173325087430","potions_obtained":[{"floor":2.0,"key":"GamblersBrew"},{"floor":3.0,"key":"Poison Potion"},{"floor":12.0,"key":"Block Potion"},{"floor":16.0,"key":"Regen Potion"}],"is_trial":false,"path_per_floor":["M","M","M","?","$","R","M","M","T","M","R","E","R","M","R","B",null,"M","M","?"],"character_chosen":"DEFECT","items_purchased":["Hologram"],"campfire_rested":1,"item_purchase_floors":[5],"current_hp_per_floor":[69,68,68,68,68,68,59,46,46,41,41,10,34,34,34,9,64,29,32,0],"gold":255,"neow_bonus":"TEN_PERCENT_HP_BONUS","is_prod":false,"is_daily":false,"chose_seed":false,"campfire_upgraded":3,"win_rate":0,"timestamp":1541125809,"path_taken":["M","M","M","?","$","R","M","M","T","M","R","E","R","M","R","BOSS","M","M","?"],"build_version":"2018-11-01","purchased_purges":1,"victory":false,"max_hp_per_floor":[82,82,82,82,82,82,82,82,82,82,82,82,82,82,82,82,82,82,82,82],"card_choices":[{"not_picked":["Turbo","Reinforced Body"],"picked":"Ball Lightning","floor":1.0},{"not_picked":["Streamline","Sunder"],"picked":"Capacitor","floor":2.0},{"not_picked":["Melter","Barrage"],"picked":"Coolheaded","floor":3.0},{"not_picked":["Compile Driver","Hologram"],"picked":"Turbo","floor":7.0},{"not_picked":["Blizzard","Go for the Eyes"],"picked":"Coolheaded","floor":8.0},{"not_picked":["Melter","Streamline"],"picked":"Go for the Eyes","floor":10.0},{"not_picked":["Heatsinks","Gash"],"picked":"Amplify","floor":12.0},{"not_picked":["Gash","Aggregate"],"picked":"Go for the Eyes","floor":14.0},{"not_picked":["Core Surge","Machine Learning"],"picked":"Creative AI","floor":16.0},{"not_picked":["Beam Cell","Hello World"],"picked":"Static Discharge","floor":17.0},{"not_picked":["Stack","Scrape"],"picked":"Redo","floor":17.0},{"not_picked":["Stack","Go for the Eyes"],"picked":"Leap","floor":17.0},{"not_picked":["Rebound","Fusion"],"picked":"Redo","floor":17.0},{"not_picked":["Undo","Hologram"],"picked":"Static Discharge","floor":17.0},{"not_picked":["Conserve Battery","Ball Lightning"],"picked":"Darkness+1","floor":18},{"not_picked":["Stack","Creative AI"],"picked":"Storm","floor":19}],"player_experience":303495,"relics_obtained":[{"floor":9.0,"key":"Pen Nib"},{"floor":12.0,"key":"Juzu Bracelet"}],"event_choices":[{"damage_healed":0.0,"max_hp_gain":0.0,"max_hp_loss":0.0,"gold_gain":0.0,"event_name":"WeMeetAgain","player_choice":"Gave Potion","floor":4.0,"gold_loss":0.0,"damage_taken":0.0,"relics_obtained":["Happy Flower"]},{"damage_healed":0,"gold_gain":0,"player_choice":"Fight","damage_taken":0,"max_hp_gain":0,"max_hp_loss":0,"event_name":"Colosseum","floor":20,"gold_loss":0}],"is_beta":false,"boss_relics":[{"not_picked":["Snecko Eye","Velvet Choker"],"picked":"Orrery"}],"items_purged_floors":[5],"is_endless":false,"potions_floor_spawned":[2,3,12,16],"killed_by":"Colosseum Slavers","ascension_level":9}