{"gold_per_floor":[111,36,36,36,48,64,81,81,81,81,31,50,63,63,63,168,168,183,8,18,18,18,18,32,32,32,32,45,65,97,97,97,195,195,214,62,72,88,108,108,108,123,123,156,168,168,43,59,59,59],"floor_reached":51,"playtime":2448,"items_purged":["Defend_G","Strike_G","Defend_G+1"],"score":841,"play_id":"2aaf9c80-05d0-48df-8f3c-da28a1c9f6e5","local_time":"20190113193839","is_ascension_mode":false,"campfire_choices":[{"data":"Neutralize","floor":8.0,"key":"SMITH"},{"data":"Survivor","floor":15.0,"key":"SMITH"},{"data":"Noxious Fumes","floor":23.0,"key":"SMITH"},{"data":"Defend_G","floor":25.0,"key":"SMITH"},{"data":"Quick Slash","floor":32.0,"key":"SMITH"},{"data":"Defend_G","floor":40,"key":"SMITH"},{"floor":49,"key":"RECALL"}],"neow_cost":"TEN_PERCENT_HP_LOSS","seed_source_timestamp":0,"circlet_count":0,"master_deck":["Defend_G+1","Survivor+1","Neutralize+1","Noxious Fumes+1","Quick Slash+1"],"special_seed":0,"relics":["Ring of the Snake","Pocketwatch","Mercury Hourglass","Bag of Marbles","Empty Cage","Pantograph","Mummified Hand","WristBlade","Snake Skull","Frozen Egg 2","Bird Faced Urn","Ancient Tea Set"],"potions_floor_usage":[44,44,50],"damage_taken":[{"damage":0.0,"enemies":"Cultist","floor":1.0,"turns":4.0},{"damage":0.0,"enemies":"Small Slimes","floor":5.0,"turns":3.0},{"damage":0.0,"enemies":"Jaw Worm","floor":6.0,"turns":4.0},{"damage":0.0,"enemies":"2 Fungi Beasts","floor":7.0,"turns":4.0},{"damage":8.0,"enemies":"Large Slime","floor":12.0,"turns":6.0},{"damage":0.0,"enemies":"3 Louse","floor":13.0,"turns":2.0},{"damage":1.0,"enemies":"Slime Boss","floor":16.0,"turns":10.0},{"damage":0.0,"enemies":"Chosen","floor":18.0,"turns":6.0},{"damage":3.0,"enemies":"Spheric Guardian","floor":20.0,"turns":6.0},{"damage":3.0,"enemies":"Snake Plant","floor":24.0,"turns":6.0},{"damage":0.0,"enemies":"Centurion and Healer","floor":28.0,"turns":8.0},{"damage":0.0,"enemies":"Cultist and Chosen","floor":29.0,"turns":8.0},{"damage":16.0,"enemies":"Slavers","floor":30.0,"turns":6.0},{"damage":19.0,"enemies":"Automaton","floor":33.0,"turns":11.0},{"damage":0.0,"enemies":"3 Darklings","floor":35.0,"turns":5.0},{"damage":0.0,"enemies":"Orb Walker","floor":37.0,"turns":3.0},{"damage":0.0,"enemies":"4 Shapes","floor":38.0,"turns":5.0},{"damage":5,"enemies":"3 Darklings","floor":39,"turns":5},{"damage":2,"enemies":"Transient","floor":42,"turns":5},{"damage":5,"enemies":"Reptomancer","floor":44,"turns":7},{"damage":0,"enemies":"Spire Growth","floor":45,"turns":7},{"damage":15,"enemies":"Maw","floor":48,"turns":8},{"damage":2,"enemies":"Awakened One","floor":50,"turns":29}],"seed_played":"-6784496886219441331","potions_obtained":[{"floor":1.0,"key":"PowerPotion"},{"floor":6.0,"key":"SkillPotion"},{"floor":16.0,"key":"Fire Potion"},{"floor":20.0,"key":"PowerPotion"},{"floor":28.0,"key":"EssenceOfSteel"},{"floor":33.0,"key":"Fire Potion"},{"floor":35.0,"key":"Block Potion"},{"floor":37.0,"key":"Fire Potion"},{"floor":48,"key":"SkillPotion"}],"is_trial":false,"path_per_floor":["M","$","$","?","M","M","M","R","T","$","?","M","M","?","R","B",null,"M","$","M","?","?","R","M","R","T","?","M","M","E","?","R","B",null,"M","$","M","M","M","R","T","M","T","E","M","?","$","M","R","B",null],"character_chosen":"THE_SILENT","items_purchased":["Noxious Fumes","Snake Skull"],"campfire_rested":0,"item_purchase_floors":[19,36],"current_hp_per_floor":[63,63,63,38,38,38,38,38,38,38,38,30,30,30,30,29,63,63,63,60,49,49,49,46,46,46,46,46,46,30,30,30,36,68,68,68,68,68,63,63,63,61,61,58,60,60,60,47,47,66],"gold":59,"neow_bonus":"ONE_RARE_RELIC","is_prod":false,"is_daily":false,"chose_seed":false,"campfire_upgraded":6,"win_rate":0,"timestamp":1547404719,"path_taken":["M","?","$","?","?","M","M","R","T","$","?","M","M","?","R","BOSS","M","$","M","?","?","R","M","R","T","?","M","M","E","?","R","BOSS","M","$","M","M","?","R","?","?","T","E","M","?","$","M","R","BOSS"],"build_version":"2019-01-10","purchased_purges":3,"victory":true,"max_hp_per_floor":[63,63,63,63,63,63,63,63,63,63,63,63,63,63,63,63,63,63,63,63,68,68,68,68,68,68,68,68,68,68,68,68,68,68,68,68,68,68,68,68,68,68,68,68,68,68,68,68,68,68],"card_choices":[{"not_picked":["Escape Plan","Cloak And Dagger","Calculated Gamble"],"picked":"SKIP","floor":1.0},{"not_picked":["Finisher","PiercingWail","Bane"],"picked":"SKIP","floor":5.0},{"not_picked":["Acrobatics","Outmaneuver","Skewer"],"picked":"SKIP","floor":6.0},{"not_picked":["Sucker Punch","Blade Dance","Choke"],"picked":"SKIP","floor":7.0},{"not_picked":["Flying Knee","Deflect","Concentrate"],"picked":"SKIP","floor":12.0},{"not_picked":["Choke","Catalyst","Acrobatics"],"picked":"SKIP","floor":13.0},{"not_picked":["Tactician","Deflect","Poisoned Stab"],"picked":"SKIP","floor":18.0},{"not_picked":["Underhanded Strike","Blade Dance","Outmaneuver"],"picked":"SKIP","floor":20.0},{"not_picked":["Concentrate","Night Terror","Choke+1"],"picked":"SKIP","floor":24.0},{"not_picked":["Dodge and Roll","Deflect","Concentrate"],"picked":"SKIP","floor":28.0},{"not_picked":["Acrobatics+1","Cloak And Dagger","Outmaneuver"],"picked":"SKIP","floor":29.0},{"not_picked":["Acrobatics+1","Cloak And Dagger","Outmaneuver"],"picked":"SKIP","floor":29.0},{"not_picked":["Distraction+1","Underhanded Strike+1","Backflip+1"],"picked":"SKIP","floor":30.0},{"not_picked":["Deflect+1","Acrobatics+1","Flechettes"],"picked":"SKIP","floor":35.0},{"not_picked":["Deflect","Endless Agony+1","Underhanded Strike+1"],"picked":"SKIP","floor":37.0},{"not_picked":["Prepared","Bane+1","Setup+1"],"picked":"SKIP","floor":38},{"not_picked":["Well Laid Plans+1","Blade Dance","Choke+1"],"picked":"SKIP","floor":39},{"not_picked":["Prepared","Outmaneuver","Blade Dance"],"picked":"SKIP","floor":42},{"not_picked":["Reflex","Blade Dance+1","Heel Hook"],"picked":"SKIP","floor":44},{"not_picked":["Blade Dance+1","Noxious Fumes+1","Predator+1"],"picked":"SKIP","floor":45},{"not_picked":["Well Laid Plans+1","Slice","Poisoned Stab"],"picked":"SKIP","floor":48}],"player_experience":452507,"relics_obtained":[{"floor":9.0,"key":"Bag of Marbles"},{"floor":26.0,"key":"Pantograph"},{"floor":30.0,"key":"Mummified Hand"},{"floor":41,"key":"Frozen Egg 2"},{"floor":43,"key":"Bird Faced Urn"},{"floor":44,"key":"Ancient Tea Set"}],"event_choices":[{"damage_healed":0.0,"max_hp_gain":0.0,"max_hp_loss":0.0,"gold_gain":0.0,"event_name":"Scrap Ooze","player_choice":"Success","floor":4.0,"gold_loss":0.0,"damage_taken":25.0,"relics_obtained":["Mercury Hourglass"]},{"cards_removed":["Strike_G"],"damage_healed":0.0,"max_hp_gain":0.0,"max_hp_loss":0.0,"gold_gain":0.0,"event_name":"The Cleric","player_choice":"Card Removal","floor":11.0,"gold_loss":50.0,"damage_taken":0.0},{"cards_removed":["Defend_G"],"damage_healed":0.0,"max_hp_gain":0.0,"max_hp_loss":0.0,"gold_gain":0.0,"event_name":"Living Wall","player_choice":"Forget","floor":14.0,"gold_loss":0.0,"damage_taken":0.0},{"damage_healed":0.0,"max_hp_gain":5.0,"max_hp_loss":0.0,"gold_gain":0.0,"event_name":"Forgotten Altar","player_choice":"Shed Blood","floor":21.0,"gold_loss":0.0,"damage_taken":16.0},{"cards_removed":["Strike_G"],"damage_healed":0.0,"max_hp_gain":0.0,"max_hp_loss":0.0,"gold_gain":0.0,"event_name":"Back to Basics","player_choice":"Elegance","floor":27.0,"gold_loss":0.0,"damage_taken":0.0},{"damage_healed":0.0,"max_hp_gain":0.0,"max_hp_loss":0.0,"gold_gain":0.0,"cards_transformed":["Strike_G"],"event_name":"Transmorgrifier","player_choice":"Transformed","floor":31.0,"gold_loss":0.0,"damage_taken":0.0,"cards_obtained":["Quick Slash"]},{"damage_healed":0,"gold_gain":0,"player_choice":"Ignored","damage_taken":0,"max_hp_gain":0,"max_hp_loss":0,"event_name":"Accursed Blacksmith","floor":46,"gold_loss":0}],"is_beta":false,"boss_relics":[{"not_picked":["Fusion Hammer","Ring of the Serpent"],"picked":"Empty Cage"},{"not_picked":["Snecko Eye","Cursed Key"],"picked":"WristBlade"}],"items_purged_floors":[2,19,47],"is_endless":false,"potions_floor_spawned":[1,6,16,20,28,33,35,37,38,48],"ascension_level":0}