{"gold_per_floor":[113,19,19,19,35,35,69,69,96,21,54,54,66,91,91,167,167,180,191,191,91,107,107,122,122,149,149,159,159,176,196,196,273,273,285,50,0,20,33,33,63,74,74,91,91,91,101,117,117,117],"floor_reached":51,"playtime":1435,"items_purged":["Strike_G","Strike_G"],"score":1405,"play_id":"5a37e482-f1a2-4fac-b810-feb65416b2e4","local_time":"20190228121133","is_ascension_mode":true,"campfire_choices":[{"data":"Deadly Poison","floor":6.0,"key":"SMITH"},{"data":"Deadly Poison","floor":8.0,"key":"SMITH"},{"data":"Dash","floor":12.0,"key":"SMITH"},{"data":"Catalyst","floor":15.0,"key":"SMITH"},{"floor":23.0,"key":"REST"},{"data":"Deadly Poison","floor":25.0,"key":"SMITH"},{"data":"Well Laid Plans","floor":27.0,"key":"SMITH"},{"data":"Calculated Gamble","floor":29.0,"key":"SMITH"},{"data":"Prepared","floor":32.0,"key":"SMITH"},{"floor":40.0,"key":"REST"},{"floor":45,"key":"REST"},{"floor":49,"key":"REST"}],"neow_cost":"NONE","seed_source_timestamp":15128480524757,"circlet_count":0,"master_deck":["AscendersBane","Defend_G","Defend_G","Defend_G","Defend_G","Defend_G","Strike_G","Strike_G","Strike_G","Survivor","Neutralize+1","Deadly Poison+1","Well Laid Plans+1","Deadly Poison+1","Deadly Poison+1","Dash+1","Catalyst+1","Burst+1","Backflip","Calculated Gamble+1","Prepared+1","Leg Sweep","Corpse Explosion","Noxious Fumes","Catalyst","Crippling Poison","Acrobatics+1","PiercingWail"],"special_seed":0,"relics":["Ring of the Snake","Boot","Snake Skull","Bag of Preparation","Philosopher\u0027s Stone","Bronze Scales","Fusion Hammer","Red Mask","Paper Crane","The Courier"],"potions_floor_usage":[44],"damage_taken":[{"damage":0.0,"enemies":"Small Slimes","floor":1.0,"turns":3.0},{"damage":0.0,"enemies":"Cultist","floor":5.0,"turns":4.0},{"damage":18.0,"enemies":"Gremlin Nob","floor":7.0,"turns":4.0},{"damage":17.0,"enemies":"Lagavulin","floor":11.0,"turns":5.0},{"damage":0.0,"enemies":"2 Louse","floor":13.0,"turns":2.0},{"damage":14.0,"enemies":"3 Sentries","floor":14.0,"turns":10.0},{"damage":12.0,"enemies":"Hexaghost","floor":16.0,"turns":5.0},{"damage":25.0,"enemies":"3 Byrds","floor":18.0,"turns":4.0},{"damage":8.0,"enemies":"Shell Parasite","floor":19.0,"turns":2.0},{"damage":0.0,"enemies":"Shelled Parasite and Fungi","floor":22.0,"turns":3.0},{"damage":0.0,"enemies":"Snake Plant","floor":24.0,"turns":2.0},{"damage":1.0,"enemies":"3 Cultists","floor":28.0,"turns":4.0},{"damage":0.0,"enemies":"Snecko","floor":30.0,"turns":4.0},{"damage":7.0,"enemies":"Snake Plant","floor":31.0,"turns":3.0},{"damage":0.0,"enemies":"Champ","floor":33.0,"turns":4.0},{"damage":3.0,"enemies":"3 Darklings","floor":35.0,"turns":2.0},{"damage":0.0,"enemies":"3 Shapes","floor":38.0,"turns":1.0},{"damage":9.0,"enemies":"Writhing Mass","floor":39.0,"turns":2.0},{"damage":1,"enemies":"Reptomancer","floor":41,"turns":2},{"damage":0,"enemies":"3 Darklings","floor":42,"turns":2},{"damage":0,"enemies":"4 Shapes","floor":44,"turns":2},{"damage":3,"enemies":"Transient","floor":47,"turns":5},{"damage":0,"enemies":"Maw","floor":48,"turns":4},{"damage":0,"enemies":"Time Eater","floor":50,"turns":1}],"seed_played":"-8802921080868702333","potions_obtained":[{"floor":4.0,"key":"Energy Potion"},{"floor":4.0,"key":"Regen Potion"},{"floor":13.0,"key":"Regen Potion"},{"floor":24.0,"key":"SkillPotion"},{"floor":42,"key":"GamblersBrew"},{"floor":47,"key":"FearPotion"},{"floor":48,"key":"GamblersBrew"}],"is_trial":false,"path_per_floor":["M","$","?","?","M","R","E","R","T","$","E","R","M","E","R","B",null,"M","M","?","$","M","R","M","R","T","R","M","R","M","M","R","B",null,"M","$","?","M","M","R","E","M","T","M","R","?","M","M","R","B",null],"character_chosen":"THE_SILENT","items_purchased":["Well Laid Plans","Deadly Poison","Noxious Fumes","Catalyst","Crippling Poison"],"campfire_rested":4,"item_purchase_floors":[2,2,36,36,36],"current_hp_per_floor":[59,59,59,59,59,59,41,41,41,41,24,24,24,25,25,13,53,28,20,20,20,20,39,39,39,39,39,38,38,38,31,31,31,57,54,54,54,54,45,64,63,63,63,63,66,63,60,60,63,63],"gold":117,"neow_bonus":"UPGRADE_CARD","is_prod":false,"is_daily":false,"chose_seed":false,"campfire_upgraded":8,"win_rate":0,"timestamp":1551384693,"path_taken":["M","$","?","?","M","R","E","R","T","?","E","R","M","E","R","BOSS","M","M","?","$","?","R","M","R","T","R","M","R","M","M","R","BOSS","M","$","?","M","M","R","E","M","T","M","R","?","M","M","R","BOSS"],"build_version":"2019-01-23","purchased_purges":2,"victory":true,"max_hp_per_floor":[66,66,66,66,66,66,66,66,66,66,66,66,66,66,66,66,66,66,66,66,66,66,66,66,66,66,66,66,66,66,66,66,66,66,66,66,66,66,66,66,66,66,66,66,66,63,63,63,63,63],"card_choices":[{"not_picked":["Dodge and Roll","Sucker Punch"],"picked":"Deadly Poison","floor":1.0},{"not_picked":["Dodge and Roll","Backflip"],"picked":"Deadly Poison","floor":5.0},{"not_picked":["Deadly Poison","Bouncing Flask","Venomology"],"picked":"SKIP","floor":7.0},{"not_picked":["Predator","Outmaneuver"],"picked":"Dash","floor":11.0},{"not_picked":["Blur","Dodge and Roll"],"picked":"Catalyst","floor":13.0},{"not_picked":["All Out Attack","Underhanded Strike","Distraction"],"picked":"SKIP","floor":14.0},{"not_picked":["Bullet Time","Wraith Form v2"],"picked":"Burst","floor":16.0},{"not_picked":["Eviscerate+1","Sucker Punch"],"picked":"Backflip","floor":18.0},{"not_picked":["Dodge and Roll","Prepared"],"picked":"Calculated Gamble","floor":19.0},{"not_picked":["Tactician","Flying Knee"],"picked":"Prepared","floor":22.0},{"not_picked":["Bane","Flying Knee","Masterful Stab"],"picked":"SKIP","floor":24.0},{"not_picked":["Dagger Spray","Endless Agony","Prepared"],"picked":"SKIP","floor":28.0},{"not_picked":["Finisher","Slice"],"picked":"Leg Sweep","floor":30.0},{"not_picked":["Prepared","Finisher+1","Dodge and Roll"],"picked":"SKIP","floor":31.0},{"not_picked":["A Thousand Cuts","Malaise"],"picked":"Corpse Explosion","floor":33.0},{"not_picked":["Underhanded Strike","Flying Knee","Dagger Spray"],"picked":"SKIP","floor":35.0},{"not_picked":["Terror","Quick Slash"],"picked":"Acrobatics+1","floor":38.0},{"not_picked":["Concentrate+1","Setup","Die Die Die"],"picked":"SKIP","floor":39.0},{"not_picked":["Dash","Eviscerate","Predator"],"picked":"SKIP","floor":41},{"not_picked":["Dagger Spray+1","Concentrate","Crippling Poison"],"picked":"SKIP","floor":42},{"not_picked":["Quick Slash","Infinite Blades","Eviscerate+1"],"picked":"SKIP","floor":44},{"not_picked":["Terror","Deadly Poison","Crippling Poison"],"picked":"SKIP","floor":47},{"not_picked":["Blade Dance+1","Caltrops"],"picked":"PiercingWail","floor":48}],"player_experience":2288535,"relics_obtained":[{"floor":9.0,"key":"Boot"},{"floor":11.0,"key":"Snake Skull"},{"floor":14.0,"key":"Bag of Preparation"},{"floor":26.0,"key":"Bronze Scales"},{"floor":41,"key":"Paper Crane"},{"floor":43,"key":"The Courier"}],"event_choices":[{"damage_healed":0.0,"max_hp_gain":0.0,"max_hp_loss":0.0,"gold_gain":0.0,"event_name":"Scrap Ooze","player_choice":"Fled","floor":3.0,"gold_loss":0.0,"damage_taken":0.0},{"damage_healed":0.0,"max_hp_gain":0.0,"max_hp_loss":0.0,"gold_gain":0.0,"event_name":"Lab","player_choice":"Got Potions","floor":4.0,"gold_loss":0.0,"damage_taken":0.0},{"damage_healed":0.0,"max_hp_gain":0.0,"max_hp_loss":0.0,"gold_gain":0.0,"event_name":"Upgrade Shrine","player_choice":"Upgraded","floor":20.0,"gold_loss":0.0,"damage_taken":0.0,"cards_upgraded":["Burst"]},{"damage_healed":0.0,"max_hp_gain":0.0,"max_hp_loss":0.0,"gold_gain":0.0,"event_name":"Tomb of Lord Red Mask","player_choice":"Paid","floor":37.0,"gold_loss":50.0,"damage_taken":0.0,"relics_obtained":["Red Mask"]},{"damage_healed":0,"gold_gain":0,"player_choice":"Max HP","damage_taken":0,"max_hp_gain":0,"max_hp_loss":3,"event_name":"Winding Halls","floor":46,"gold_loss":0}],"is_beta":false,"boss_relics":[{"not_picked":["White Beast Statue","Snecko Eye"],"picked":"Philosopher\u0027s Stone"},{"not_picked":["Busted Crown","Orrery"],"picked":"Fusion Hammer"}],"items_purged_floors":[10,21],"is_endless":false,"potions_floor_spawned":[5,7,11,13,24,28,30,33,42,47,48],"ascension_level":15}