{"gold_per_floor":[215,234,234,252,263,263,292,292,292,326,168,168,180,180,180,275,275,285,31,31,31,48,48,48,48,48,61,11,11,27,27,27,126,126,137,137,0,14,34,34,51,82,82,94,109,109,123,133,133,133],"floor_reached":51,"playtime":4699,"items_purged":["Writhe"],"score":730,"play_id":"abcbdf95-14f0-45bc-9e6d-3b23b9872461","local_time":"20181017194910","is_ascension_mode":true,"campfire_choices":[{"data":"Defragment","floor":6,"key":"SMITH"},{"data":"Zap","floor":8,"key":"SMITH"},{"floor":12,"key":"REST"},{"data":"Echo Form","floor":15,"key":"SMITH"},{"floor":23,"key":"REST"},{"data":"Glacier","floor":25,"key":"SMITH"},{"data":"Go for the Eyes","floor":29,"key":"SMITH"},{"data":"Reinforced Body","floor":32,"key":"SMITH"},{"data":"White Noise","floor":40,"key":"SMITH"},{"floor":46,"key":"REST"},{"floor":49,"key":"REST"}],"neow_cost":"NONE","seed_source_timestamp":277809786367283,"circlet_count":0,"master_deck":["Strike_B","Strike_B","Strike_B","Strike_B","Defend_B","Defend_B","Defend_B","Defend_B","Zap+1","Dualcast","Defragment+1","Go for the Eyes+1","Gash","Reinforced Body+1","Echo Form+1","Defragment+1","Amplify","Streamline","Electrodynamics","Glacier+1","White Noise+1","Gash","Go for the Eyes+1","Force Field+1","Echo Form","Hologram+1","Beam Cell+1"],"relics":["Cracked Core","Strawberry","Mercury Hourglass","Ice Cream","Eternal Feather","Smiling Mask","Bottled Tornado","Busted Crown","FossilizedHelix","Red Mask","Omamori","PreservedInsect"],"potions_floor_usage":[7,7,16,33,33,33,44,47,50,50,50],"damage_taken":[{"damage":10,"enemies":"Cultist","floor":1,"turns":4},{"damage":0,"enemies":"Small Slimes","floor":2,"turns":3},{"damage":3,"enemies":"2 Louse","floor":4,"turns":2},{"damage":7,"enemies":"Looter","floor":5,"turns":4},{"damage":22,"enemies":"3 Sentries","floor":7,"turns":5},{"damage":8,"enemies":"Gremlin Nob","floor":10,"turns":3},{"damage":8,"enemies":"3 Louse","floor":13,"turns":3},{"damage":9,"enemies":"The Guardian","floor":16,"turns":10},{"damage":31,"enemies":"3 Byrds","floor":18,"turns":4},{"damage":34,"enemies":"2 Thieves","floor":22,"turns":3},{"damage":13,"enemies":"Shelled Parasite and Fungi","floor":27,"turns":5},{"damage":19,"enemies":"Centurion and Healer","floor":30,"turns":5},{"damage":2,"enemies":"Champ","floor":33,"turns":9},{"damage":25,"enemies":"3 Darklings","floor":35,"turns":2},{"damage":0,"enemies":"Mind Bloom Boss Battle","floor":36,"turns":5},{"damage":5,"enemies":"Orb Walker","floor":38,"turns":4},{"damage":0,"enemies":"Spire Growth","floor":39,"turns":6},{"damage":8,"enemies":"Maw","floor":41,"turns":7},{"damage":0,"enemies":"Giant Head","floor":42,"turns":8},{"damage":0,"enemies":"Sphere and 2 Shapes","floor":44,"turns":3},{"damage":26,"enemies":"Spire Growth","floor":45,"turns":5},{"damage":8,"enemies":"Maw","floor":47,"turns":7},{"damage":21,"enemies":"Reptomancer","floor":48,"turns":5},{"damage":45,"enemies":"Donu and Deca","floor":50,"turns":8}],"seed_played":"-7028118435802727646","potions_obtained":[{"floor":2,"key":"PowerPotion"},{"floor":4,"key":"SkillPotion"},{"floor":5,"key":"SpeedPotion"},{"floor":16,"key":"FocusPotion"},{"floor":22,"key":"FocusPotion"},{"floor":30,"key":"Regen Potion"},{"floor":38,"key":"Poison Potion"},{"floor":39,"key":"Block Potion"},{"floor":42,"key":"Block Potion"},{"floor":44,"key":"LiquidBronze"},{"floor":48,"key":"LiquidBronze"}],"is_trial":false,"path_per_floor":["M","M","?","M","M","R","E","R","T","E","$","R","M","?","R","B",null,"M","$","?","?","M","R","?","R","T","M","$","R","M","?","R","B",null,"M","?","?","M","M","R","M","E","T","M","M","R","M","M","R","B"],"character_chosen":"DEFECT","items_purchased":["Echo Form","Electrodynamics","Glacier","White Noise"],"campfire_rested":4,"item_purchase_floors":[11,19,19,19],"current_hp_per_floor":[65,65,70,67,60,60,45,45,45,37,37,63,55,55,55,46,87,56,56,56,56,22,60,60,72,72,59,59,71,52,52,64,77,87,62,62,62,57,57,72,64,64,64,64,38,79,71,50,87,42],"gold":133,"neow_bonus":"HUNDRED_GOLD","is_prod":false,"is_daily":false,"chose_seed":false,"campfire_upgraded":7,"win_rate":0,"timestamp":1539820150,"path_taken":["M","?","?","M","M","R","E","R","T","E","$","R","M","?","R","BOSS","M","$","?","?","M","R","?","R","T","M","$","R","M","?","R","BOSS","M","?","?","M","M","R","M","E","T","M","M","R","M","M","R","BOSS"],"build_version":"2018-10-11","purchased_purges":1,"victory":true,"max_hp_per_floor":[75,75,80,80,80,80,87,87,87,87,87,87,87,87,87,87,87,87,87,87,87,87,87,87,87,87,87,87,87,87,87,87,87,87,87,87,87,87,87,87,87,87,87,87,87,87,87,87,87,87],"card_choices":[{"not_picked":["Sweeping Beam","Blizzard"],"picked":"Defragment","floor":1},{"not_picked":["Turbo","Stack"],"picked":"Go for the Eyes","floor":2},{"not_picked":["BootSequence","Steam"],"picked":"Gash","floor":4},{"not_picked":["Stack","Steam","Aggregate"],"picked":"SKIP","floor":5},{"not_picked":["Compile Driver","Aggregate","Steam"],"picked":"SKIP","floor":7},{"not_picked":["Rainbow","Turbo"],"picked":"Reinforced Body","floor":10},{"not_picked":["Hologram","Go for the Eyes"],"picked":"Defragment","floor":13},{"not_picked":["Meteor Strike","Thunder Strike"],"picked":"Amplify","floor":16},{"not_picked":["Steam+1","Heatsinks"],"picked":"Streamline","floor":18},{"not_picked":["Steam","Conserve Battery"],"picked":"Gash","floor":22},{"not_picked":["Hologram","Steam"],"picked":"Go for the Eyes+1","floor":27},{"not_picked":["Undo+1","Barrage"],"picked":"Force Field+1","floor":30},{"not_picked":["Amplify","Hyperbeam"],"picked":"Echo Form","floor":33},{"not_picked":["Sweeping Beam"],"picked":"SKIP","floor":35},{"not_picked":["Lockon+1"],"picked":"SKIP","floor":38},{"not_picked":["Genetic Algorithm+1"],"picked":"SKIP","floor":39},{"not_picked":[],"picked":"Hologram+1","floor":41},{"not_picked":[],"picked":"Beam Cell+1","floor":42},{"not_picked":["Coolheaded"],"picked":"SKIP","floor":44},{"not_picked":["Redo+1"],"picked":"SKIP","floor":45},{"not_picked":["Compile Driver+1"],"picked":"SKIP","floor":47},{"not_picked":["Cold Snap"],"picked":"SKIP","floor":48}],"player_experience":73400,"relics_obtained":[{"floor":7,"key":"Strawberry"},{"floor":9,"key":"Mercury Hourglass"},{"floor":10,"key":"Ice Cream"},{"floor":26,"key":"Bottled Tornado"},{"floor":36,"key":"FossilizedHelix"},{"floor":42,"key":"Omamori"},{"floor":43,"key":"PreservedInsect"}],"event_choices":[{"event_name":"Big Fish","player_choice":"Donut","floor":3,"damage_taken":0},{"event_name":"Golden Wing","player_choice":"Ignored","floor":14,"damage_taken":0},{"event_name":"Beggar","player_choice":"Ignored","floor":20,"damage_taken":0},{"event_name":"Accursed Blacksmith","player_choice":"Forge","floor":21,"damage_taken":0},{"event_name":"The Mausoleum","player_choice":"Yes","floor":24,"damage_taken":0},{"event_name":"Ghosts","player_choice":"Ignored","floor":31,"damage_taken":0},{"event_name":"MindBloom","player_choice":"Fight","floor":36,"damage_taken":0},{"event_name":"Tomb of Lord Red Mask","player_choice":"Paid","floor":37,"damage_taken":0}],"is_beta":false,"boss_relics":[{"not_picked":["Runic Pyramid","Ectoplasm"],"picked":"Eternal Feather"},{"not_picked":["Pandora\u0027s Box","Orrery"],"picked":"Busted Crown"}],"items_purged_floors":[28],"is_endless":false,"potions_floor_spawned":[2,4,5,16,22,30,38,39,42,44,48],"ascension_level":2}