{"gold_per_floor":[20,34,53,18,29,29,29,57,80,80,106,106,106,126,126,199,199,214,264,275,275,287,287,287],"floor_reached":24,"playtime":951,"items_purged":[],"score":371,"play_id":"57d74a08-e016-4cf3-b739-2d7c156247b6","local_time":"20180824111300","is_ascension_mode":true,"campfire_choices":[{"data":"Zap","floor":6,"key":"SMITH"},{"data":"Go for the Eyes","floor":10,"key":"SMITH"},{"data":"Dualcast","floor":13,"key":"SMITH"},{"data":"Ball Lightning","floor":15,"key":"SMITH"},{"floor":23,"key":"REST"}],"neow_cost":"NO_GOLD","seed_source_timestamp":9250360368581,"circlet_count":0,"master_deck":["Strike_B","Strike_B","Strike_B","Strike_B","Defend_B","Defend_B","Defend_B","Defend_B","Zap+1","Dualcast+1","AscendersBane","Core Surge","Go for the Eyes+1","Conserve Battery","Rebound","Ball Lightning+1","BootSequence","Hologram+1","Conserve Battery","Undo","Glacier"],"relics":["Cracked Core","Happy Flower","Blood Vial","Lantern","Runic Dome","Ancient Tea Set"],"potions_floor_usage":[11,14,18,20,24],"damage_taken":[{"damage":7,"enemies":"2 Louse","floor":1,"turns":2},{"damage":2,"enemies":"Jaw Worm","floor":2,"turns":3},{"damage":0,"enemies":"Small Slimes","floor":3,"turns":4},{"damage":0,"enemies":"Exordium Wildlife","floor":5,"turns":2},{"damage":20,"enemies":"Lagavulin","floor":8,"turns":5},{"damage":10,"enemies":"Gremlin Nob","floor":11,"turns":4},{"damage":0,"enemies":"Large Slime","floor":14,"turns":4},{"damage":21,"enemies":"The Guardian","floor":16,"turns":12},{"damage":2,"enemies":"3 Byrds","floor":18,"turns":3},{"damage":0,"enemies":"Spheric Guardian","floor":20,"turns":3},{"damage":49,"enemies":"3 Cultists","floor":22,"turns":7},{"damage":39,"enemies":"Slavers","floor":24,"turns":6}],"seed_played":"-3787821398800445800","potions_obtained":[{"floor":5,"key":"Explosive Potion"},{"floor":8,"key":"SkillPotion"},{"floor":11,"key":"AttackPotion"},{"floor":14,"key":"LiquidBronze"},{"floor":22,"key":"Poison Potion"}],"is_trial":false,"path_per_floor":["M","M","M","?","M","R","$","E","T","R","E","?","R","M","R","B",null,"M","?","M","T","M","R"],"character_chosen":"DEFECT","items_purchased":[],"campfire_rested":1,"item_purchase_floors":[],"current_hp_per_floor":[57,55,55,71,71,71,71,51,51,51,43,43,43,45,45,26,60,60,60,62,62,15,36,0],"gold":287,"neow_bonus":"THREE_RARE_CARDS","is_prod":false,"is_daily":false,"chose_seed":false,"campfire_upgraded":4,"win_rate":0,"timestamp":1535134380,"path_taken":["M","M","M","?","M","R","$","E","T","R","E","?","R","M","R","BOSS","M","?","M","?","?","R","E"],"build_version":"2018-08-23v2","purchased_purges":0,"victory":false,"max_hp_per_floor":[71,71,71,71,71,71,71,71,71,71,71,71,71,71,71,71,71,71,71,71,71,71,71,71],"card_choices":[{"not_picked":["Thunder Strike","Amplify"],"picked":"Core Surge","floor":0},{"not_picked":["Turbo","Beam Cell"],"picked":"Go for the Eyes","floor":1},{"not_picked":["Barrage","Scrape"],"picked":"Conserve Battery","floor":2},{"not_picked":["Chaos","Barrage"],"picked":"Rebound","floor":3},{"not_picked":["Recycle","Barrage"],"picked":"Ball Lightning","floor":5},{"not_picked":["Turbo","Multi-Cast"],"picked":"BootSequence","floor":8},{"not_picked":["Compile Driver","Buffer"],"picked":"Hologram","floor":11},{"not_picked":["Darkness","Gash"],"picked":"Conserve Battery","floor":14},{"not_picked":["Steam","Hello World","Beam Cell"],"picked":"SKIP","floor":18},{"not_picked":["Barrage+1","Leap"],"picked":"Undo","floor":20},{"not_picked":["Beam Cell","Turbo"],"picked":"Glacier","floor":22}],"player_experience":1031188,"relics_obtained":[{"floor":8,"key":"Happy Flower"},{"floor":9,"key":"Blood Vial"},{"floor":11,"key":"Lantern"},{"floor":21,"key":"Ancient Tea Set"}],"event_choices":[{"event_name":"The Cleric","player_choice":"Healed","floor":4,"damage_taken":0},{"event_name":"Living Wall","player_choice":"Grow","floor":12,"damage_taken":0},{"event_name":"The Joust","player_choice":"Bet on Murderer","floor":19,"damage_taken":0}],"is_beta":false,"boss_relics":[{"not_picked":["Coffee Dripper","White Beast Statue"],"picked":"Runic Dome"}],"items_purged_floors":[],"is_endless":false,"potions_floor_spawned":[5,8,11,14,22],"killed_by":"Slavers","ascension_level":16}