{"gold_per_floor":[365,385,86,11,11,11,23,23,47,72,90,117,117,131,131,208,208,224,224,224,139,159,215,215,233,283,311,322,333,333,333,333,412,412,428,237,255,303,319,319,336,336,363,363,381,1,1,17,17,17],"floor_reached":51,"playtime":2401,"items_purged":["Regret"],"score":1291,"play_id":"bf57517a-ced7-4b12-b522-ca76e3a2d36c","local_time":"20181217172238","is_ascension_mode":true,"campfire_choices":[{"data":"Noxious Fumes","floor":6.0,"key":"SMITH"},{"data":"Neutralize","floor":8.0,"key":"SMITH"},{"data":"1","floor":13.0,"key":"LIFT"},{"floor":15.0,"key":"REST"},{"data":"2","floor":24.0,"key":"LIFT"},{"data":"3","floor":30.0,"key":"LIFT"},{"data":"Crippling Poison","floor":32.0,"key":"SMITH"},{"data":"Malaise","floor":40,"key":"SMITH"},{"data":"Wraith Form v2","floor":42,"key":"SMITH"},{"data":"Catalyst","floor":47,"key":"SMITH"},{"data":"Well Laid Plans","floor":49,"key":"SMITH"}],"neow_cost":"CURSE","seed_source_timestamp":116530508320459,"circlet_count":0,"master_deck":["AscendersBane","Defend_G+1","Defend_G+1","Defend_G+1","Defend_G+1","Defend_G+1","Strike_G+1","Strike_G+1","Survivor","Neutralize+1","Quick Slash","Flying Knee","Noxious Fumes+1","Corpse Explosion","Leg Sweep","Wraith Form v2+1","Backflip","Phantasmal Killer","Well Laid Plans+1","Cloak And Dagger","Deflect+1","Backstab","Crippling Poison+1","Malaise+1","Dodge and Roll+1","Parasite","Catalyst+1","Dark Shackles"],"special_seed":0,"relics":["Ring of the Serpent","Vajra","Bag of Preparation","Torii","Girya","Philosopher\u0027s Stone","Paper Crane","Tiny Chest","Juzu Bracelet","Red Mask","TwistedFunnel","Prayer Wheel","Boot","Strawberry"],"potions_floor_usage":[50,50],"damage_taken":[{"damage":2.0,"enemies":"Small Slimes","floor":1.0,"turns":5.0},{"damage":8.0,"enemies":"2 Louse","floor":2.0,"turns":3.0},{"damage":0.0,"enemies":"Jaw Worm","floor":7.0,"turns":3.0},{"damage":27.0,"enemies":"3 Sentries","floor":10.0,"turns":7.0},{"damage":0.0,"enemies":"Large Slime","floor":11.0,"turns":5.0},{"damage":17.0,"enemies":"Gremlin Nob","floor":12.0,"turns":4.0},{"damage":1.0,"enemies":"Looter","floor":14.0,"turns":3.0},{"damage":11.0,"enemies":"Hexaghost","floor":16.0,"turns":9.0},{"damage":2.0,"enemies":"Shell Parasite","floor":18.0,"turns":7.0},{"damage":1.0,"enemies":"Spheric Guardian","floor":22.0,"turns":7.0},{"damage":1.0,"enemies":"Gremlin Leader","floor":23.0,"turns":7.0},{"damage":0.0,"enemies":"Cultist and Chosen","floor":25.0,"turns":4.0},{"damage":4.0,"enemies":"Masked Bandits","floor":27.0,"turns":4.0},{"damage":0.0,"enemies":"Snake Plant","floor":28.0,"turns":5.0},{"damage":0.0,"enemies":"Chosen and Byrds","floor":29.0,"turns":7.0},{"damage":16.0,"enemies":"Collector","floor":33.0,"turns":9.0},{"damage":0.0,"enemies":"3 Shapes","floor":35.0,"turns":3.0},{"damage":1.0,"enemies":"Orb Walker","floor":37.0,"turns":3.0},{"damage":0.0,"enemies":"2 Orb Walkers","floor":38.0,"turns":4.0},{"damage":0,"enemies":"Writhing Mass","floor":39,"turns":10},{"damage":0,"enemies":"3 Darklings","floor":41,"turns":5},{"damage":1,"enemies":"Sphere and 2 Shapes","floor":45,"turns":5},{"damage":0,"enemies":"Maw","floor":48,"turns":6},{"damage":46,"enemies":"Time Eater","floor":50,"turns":18}],"seed_played":"4010556270310636315","potions_obtained":[{"floor":10.0,"key":"SpeedPotion"},{"floor":11.0,"key":"PowerPotion"},{"floor":12.0,"key":"Energy Potion"},{"floor":22.0,"key":"SkillPotion"},{"floor":27.0,"key":"Dexterity Potion"},{"floor":33.0,"key":"Weak Potion"},{"floor":37.0,"key":"PowerPotion"},{"floor":39,"key":"EssenceOfSteel"}],"is_trial":false,"path_per_floor":["M","M","$","?","?","R","M","R","T","E","M","E","R","M","R","B",null,"M","?","?","?","M","E","R","M","T","?","M","M","R","$","R","B",null,"M","$","M","?","M","R","M","R","T","?","M","$","R","M","R","B",null],"character_chosen":"THE_SILENT","items_purchased":["Noxious Fumes","Vajra","TwistedFunnel","Catalyst","GhostInAJar","Dark Shackles","Strawberry"],"campfire_rested":1,"item_purchase_floors":[3,3,36,46,46,46,46],"current_hp_per_floor":[57,49,49,49,49,49,49,49,49,22,22,5,5,4,23,12,53,51,51,51,51,50,49,49,49,49,45,45,45,45,45,45,29,57,57,57,56,56,56,56,56,56,56,56,55,62,62,62,62,16],"gold":17,"neow_bonus":"TWO_FIFTY_GOLD","is_prod":false,"is_daily":false,"chose_seed":false,"campfire_upgraded":7,"win_rate":0,"timestamp":1545096158,"path_taken":["M","M","$","?","?","R","M","R","T","E","M","E","R","M","R","BOSS","M","?","?","?","?","E","R","M","T","?","M","M","R","$","R","BOSS","M","$","M","?","M","R","M","R","T","?","M","?","R","M","R","BOSS"],"build_version":"2018-12-13","purchased_purges":1,"victory":true,"max_hp_per_floor":[66,66,66,66,66,66,66,66,66,66,66,66,66,66,66,66,66,66,66,66,66,66,66,66,66,66,66,66,66,66,66,66,66,66,66,66,66,66,66,66,66,66,66,66,66,73,73,73,73,73],"card_choices":[{"not_picked":["Infinite Blades","PiercingWail"],"picked":"Quick Slash","floor":1.0},{"not_picked":["Prepared","Heel Hook"],"picked":"Flying Knee","floor":2.0},{"not_picked":["Sucker Punch","Dodge and Roll","Flechettes"],"picked":"SKIP","floor":7.0},{"not_picked":["Masterful Stab","Poisoned Stab","Blade Dance"],"picked":"SKIP","floor":10.0},{"not_picked":["Deflect","Setup"],"picked":"Corpse Explosion","floor":11.0},{"not_picked":["Deadly Poison","Concentrate","Escape Plan"],"picked":"SKIP","floor":12.0},{"not_picked":["Sucker Punch","Prepared"],"picked":"Leg Sweep","floor":14.0},{"not_picked":["Die Die Die","Doppelganger"],"picked":"Wraith Form v2","floor":16.0},{"not_picked":["Deflect","Eviscerate","Reflex"],"picked":"SKIP","floor":18.0},{"not_picked":["All Out Attack","Bouncing Flask"],"picked":"Well Laid Plans","floor":22.0},{"not_picked":["Crippling Poison","Noxious Fumes","Prepared"],"picked":"SKIP","floor":23.0},{"not_picked":["Blade Dance","Choke"],"picked":"Cloak And Dagger","floor":25.0},{"not_picked":["Slice","Setup"],"picked":"Deflect+1","floor":27.0},{"not_picked":["Prepared","Underhanded Strike"],"picked":"Backstab","floor":28.0},{"not_picked":["Skewer","Prepared"],"picked":"Crippling Poison","floor":29.0},{"not_picked":["After Image","Doppelganger"],"picked":"Malaise","floor":33.0},{"not_picked":["Backstab","Blade Dance","Backflip"],"picked":"SKIP","floor":35.0},{"not_picked":["Quick Slash","Flechettes","Well Laid Plans"],"picked":"SKIP","floor":37.0},{"not_picked":["Heel Hook","Blade Dance"],"picked":"Dodge and Roll+1","floor":38.0},{"not_picked":["Deadly Poison","Quick Slash","Dagger Throw+1"],"picked":"SKIP","floor":39},{"not_picked":["Quick Slash","After Image","Poisoned Stab"],"picked":"SKIP","floor":39},{"not_picked":["Predator+1","Outmaneuver","Flying Knee+1"],"picked":"SKIP","floor":41},{"not_picked":["Skewer","Blade Dance","Bane"],"picked":"SKIP","floor":41},{"not_picked":["Skewer","Expertise","Cloak And Dagger"],"picked":"SKIP","floor":45},{"not_picked":["Escape Plan","Bouncing Flask","Poisoned Stab+1"],"picked":"SKIP","floor":45},{"not_picked":["Slice","PiercingWail","Quick Slash"],"picked":"SKIP","floor":48},{"not_picked":["Calculated Gamble","Crippling Poison","Finisher"],"picked":"SKIP","floor":48}],"player_experience":1836409,"relics_obtained":[{"floor":9.0,"key":"Bag of Preparation"},{"floor":10.0,"key":"Torii"},{"floor":12.0,"key":"Girya"},{"floor":23.0,"key":"Tiny Chest"},{"floor":26.0,"key":"Juzu Bracelet"},{"floor":27.0,"key":"Red Mask"},{"floor":38.0,"key":"Prayer Wheel"},{"floor":43,"key":"Boot"}],"event_choices":[{"cards_removed":["Strike_G"],"damage_healed":0.0,"max_hp_gain":0.0,"max_hp_loss":0.0,"gold_gain":0.0,"event_name":"The Cleric","player_choice":"Card Removal","floor":4.0,"gold_loss":75.0,"damage_taken":0.0},{"damage_healed":0.0,"max_hp_gain":0.0,"max_hp_loss":0.0,"gold_gain":0.0,"event_name":"Golden Idol","player_choice":"Ignored","floor":5.0,"gold_loss":0.0,"damage_taken":0.0},{"damage_healed":0.0,"max_hp_gain":0.0,"max_hp_loss":0.0,"gold_gain":0.0,"cards_transformed":["Strike_G","Strike_G"],"event_name":"Drug Dealer","player_choice":"Became Test Subject","floor":19.0,"gold_loss":0.0,"damage_taken":0.0,"cards_obtained":["Backflip","Phantasmal Killer"]},{"damage_healed":0.0,"max_hp_gain":0.0,"max_hp_loss":0.0,"gold_gain":0.0,"event_name":"Back to Basics","player_choice":"Simplicity","floor":20.0,"gold_loss":0.0,"damage_taken":0.0,"cards_upgraded":["Defend_G","Defend_G","Defend_G","Defend_G","Defend_G","Strike_G","Strike_G"]},{"damage_healed":0.0,"max_hp_gain":0.0,"max_hp_loss":0.0,"gold_gain":0.0,"event_name":"Addict","player_choice":"Obtained Relic","floor":21.0,"gold_loss":85.0,"damage_taken":0.0,"relics_obtained":["Paper Crane"]},{"damage_healed":0.0,"max_hp_gain":0.0,"max_hp_loss":0.0,"gold_gain":0.0,"event_name":"Masked Bandits","player_choice":"Fought Bandits","floor":27.0,"gold_loss":0.0,"damage_taken":0.0},{"damage_healed":0.0,"max_hp_gain":0.0,"max_hp_loss":0.0,"gold_gain":0.0,"event_name":"Mysterious Sphere","player_choice":"Fight","floor":38.0,"gold_loss":0.0,"damage_taken":0.0},{"damage_healed":0,"gold_gain":0,"player_choice":"Memory 1","damage_taken":0,"max_hp_gain":0,"max_hp_loss":0,"event_name":"SensoryStone","floor":44,"gold_loss":0}],"is_beta":false,"boss_relics":[{"not_picked":["Ectoplasm","HoveringKite"],"picked":"Philosopher\u0027s Stone"},{"not_picked":["Runic Dome","Pandora\u0027s Box"],"picked":"Ring of the Serpent"}],"items_purged_floors":[3],"is_endless":false,"potions_floor_spawned":[10,11,12,16,22,23,27,33,35,37,39],"ascension_level":15}