{"gold_per_floor":[119,44,63,213,227,227,243,12,12,44,44,58,119,119,119,192,192,205,219,239,239,239,239,249,278,278,90,110,110,140,140,140,215,215,231,251,271,72,88,88,117,117,172,45,45,45,63,81,81,81],"floor_reached":51,"playtime":2208,"items_purged":["Doubt","Strike_B","Decay"],"score":1322,"play_id":"6043d207-ac99-4b3f-8239-9f98b5fff5cb","local_time":"20180823144359","is_ascension_mode":true,"campfire_choices":[{"data":"Streamline","floor":6.0,"key":"SMITH"},{"data":"Dualcast","floor":11,"key":"SMITH"},{"data":"Glacier","floor":15,"key":"SMITH"},{"floor":23,"key":"REST"},{"floor":29,"key":"REST"},{"floor":32,"key":"REST"},{"floor":40,"key":"REST"},{"floor":42,"key":"REST"},{"data":"Capacitor","floor":46,"key":"SMITH"},{"data":"Defragment","floor":49,"key":"SMITH"}],"neow_cost":"NONE","seed_source_timestamp":10930183960590,"circlet_count":0,"master_deck":["Zap+1","Dualcast+1","AscendersBane","Rebound","Go for the Eyes","Streamline+1","Chill","Glacier+1","FTL","Leap","Ball Lightning","Echo Form","Coolheaded","Hologram","Biased Cognition","Conserve Battery","Defragment+1","Defragment+1","Seek","Coolheaded","Ball Lightning","Capacitor+1","Leap","Scrape","Reinforced Body","Writhe"],"special_seed":0,"relics":["Cracked Core","Darkstone Periapt","Art of War","Tiny Chest","Mercury Hourglass","Busted Crown","Bottled Tornado","Bottled Flame","Orichalcum","Pandora\u0027s Box","Unceasing Top","Bag of Marbles"],"potions_floor_usage":[16,19,25,28,30,33,33,41,50],"damage_taken":[{"damage":0.0,"enemies":"2 Louse","floor":1.0,"turns":3.0},{"damage":0.0,"enemies":"Small Slimes","floor":3.0,"turns":2.0},{"damage":9.0,"enemies":"Jaw Worm","floor":5.0,"turns":2.0},{"damage":1,"enemies":"Looter","floor":7,"turns":2},{"damage":14,"enemies":"3 Sentries","floor":10,"turns":6},{"damage":0,"enemies":"2 Fungi Beasts","floor":12,"turns":3},{"damage":6,"enemies":"Lagavulin","floor":13,"turns":7},{"damage":12,"enemies":"Hexaghost","floor":16,"turns":9},{"damage":0,"enemies":"Chosen","floor":18,"turns":3},{"damage":8,"enemies":"2 Thieves","floor":19,"turns":4},{"damage":16,"enemies":"Sentry and Sphere","floor":20,"turns":4},{"damage":15,"enemies":"Snake Plant","floor":24,"turns":4},{"damage":12,"enemies":"Book of Stabbing","floor":25,"turns":3},{"damage":17,"enemies":"Shelled Parasite and Fungi","floor":28,"turns":5},{"damage":21,"enemies":"Gremlin Leader","floor":30,"turns":7},{"damage":0,"enemies":"Automaton","floor":33,"turns":9},{"damage":5,"enemies":"Orb Walker","floor":35,"turns":3},{"damage":8,"enemies":"Flame Bruiser 1 Orb","floor":36,"turns":6},{"damage":7,"enemies":"Spire Growth","floor":37,"turns":5},{"damage":18,"enemies":"3 Darklings","floor":39,"turns":5},{"damage":33,"enemies":"Nemesis","floor":41,"turns":9},{"damage":11,"enemies":"4 Shapes","floor":47,"turns":5},{"damage":0,"enemies":"Sphere and 2 Shapes","floor":48,"turns":6},{"damage":30,"enemies":"Time Eater","floor":50,"turns":14}],"seed_played":"1959653154315275369","potions_obtained":[{"floor":1.0,"key":"GamblersBrew"},{"floor":10,"key":"LiquidBronze"},{"floor":13,"key":"Strength Potion"},{"floor":16,"key":"AttackPotion"},{"floor":24,"key":"FearPotion"},{"floor":25,"key":"SneckoOil"},{"floor":28,"key":"AttackPotion"},{"floor":30,"key":"Dexterity Potion"},{"floor":35,"key":"SteroidPotion"},{"floor":41,"key":"PowerPotion"}],"is_trial":false,"path_per_floor":["M","?","M","?","M","R","M","$","T","E","R","M","E","T","R","B",null,"M","M","M","?","?","R","M","E","T","$","M","R","E","?","R","B",null,"M","M","M","$","M","R","E","R","T","$","?","R","M","M","R","B"],"character_chosen":"DEFECT","items_purchased":["Glacier","FTL","Conserve Battery","Defragment","Regen Potion","Swift Potion","Reinforced Body"],"campfire_rested":5,"item_purchase_floors":[8,8,27,27,38,44,44],"current_hp_per_floor":[64,64,64,64,55,55,54,54,54,40,40,40,34,34,34,22,59,59,51,35,35,35,56,41,29,29,29,12,33,12,18,41,41,68,63,55,48,48,30,53,35,58,58,58,79,79,68,68,68,38],"gold":81,"neow_bonus":"UPGRADE_CARD","is_prod":false,"is_daily":false,"chose_seed":false,"campfire_upgraded":5,"win_rate":0,"timestamp":1535060639,"path_taken":["M","?","M","?","M","R","?","$","T","E","R","M","E","?","R","BOSS","M","?","?","?","?","R","?","E","T","$","M","R","E","?","R","BOSS","M","M","M","$","M","R","E","R","T","$","?","R","?","M","R","BOSS"],"build_version":"2018-08-16","purchased_purges":3,"victory":true,"max_hp_per_floor":[71,71,71,71,71,71,71,71,71,71,71,71,71,71,71,71,71,71,71,71,71,71,71,71,71,71,71,71,71,71,77,77,77,77,77,77,77,77,77,77,77,77,77,77,83,83,83,83,83,83],"card_choices":[{"not_picked":["Self Repair","Chaos"],"picked":"Rebound","floor":1.0},{"not_picked":["Compile Driver","Rip and Tear"],"picked":"Go for the Eyes","floor":3.0},{"not_picked":["Steam","Compile Driver"],"picked":"Streamline","floor":5.0},{"not_picked":["Lockon","Static Discharge"],"picked":"Chill","floor":7},{"not_picked":["Reboot","Gash"],"picked":"Leap","floor":10},{"not_picked":["Double Energy","Conserve Battery"],"picked":"Ball Lightning","floor":12},{"not_picked":["Go for the Eyes","Streamline","Ball Lightning"],"picked":"SKIP","floor":13},{"not_picked":["Core Surge","Biased Cognition"],"picked":"Echo Form","floor":16},{"not_picked":[],"picked":"Coolheaded","floor":18},{"not_picked":[],"picked":"Hologram","floor":19},{"not_picked":["Sweeping Beam"],"picked":"SKIP","floor":20},{"not_picked":["Cold Snap"],"picked":"SKIP","floor":24},{"not_picked":[],"picked":"Biased Cognition","floor":25},{"not_picked":[],"picked":"Defragment+1","floor":28},{"not_picked":["Loop"],"picked":"SKIP","floor":30},{"not_picked":[],"picked":"Seek","floor":33},{"not_picked":["Recycle"],"picked":"SKIP","floor":35},{"not_picked":["Blizzard"],"picked":"SKIP","floor":36},{"not_picked":["Conserve Battery"],"picked":"SKIP","floor":37},{"not_picked":["Lockon"],"picked":"SKIP","floor":39},{"not_picked":["Chaos+1"],"picked":"SKIP","floor":41},{"not_picked":["Cold Snap"],"picked":"SKIP","floor":47},{"not_picked":["Self Repair"],"picked":"SKIP","floor":48}],"player_experience":1016813,"relics_obtained":[{"floor":9,"key":"Darkstone Periapt"},{"floor":10,"key":"Art of War"},{"floor":13,"key":"Tiny Chest"},{"floor":14,"key":"Mercury Hourglass"},{"floor":25,"key":"Bottled Tornado"},{"floor":26,"key":"Bottled Flame"},{"floor":30,"key":"Orichalcum"},{"floor":41,"key":"Unceasing Top"},{"floor":43,"key":"Bag of Marbles"}],"event_choices":[{"event_name":"The Cleric","player_choice":"Card Removal","floor":2.0,"damage_taken":0.0},{"event_name":"Liars Game","player_choice":"agreed","floor":4.0,"damage_taken":0.0},{"event_name":"Purifier","player_choice":"One Purge","floor":21,"damage_taken":0},{"event_name":"The Mausoleum","player_choice":"No","floor":22,"damage_taken":0},{"event_name":"Forgotten Altar","player_choice":"Smashed Altar","floor":31,"damage_taken":0},{"event_name":"Winding Halls","player_choice":"Writhe","floor":45,"damage_taken":0}],"is_beta":false,"boss_relics":[{"not_picked":["Philosopher\u0027s Stone","Orrery"],"picked":"Busted Crown"},{"not_picked":["White Beast Statue","Empty Cage"],"picked":"Pandora\u0027s Box"}],"items_purged_floors":[8,27,38],"is_endless":false,"potions_floor_spawned":[1,10,13,16,24,25,28,30,35,41,48],"ascension_level":15}