{"gold_per_floor":[116,132,150,52,102,133,133,150,204,219,253,253,253,288,288,360,360,375,392,219,269,283,283,315,315,315,315,332,345,374,394,394,465,465,476,493,383,30,43,69,88,88,88,88,88,103,138,59,59,59],"floor_reached":51,"playtime":2017,"items_purged":["Strike_R","Strike_R"],"score":1417,"play_id":"3397d4c2-9ee1-4515-929f-c0015140289e","local_time":"20190425124206","is_ascension_mode":true,"campfire_choices":[{"data":"Inflame","floor":7.0,"key":"SMITH"},{"data":"Heavy Blade","floor":13.0,"key":"SMITH"},{"data":"Shockwave","floor":15.0,"key":"SMITH"},{"floor":23.0,"key":"REST"},{"floor":25.0,"key":"REST"},{"data":"Corruption","floor":27.0,"key":"SMITH"},{"floor":32.0,"key":"REST"},{"floor":42,"key":"REST"},{"floor":44,"key":"RECALL"},{"floor":49,"key":"REST"}],"neow_cost":"NONE","seed_source_timestamp":18402321638338,"circlet_count":0,"master_deck":["AscendersBane","Strike_R","Strike_R","Defend_R","Defend_R+1","Defend_R","Defend_R","Bash+1","Armaments+1","Pommel Strike+1","True Grit+1","Feel No Pain","Heavy Blade+1","Inflame+1","Twin Strike","Shrug It Off","Shockwave+1","Limit Break","Metallicize","Corruption+1","True Grit","Spot Weakness","Feel No Pain","Shrug It Off","Impervious","Twin Strike+1","Shrug It Off","Juggernaut+1","Body Slam+1","Exhume","Metallicize+1","Shrug It Off"],"special_seed":0,"relics":["Burning Blood","Mercury Hourglass","Bronze Scales","War Paint","Juzu Bracelet","Runic Pyramid","Art of War","Dodecahedron","Omamori","Fusion Hammer","Ornamental Fan","Frozen Egg 2","Bottled Flame","Lantern"],"potions_floor_usage":[50,50],"damage_taken":[{"damage":9.0,"enemies":"2 Louse","floor":1.0,"turns":3.0},{"damage":1.0,"enemies":"Cultist","floor":2.0,"turns":3.0},{"damage":5.0,"enemies":"Small Slimes","floor":3.0,"turns":4.0},{"damage":10.0,"enemies":"3 Sentries","floor":6.0,"turns":11.0},{"damage":6.0,"enemies":"3 Louse","floor":8.0,"turns":2.0},{"damage":3.0,"enemies":"Blue Slaver","floor":10.0,"turns":4.0},{"damage":27.0,"enemies":"Lagavulin","floor":11.0,"turns":7.0},{"damage":16.0,"enemies":"Gremlin Nob","floor":14.0,"turns":4.0},{"damage":16.0,"enemies":"Slime Boss","floor":16.0,"turns":8.0},{"damage":9.0,"enemies":"Shell Parasite","floor":18.0,"turns":6.0},{"damage":25.0,"enemies":"2 Thieves","floor":19.0,"turns":5.0},{"damage":18.0,"enemies":"Snake Plant","floor":22.0,"turns":4.0},{"damage":17.0,"enemies":"Book of Stabbing","floor":24.0,"turns":6.0},{"damage":0.0,"enemies":"Centurion and Healer","floor":28.0,"turns":5.0},{"damage":27.0,"enemies":"3 Cultists","floor":29.0,"turns":5.0},{"damage":20.0,"enemies":"Slavers","floor":30.0,"turns":5.0},{"damage":16.0,"enemies":"Shelled Parasite and Fungi","floor":31.0,"turns":6.0},{"damage":41.0,"enemies":"Collector","floor":33.0,"turns":8.0},{"damage":11.0,"enemies":"3 Shapes","floor":35.0,"turns":6.0},{"damage":12,"enemies":"3 Darklings","floor":36,"turns":5},{"damage":0,"enemies":"Maw","floor":39,"turns":7},{"damage":0,"enemies":"Giant Head","floor":40,"turns":6},{"damage":0,"enemies":"Sphere and 2 Shapes","floor":41,"turns":4},{"damage":7,"enemies":"Writhing Mass","floor":46,"turns":5},{"damage":48,"enemies":"Reptomancer","floor":47,"turns":6},{"damage":23,"enemies":"Time Eater","floor":50,"turns":7}],"seed_played":"2836474866322927476","potions_obtained":[{"floor":1.0,"key":"Ancient Potion"},{"floor":2.0,"key":"LiquidBronze"},{"floor":14.0,"key":"FearPotion"},{"floor":24.0,"key":"SteroidPotion"}],"is_trial":false,"path_per_floor":["M","M","M","$","?","E","R","M","T","M","E","?","R","E","R","B",null,"M","M","$","?","M","R","E","R","T","R","M","M","E","M","R","B",null,"M","M","?","$","M","E","M","R","T","R","?","M","E","$","R","B",null],"character_chosen":"IRONCLAD","items_purchased":["Feel No Pain","Heavy Blade","Corruption","True Grit","Ornamental Fan","Metallicize+1","Shrug It Off"],"campfire_rested":5,"item_purchase_floors":[4,4,20,20,38,48,48],"current_hp_per_floor":[65,70,71,71,71,67,67,67,67,70,49,49,49,39,39,29,64,61,42,42,42,30,52,41,63,63,63,69,48,34,24,46,11,59,54,48,48,48,54,60,66,75,75,75,75,74,32,32,54,37],"gold":59,"neow_bonus":"UPGRADE_CARD","is_prod":false,"is_daily":false,"chose_seed":false,"campfire_upgraded":4,"win_rate":0,"timestamp":1556221326,"path_taken":["M","M","M","$","?","E","R","M","T","?","E","?","R","E","R","BOSS","M","M","$","?","M","R","E","R","T","R","M","M","E","M","R","BOSS","M","M","?","$","M","E","M","R","T","R","?","M","E","?","R","BOSS"],"build_version":"2019-01-23","purchased_purges":2,"victory":true,"max_hp_per_floor":[75,75,75,75,75,75,75,75,75,75,75,75,75,75,75,75,75,75,75,75,75,75,75,75,75,75,75,75,75,75,75,75,75,75,75,75,75,75,75,75,75,75,75,75,75,75,75,75,75,75],"card_choices":[{"not_picked":["Seeing Red","Body Slam"],"picked":"Armaments","floor":1.0},{"not_picked":["Ghostly Armor","Infernal Blade"],"picked":"Pommel Strike","floor":2.0},{"not_picked":["Perfected Strike","Rage"],"picked":"True Grit","floor":3.0},{"not_picked":["Shrug It Off","Reckless Charge"],"picked":"Inflame","floor":6.0},{"not_picked":["Havoc","Carnage"],"picked":"Twin Strike","floor":8.0},{"not_picked":["Searing Blow","Havoc","Perfected Strike"],"picked":"SKIP","floor":10.0},{"not_picked":["Exhume","Armaments"],"picked":"Shrug It Off","floor":11.0},{"not_picked":["Clash","Havoc"],"picked":"Shockwave","floor":14.0},{"not_picked":["Feed","Impervious"],"picked":"Limit Break","floor":16.0},{"not_picked":["Flex","Evolve","Havoc"],"picked":"SKIP","floor":18.0},{"not_picked":["Perfected Strike","Warcry"],"picked":"Metallicize","floor":19.0},{"not_picked":["Havoc","Clash","Iron Wave"],"picked":"SKIP","floor":22.0},{"not_picked":["Flex+1","Twin Strike"],"picked":"Spot Weakness","floor":24.0},{"not_picked":["Armaments","Warcry","Pommel Strike"],"picked":"SKIP","floor":28.0},{"not_picked":["Brutality","Pommel Strike+1","Perfected Strike"],"picked":"SKIP","floor":29.0},{"not_picked":["Clothesline","Warcry"],"picked":"Feel No Pain","floor":30.0},{"not_picked":["Infernal Blade","Feel No Pain"],"picked":"Shrug It Off","floor":31.0},{"not_picked":["Feed","Fiend Fire"],"picked":"Impervious","floor":33.0},{"not_picked":["Clash+1","Ghostly Armor","Feel No Pain"],"picked":"SKIP","floor":35.0},{"not_picked":["Hemokinesis+1","Whirlwind"],"picked":"Twin Strike+1","floor":36},{"not_picked":["Perfected Strike","Pummel"],"picked":"Shrug It Off","floor":39},{"not_picked":["Burning Pact","Heavy Blade"],"picked":"Juggernaut","floor":40},{"not_picked":["Cleave","Twin Strike","Pommel Strike"],"picked":"SKIP","floor":41},{"not_picked":["Clothesline","Spot Weakness"],"picked":"Body Slam+1","floor":46},{"not_picked":["Anger","Blood for Blood"],"picked":"Exhume","floor":47}],"player_experience":2498128,"relics_obtained":[{"floor":6.0,"key":"Mercury Hourglass"},{"floor":9.0,"key":"Bronze Scales"},{"floor":11.0,"key":"War Paint"},{"floor":14.0,"key":"Juzu Bracelet"},{"floor":24.0,"key":"Art of War"},{"floor":26.0,"key":"Dodecahedron"},{"floor":30.0,"key":"Omamori"},{"floor":40,"key":"Frozen Egg 2"},{"floor":43,"key":"Bottled Flame"},{"floor":47,"key":"Lantern"}],"event_choices":[{"damage_healed":0.0,"max_hp_gain":0.0,"max_hp_loss":0.0,"gold_gain":50.0,"event_name":"Golden Shrine","player_choice":"Pray","floor":5.0,"gold_loss":0.0,"damage_taken":0.0},{"damage_healed":0.0,"max_hp_gain":0.0,"max_hp_loss":0.0,"gold_gain":0.0,"event_name":"Living Wall","player_choice":"Grow","floor":12.0,"gold_loss":0.0,"damage_taken":0.0,"cards_upgraded":["Armaments"]},{"damage_healed":0.0,"max_hp_gain":0.0,"max_hp_loss":0.0,"gold_gain":50.0,"event_name":"Nest","player_choice":"Stole From Cult","floor":21.0,"gold_loss":0.0,"damage_taken":0.0},{"cards_removed":["Strike_R"],"damage_healed":0,"gold_gain":0,"player_choice":"Upgrade and Remove","damage_taken":0,"max_hp_gain":0,"max_hp_loss":0,"event_name":"Designer","floor":37,"gold_loss":110,"cards_upgraded":["Pommel Strike"]},{"damage_healed":0,"gold_gain":0,"player_choice":"Ignored","damage_taken":0,"max_hp_gain":0,"max_hp_loss":0,"event_name":"SecretPortal","floor":45,"gold_loss":0}],"is_beta":false,"boss_relics":[{"not_picked":["Pandora\u0027s Box","Busted Crown"],"picked":"Runic Pyramid"},{"not_picked":["Calling Bell","Runic Cube"],"picked":"Fusion Hammer"}],"items_purged_floors":[20,38],"is_endless":false,"potions_floor_spawned":[1,2,14,16,24,28,31,36,46,47],"ascension_level":15}