{"gold_per_floor":[109,109,126,126,142,177,190,47,47,61,38,55,55,75,75,179,179,197,209,226,242,256,256],"floor_reached":23,"playtime":1775,"items_purged":[],"score":199,"play_id":"07f7211c-066f-431c-9201-659b824c33ef","local_time":"25610717235813","is_ascension_mode":false,"campfire_choices":[{"data":"Accuracy","floor":13,"key":"SMITH"},{"floor":15,"key":"REST"}],"neow_cost":"NONE","seed_source_timestamp":45647184409131,"circlet_count":0,"master_deck":["Defend_G+1","Defend_G","Defend_G","Defend_G","Strike_G","Strike_G","Strike_G","Strike_G","Strike_G","Survivor+1","Neutralize","All Out Attack","Accuracy+1","Backflip","Regret","Blade Dance","Footwork","Reflex","PiercingWail","Cloak And Dagger","Well Laid Plans","Predator","After Image","Prepared","Dagger Throw","Acrobatics+1","Flying Knee+1"],"relics":["Ring of the Serpent","Tingsha","Question Card","Bottled Lightning","War Paint","Bird Faced Urn"],"potions_floor_usage":[6,14,16,18,20,21,23],"damage_taken":[{"damage":2,"enemies":"Small Slimes","floor":1,"turns":5},{"damage":5,"enemies":"Cultist","floor":3,"turns":4},{"damage":0,"enemies":"2 Louse","floor":5,"turns":2},{"damage":13,"enemies":"3 Sentries","floor":6,"turns":6},{"damage":4,"enemies":"Large Slime","floor":7,"turns":6},{"damage":9,"enemies":"Exordium Wildlife","floor":10,"turns":3},{"damage":7,"enemies":"Gremlin Gang","floor":12,"turns":4},{"damage":5,"enemies":"Large Slime","floor":14,"turns":7},{"damage":28,"enemies":"The Guardian","floor":16,"turns":13},{"damage":20,"enemies":"3 Byrds","floor":18,"turns":9},{"damage":12,"enemies":"Spheric Guardian","floor":19,"turns":7},{"damage":27,"enemies":"Cultist and Chosen","floor":20,"turns":9},{"damage":12,"enemies":"Snake Plant","floor":21,"turns":8},{"damage":11,"enemies":"Centurion and Healer","floor":22,"turns":12},{"damage":31,"enemies":"Gremlin Leader","floor":23,"turns":7}],"seed_played":"-3489466379008624224","potions_obtained":[{"floor":3,"key":"EssenceOfSteel"},{"floor":12,"key":"Poison Potion"},{"floor":14,"key":"LiquidBronze"},{"floor":16,"key":"Swift Potion"},{"floor":19,"key":"Strength Potion"},{"floor":20,"key":"GhostInAJar"},{"floor":22,"key":"GamblersBrew"}],"is_trial":false,"path_per_floor":["M","?","M","?","M","E","M","$","T","M","$","M","R","M","R","B",null,"M","M","M","M","M"],"character_chosen":"THE_SILENT","items_purchased":["War Paint","Cloak And Dagger"],"campfire_rested":1,"item_purchase_floors":[8,11],"current_hp_per_floor":[68,68,63,63,63,50,46,46,46,41,41,36,36,37,58,36,70,54,50,31,27,24,1],"gold":256,"neow_bonus":"TRANSFORM_CARD","is_prod":false,"is_daily":false,"chose_seed":false,"campfire_upgraded":1,"win_rate":0,"timestamp":1531846693,"path_taken":["M","?","?","?","M","E","M","?","T","M","$","M","R","M","R","BOSS","M","?","?","?","M","E"],"build_version":"2018-07-12","purchased_purges":0,"victory":false,"max_hp_per_floor":[70,70,70,70,70,70,70,70,70,70,70,70,70,70,70,70,70,70,70,70,70,70,70],"card_choices":[{"not_picked":["Dagger Throw","Acrobatics"],"picked":"Accuracy","floor":1},{"not_picked":["Quick Slash","Dodge and Roll"],"picked":"Backflip","floor":3},{"not_picked":["Terror","Escape Plan","Caltrops"],"picked":"Blade Dance","floor":5},{"not_picked":["Skewer","Glass Knife","Poisoned Stab"],"picked":"Footwork","floor":6},{"not_picked":["Poisoned Stab","Eviscerate","Bane"],"picked":"Reflex","floor":7},{"not_picked":["Flechettes","Blade Dance","Poisoned Stab"],"picked":"PiercingWail","floor":10},{"not_picked":["Bane","Blade Dance","Sucker Punch"],"picked":"Well Laid Plans","floor":12},{"not_picked":["Bane","Flying Knee","Deadly Poison"],"picked":"Predator","floor":14},{"not_picked":["A Thousand Cuts","Doppelganger","Bullet Time"],"picked":"After Image","floor":16},{"not_picked":["Catalyst+1","Terror","Heel Hook"],"picked":"Prepared","floor":18},{"not_picked":["Dagger Spray","Outmaneuver","Poisoned Stab"],"picked":"Dagger Throw","floor":19},{"not_picked":["Dagger Throw","Infinite Blades","Leg Sweep"],"picked":"Acrobatics+1","floor":20},{"not_picked":["Eviscerate","Underhanded Strike","Slice","Deflect"],"picked":"SKIP","floor":21},{"not_picked":["PiercingWail","Distraction","Reflex"],"picked":"Flying Knee+1","floor":22}],"player_experience":79669,"relics_obtained":[{"floor":6,"key":"Bottled Lightning"},{"floor":9,"key":"Bird Faced Urn"}],"event_choices":[{"event_name":"Accursed Blacksmith","player_choice":"Rummage","floor":2,"damage_taken":0},{"event_name":"Big Fish","player_choice":"Box","floor":4,"damage_taken":0}],"boss_relics":[{"not_picked":["Cursed Key","Runic Dome"],"picked":"Ring of the Serpent"}],"items_purged_floors":[],"is_endless":false,"potions_floor_spawned":[3,12,14,16,19,20,22],"killed_by":"Gremlin Leader","ascension_level":0}