{"gold_per_floor":[139,156,156,170,187,187,206,239,285,285,301,318,346,358,358,432,432,442,20,33,33],"floor_reached":21,"playtime":1308,"items_purged":[],"score":490,"play_id":"beb5ce0f-0575-4aec-92ba-32533788deef","local_time":"20190409183155","is_ascension_mode":true,"campfire_choices":[{"data":"Rupture","floor":6,"key":"SMITH"},{"data":"Bash","floor":10,"key":"SMITH"},{"floor":15,"key":"REST"}],"neow_cost":"NONE","seed_source_timestamp":1770589452182200,"circlet_count":0,"master_deck":["AscendersBane","Strike_R","Strike_R","Strike_R","Strike_R","Strike_R","Defend_R+1","Defend_R","Defend_R","Defend_R","Bash+1","Perfected Strike","True Grit+1","Pain","Rupture+1","Twin Strike","Headbutt","Twin Strike","Wild Strike","Armaments","Fiend Fire","Pommel Strike","Reaper"],"relics":["Burning Blood","Tiny Chest","WarpedTongs","Bag of Marbles","War Paint","Ornamental Fan","Black Star","Shuriken"],"potions_floor_usage":[8,8,14,18,21,21],"damage_taken":[{"damage":5,"enemies":"Small Slimes","floor":1,"turns":4},{"damage":1,"enemies":"Cultist","floor":2,"turns":3},{"damage":10,"enemies":"Jaw Worm","floor":4,"turns":3},{"damage":20,"enemies":"3 Louse","floor":5,"turns":4},{"damage":6,"enemies":"Looter","floor":7,"turns":3},{"damage":15,"enemies":"Lagavulin","floor":8,"turns":5},{"damage":10,"enemies":"2 Fungi Beasts","floor":11,"turns":3},{"damage":7,"enemies":"Lots of Slimes","floor":12,"turns":3},{"damage":5,"enemies":"Gremlin Nob","floor":13,"turns":3},{"damage":17,"enemies":"Exordium Wildlife","floor":14,"turns":6},{"damage":4,"enemies":"Slime Boss","floor":16,"turns":4},{"damage":14,"enemies":"2 Thieves","floor":18,"turns":2},{"damage":17,"enemies":"Chosen","floor":20,"turns":4},{"damage":89,"enemies":"Shelled Parasite and Fungi","floor":21,"turns":5}],"seed_played":"866984310415662689","potions_obtained":[{"floor":1,"key":"FearPotion"},{"floor":5,"key":"GamblersBrew"},{"floor":11,"key":"Block Potion"},{"floor":14,"key":"Fruit Juice"},{"floor":16,"key":"Strength Potion"},{"floor":18,"key":"BloodPotion"}],"is_trial":false,"path_per_floor":["M","M","?","M","M","R","M","E","T","R","M","M","E","M","R","B",null,"M","$","M","M"],"character_chosen":"IRONCLAD","items_purchased":["Shuriken","Reaper"],"campfire_rested":1,"item_purchase_floors":[19,19],"current_hp_per_floor":[69,74,74,70,56,56,56,47,47,47,43,42,43,32,54,56,70,67,67,56,0],"gold":33,"neow_bonus":"RANDOM_COMMON_RELIC","is_prod":false,"is_daily":false,"chose_seed":false,"campfire_upgraded":2,"win_rate":0,"timestamp":1554831115,"path_taken":["M","M","?","?","M","R","M","E","T","R","M","M","E","M","R","BOSS","M","$","M","M"],"build_version":"2019-01-23","purchased_purges":0,"victory":false,"max_hp_per_floor":[75,75,75,75,75,75,75,75,75,75,75,75,75,75,75,75,75,80,80,80,80],"card_choices":[{"not_picked":["Infernal Blade","Body Slam"],"picked":"Perfected Strike","floor":1},{"not_picked":["Body Slam","Heavy Blade"],"picked":"True Grit","floor":2},{"not_picked":["Warcry","Iron Wave"],"picked":"Rupture","floor":4},{"not_picked":["Clash","Sever Soul"],"picked":"Twin Strike","floor":5},{"not_picked":["Rampage","Berserk"],"picked":"Headbutt","floor":7},{"not_picked":["True Grit","Clash","Clothesline"],"picked":"SKIP","floor":8},{"not_picked":["Dual Wield","Havoc"],"picked":"Twin Strike","floor":11},{"not_picked":["Double Tap","Iron Wave"],"picked":"Wild Strike","floor":12},{"not_picked":["Rampage","Sentinel"],"picked":"Armaments","floor":13},{"not_picked":["Cleave","Iron Wave","Searing Blow"],"picked":"SKIP","floor":14},{"not_picked":["Brutality","Demon Form"],"picked":"Fiend Fire","floor":16},{"not_picked":["Body Slam","Reckless Charge"],"picked":"Pommel Strike","floor":18},{"not_picked":["Evolve","Headbutt+1","Heavy Blade"],"picked":"SKIP","floor":20}],"player_experience":2637204,"relics_obtained":[{"floor":8,"key":"Bag of Marbles"},{"floor":9,"key":"War Paint"},{"floor":13,"key":"Ornamental Fan"}],"event_choices":[{"damage_healed":0,"gold_gain":0,"player_choice":"Rummage","damage_taken":0,"relics_obtained":["WarpedTongs"],"max_hp_gain":0,"max_hp_loss":0,"event_name":"Accursed Blacksmith","floor":3,"gold_loss":0,"cards_obtained":["Pain"]}],"is_beta":false,"boss_relics":[{"not_picked":["Lizard Tail","White Beast Statue"],"picked":"Black Star"}],"items_purged_floors":[],"is_endless":false,"potions_floor_spawned":[1,5,11,14,16,18],"killed_by":"Shelled Parasite and Fungi","ascension_level":20}