{"gold_per_floor":[18,18,36,36,59,59,100,124,124,163,188,188,39,78,78,198,198,219,134,148,182,197,230,230,245,245,245,276,294,332,257,257,376,376,390,612,8,58,7,48,48,84,158,158,177,218,218,243,243,243],"floor_reached":51,"playtime":1674,"items_purged":["Strike_R"],"score":1128,"play_id":"8fe62d27-2aae-4c00-bdcd-7ff712b2b5ce","local_time":"25611029210445","is_ascension_mode":true,"campfire_choices":[{"data":"Rampage","floor":6.0,"key":"SMITH"},{"data":"Uppercut","floor":12.0,"key":"SMITH"},{"data":"Spot Weakness","floor":15.0,"key":"SMITH"},{"data":"Immolate","floor":24,"key":"SMITH"},{"floor":27,"key":"REST"},{"floor":32,"key":"REST"},{"data":"Impervious","floor":41,"key":"SMITH"},{"data":"Battle Trance","floor":44,"key":"SMITH"},{"data":"Seeing Red","floor":47,"key":"SMITH"},{"data":"Armaments","floor":49,"key":"SMITH"}],"neow_cost":"NO_GOLD","seed_source_timestamp":21429394915918,"circlet_count":0,"master_deck":["Strike_R","Strike_R","Defend_R","Defend_R","Defend_R","Bash","Rampage+1","Dropkick","Battle Trance+1","Spot Weakness+1","Uppercut+1","Rupture+1","Immolate+1","Fire Breathing+1","Heavy Blade+1","Juggernaut+1","Combust+1","Second Wind","Fire Breathing+1","Armaments+1","Impervious+1","Iron Wave+1","Whirlwind+1","Metallicize+1","Iron Wave+1","Seeing Red+1","Pummel+1"],"special_seed":0,"relics":["Burning Blood","Gremlin Horn","Golden Idol","Calipers","Bird Faced Urn","Frozen Egg 2","Oddly Smooth Stone","Pen Nib","Black Star","Vajra","Red Mask","Pocketwatch","FossilizedHelix","Mummified Hand","Strawberry","Potion Belt","Question Card","Matryoshka","Mark of Pain","Ginger","Bottled Flame","Paper Frog","Omamori","Champion Belt","Torii","Bottled Lightning","Bottled Tornado","Molten Egg 2","Self Forming Clay","Pantograph","Shuriken"],"potions_floor_usage":[23,28,30,42,50,50,50],"damage_taken":[{"damage":9.0,"enemies":"2 Louse","floor":1.0,"turns":3.0},{"damage":2.0,"enemies":"Jaw Worm","floor":3.0,"turns":5.0},{"damage":5.0,"enemies":"Small Slimes","floor":5.0,"turns":3.0},{"damage":0.0,"enemies":"Gremlin Nob","floor":7.0,"turns":2.0},{"damage":11.0,"enemies":"Blue Slaver","floor":8.0,"turns":3.0},{"damage":15.0,"enemies":"Lagavulin","floor":10.0,"turns":5.0},{"damage":11.0,"enemies":"Looter","floor":11.0,"turns":2.0},{"damage":15.0,"enemies":"Gremlin Nob","floor":14.0,"turns":4.0},{"damage":22.0,"enemies":"Hexaghost","floor":16.0,"turns":5.0},{"damage":14.0,"enemies":"3 Byrds","floor":18.0,"turns":3.0},{"damage":34.0,"enemies":"2 Thieves","floor":20.0,"turns":4.0},{"damage":1.0,"enemies":"Masked Bandits","floor":21.0,"turns":2.0},{"damage":7.0,"enemies":"Snecko","floor":22.0,"turns":3.0},{"damage":5,"enemies":"Gremlin Leader","floor":23,"turns":2},{"damage":31,"enemies":"Snake Plant","floor":25,"turns":4},{"damage":5,"enemies":"Book of Stabbing","floor":28,"turns":3},{"damage":0,"enemies":"Centurion and Healer","floor":29,"turns":3},{"damage":33,"enemies":"Slavers","floor":30,"turns":5},{"damage":19,"enemies":"Collector","floor":33,"turns":6},{"damage":31,"enemies":"3 Darklings","floor":35,"turns":4},{"damage":20,"enemies":"Giant Head","floor":40,"turns":6},{"damage":26,"enemies":"Nemesis","floor":42,"turns":5},{"damage":0,"enemies":"3 Shapes","floor":45,"turns":1},{"damage":3,"enemies":"Giant Head","floor":46,"turns":5},{"damage":2,"enemies":"Transient","floor":48,"turns":5},{"damage":38,"enemies":"Donu and Deca","floor":50,"turns":6}],"seed_played":"6217732228989083958","potions_obtained":[{"floor":1.0,"key":"Fire Potion"},{"floor":5.0,"key":"LiquidBronze"},{"floor":8.0,"key":"GamblersBrew"},{"floor":14.0,"key":"Explosive Potion"},{"floor":16.0,"key":"Explosive Potion"},{"floor":20.0,"key":"SpeedPotion"},{"floor":21.0,"key":"SkillPotion"},{"floor":23,"key":"Weak Potion"},{"floor":25,"key":"AttackPotion"},{"floor":30,"key":"BloodPotion"},{"floor":40,"key":"BloodPotion"},{"floor":42,"key":"Energy Potion"}],"is_trial":false,"path_per_floor":["M","?","M","?","M","R","E","M","T","E","M","R","$","E","R","B",null,"M","?","M","?","M","E","R","M","T","R","E","M","E","?","R","B",null,"M","?","$","T","$","E","R","E","T","R","M","E","R","M","R","B"],"character_chosen":"IRONCLAD","items_purchased":["Oddly Smooth Stone","Ginger","Bottled Flame","PowerPotion"],"campfire_rested":2,"item_purchase_floors":[13,37,37,39],"current_hp_per_floor":[77,70,74,54,55,55,61,56,56,47,44,44,44,37,37,23,80,72,72,48,55,58,65,65,46,46,70,84,87,66,66,87,74,87,68,68,68,68,68,64,64,56,56,56,64,79,79,87,87,79],"gold":243,"neow_bonus":"REMOVE_TWO","is_prod":false,"is_daily":false,"chose_seed":false,"campfire_upgraded":8,"win_rate":1,"timestamp":1540821885,"path_taken":["M","?","M","?","M","R","E","M","T","E","M","R","$","E","R","BOSS","M","?","M","?","M","E","R","M","T","R","E","M","E","?","R","BOSS","M","?","$","?","?","E","R","E","T","R","M","E","R","M","R","BOSS"],"build_version":"2018-10-25v2","purchased_purges":1,"victory":true,"max_hp_per_floor":[80,80,80,80,80,80,80,80,80,80,80,80,80,80,80,80,80,80,80,80,80,80,80,80,80,80,80,87,87,87,87,87,87,87,87,87,87,87,87,87,87,87,87,87,87,87,87,87,87,87],"card_choices":[{"not_picked":["Second Wind","Clothesline"],"picked":"Rampage","floor":1.0},{"not_picked":["Flame Barrier","Twin Strike"],"picked":"Dropkick","floor":3.0},{"not_picked":["Searing Blow","Warcry"],"picked":"Battle Trance","floor":5.0},{"not_picked":["Hemokinesis","Power Through"],"picked":"Spot Weakness","floor":7.0},{"not_picked":["Thunderclap","Wild Strike"],"picked":"Uppercut","floor":8.0},{"not_picked":["Seeing Red","Wild Strike"],"picked":"Rupture","floor":10.0},{"not_picked":["Shrug It Off","Battle Trance","Cleave"],"picked":"SKIP","floor":11.0},{"not_picked":["Wild Strike","Second Wind","Heavy Blade"],"picked":"SKIP","floor":14.0},{"not_picked":["Berserk+1","Dark Embrace+1"],"picked":"Immolate","floor":16.0},{"not_picked":["Cleave","Wild Strike"],"picked":"Fire Breathing+1","floor":18.0},{"not_picked":["Havoc+1","True Grit"],"picked":"Heavy Blade+1","floor":20.0},{"not_picked":["Twin Strike+1","Havoc"],"picked":"Juggernaut+1","floor":21.0},{"not_picked":["Headbutt","Pummel"],"picked":"Combust+1","floor":22.0},{"not_picked":["Seeing Red","Shrug It Off","Rampage"],"picked":"SKIP","floor":23},{"not_picked":["Body Slam","Sword Boomerang","Cleave"],"picked":"SKIP","floor":25},{"not_picked":["Infernal Blade","Sword Boomerang"],"picked":"Second Wind","floor":28},{"not_picked":["Exhume","Clash"],"picked":"Fire Breathing+1","floor":29},{"not_picked":["Shrug It Off","Uppercut"],"picked":"Armaments","floor":30},{"not_picked":["Fiend Fire","Offering","Dark Embrace+1"],"picked":"Impervious","floor":33},{"not_picked":["Clash+1","Body Slam","Thunderclap+1"],"picked":"Iron Wave+1","floor":35},{"not_picked":["Twin Strike","Seeing Red+1","Feed"],"picked":"Whirlwind+1","floor":40},{"not_picked":["Whirlwind","Clothesline+1","Blood for Blood"],"picked":"Metallicize+1","floor":42},{"not_picked":["Spot Weakness","Carnage+1","Clothesline+1"],"picked":"Iron Wave+1","floor":45},{"not_picked":["Clothesline+1","Offering","Shockwave"],"picked":"Seeing Red","floor":46},{"not_picked":["Shrug It Off","Power Through+1","Ghostly Armor"],"picked":"Pummel+1","floor":48}],"player_experience":8527,"relics_obtained":[{"floor":7.0,"key":"Calipers"},{"floor":9.0,"key":"Bird Faced Urn"},{"floor":10.0,"key":"Frozen Egg 2"},{"floor":14.0,"key":"Pen Nib"},{"floor":21.0,"key":"Red Mask"},{"floor":23,"key":"Pocketwatch"},{"floor":23,"key":"FossilizedHelix"},{"floor":26,"key":"Mummified Hand"},{"floor":28,"key":"Strawberry"},{"floor":28,"key":"Potion Belt"},{"floor":30,"key":"Question Card"},{"floor":30,"key":"Matryoshka"},{"floor":38,"key":"Paper Frog"},{"floor":38,"key":"Omamori"},{"floor":40,"key":"Champion Belt"},{"floor":40,"key":"Torii"},{"floor":42,"key":"Bottled Lightning"},{"floor":42,"key":"Bottled Tornado"},{"floor":43,"key":"Molten Egg 2"},{"floor":43,"key":"Self Forming Clay"},{"floor":46,"key":"Pantograph"},{"floor":46,"key":"Shuriken"}],"event_choices":[{"damage_healed":0.0,"max_hp_gain":0.0,"max_hp_loss":0.0,"gold_gain":0.0,"event_name":"Scrap Ooze","player_choice":"Success","floor":2.0,"gold_loss":0.0,"damage_taken":7.0,"relics_obtained":["Gremlin Horn"]},{"damage_healed":0.0,"max_hp_gain":0.0,"max_hp_loss":0.0,"gold_gain":0.0,"event_name":"Golden Idol","player_choice":"Take Damage","floor":4.0,"gold_loss":0.0,"damage_taken":20.0,"relics_obtained":["Golden Idol"]},{"damage_healed":0.0,"max_hp_gain":0.0,"max_hp_loss":0.0,"gold_gain":0.0,"event_name":"Addict","player_choice":"Obtained Relic","floor":19.0,"gold_loss":85.0,"damage_taken":0.0,"relics_obtained":["Vajra"]},{"damage_healed":0.0,"max_hp_gain":0.0,"max_hp_loss":0.0,"gold_gain":0.0,"event_name":"Masked Bandits","player_choice":"Fought Bandits","floor":21.0,"gold_loss":0.0,"damage_taken":0.0},{"cards_removed":["Strike_R"],"damage_healed":0,"gold_gain":0,"player_choice":"Gave Gold","damage_taken":0,"max_hp_gain":0,"max_hp_loss":0,"event_name":"Beggar","floor":31,"gold_loss":75},{"damage_healed":0,"gold_gain":222,"player_choice":"Wore Mask","damage_taken":0,"max_hp_gain":0,"max_hp_loss":0,"event_name":"Tomb of Lord Red Mask","floor":36,"gold_loss":0}],"is_beta":false,"boss_relics":[{"not_picked":["Eternal Feather","Tiny House"],"picked":"Black Star"},{"not_picked":["Empty Cage","Calling Bell"],"picked":"Mark of Pain"}],"items_purged_floors":[37],"is_endless":false,"potions_floor_spawned":[1,5,8,14,16,20,21,23,25,30,40,42],"ascension_level":4}