{"gold_per_floor":[114,39,39,39,58,58,91,106,106,131,150,169,224,249,249,351,351,368,20,31,43,43,73,73,73,100,100,129,129,129,143,143,238,238,258,258,284,297,75,107,107,107,107,121,152,169,181,192,192,192],"floor_reached":51,"playtime":1834,"items_purged":["Doubt","Strike_R","Strike_R"],"score":1159,"play_id":"be9a43d0-a6fa-458b-be1b-806c430435dd","local_time":"25610726234902","is_ascension_mode":true,"campfire_choices":[{"data":"Cleave","floor":6,"key":"SMITH"},{"floor":15,"key":"REST"},{"data":"Armaments","floor":24,"key":"SMITH"},{"floor":29,"key":"REST"},{"data":"Shockwave","floor":32,"key":"SMITH"},{"data":"Flame Barrier","floor":41,"key":"SMITH"},{"data":"Fire Breathing","floor":49,"key":"SMITH"}],"neow_cost":"CURSE","seed_source_timestamp":30435849090787,"circlet_count":0,"master_deck":["Strike_R","Strike_R","Defend_R","Defend_R","Defend_R","Bash","Headbutt","Cleave+1","Fire Breathing+1","Shockwave+1","Flame Barrier+1","Armaments+1","Anger+1","Reaper+1","Clash+1","Pommel Strike+1","True Grit+1","Barricade+1","Demon Form+1","Inflame+1","Armaments+1","Heavy Blade+1","Blood for Blood+1","True Grit+1","Heavy Blade+1","Sentinel+1"],"relics":["Black Blood","Incense Burner","Unceasing Top","Bottled Lightning","Molten Egg 2","Odd Mushroom","Ornamental Fan","Ancient Tea Set","Happy Flower","Art of War","Frozen Egg 2","Runic Pyramid","Bronze Scales","Paper Frog","Toxic Egg 2","Vajra"],"potions_floor_usage":[10,13,14,16,20,28,40,48,50,50],"damage_taken":[{"damage":11,"enemies":"Cultist","floor":1,"turns":4},{"damage":3,"enemies":"Small Slimes","floor":5,"turns":4},{"damage":40,"enemies":"Lagavulin","floor":7,"turns":5},{"damage":0,"enemies":"2 Louse","floor":8,"turns":2},{"damage":9,"enemies":"3 Sentries","floor":10,"turns":5},{"damage":5,"enemies":"Exordium Wildlife","floor":11,"turns":4},{"damage":6,"enemies":"Looter","floor":12,"turns":3},{"damage":24,"enemies":"Lagavulin Event","floor":13,"turns":6},{"damage":5,"floor":14,"turns":4},{"damage":32,"enemies":"Hexaghost","floor":16,"turns":9},{"damage":0,"enemies":"3 Byrds","floor":18,"turns":4},{"damage":12,"enemies":"2 Thieves","floor":20,"turns":4},{"damage":10,"enemies":"Snecko","floor":21,"turns":5},{"damage":59,"enemies":"Slavers","floor":23,"turns":6},{"damage":15,"enemies":"Book of Stabbing","floor":28,"turns":5},{"damage":4,"enemies":"Centurion and Healer","floor":31,"turns":4},{"damage":32,"enemies":"Champ","floor":33,"turns":11},{"damage":20,"enemies":"Orb Walker","floor":35,"turns":5},{"damage":13,"enemies":"3 Shapes","floor":38,"turns":5},{"damage":15,"enemies":"Nemesis","floor":40,"turns":7},{"damage":13,"enemies":"Spire Growth","floor":44,"turns":5},{"damage":47,"enemies":"2 Orb Walkers","floor":45,"turns":5},{"damage":13,"enemies":"3 Darklings","floor":46,"turns":3},{"damage":36,"enemies":"Sphere and 2 Shapes","floor":47,"turns":5},{"damage":46,"enemies":"Transient","floor":48,"turns":5},{"damage":93,"enemies":"Donu and Deca","floor":50,"turns":7}],"seed_played":"-1502857831656010954","potions_obtained":[{"floor":5,"key":"Explosive Potion"},{"floor":10,"key":"Block Potion"},{"floor":11,"key":"GamblersBrew"},{"floor":13,"key":"Dexterity Potion"},{"floor":16,"key":"Block Potion"},{"floor":18,"key":"Poison Potion"},{"floor":23,"key":"Ancient Potion"},{"floor":33,"key":"SpeedPotion"},{"floor":38,"key":"Energy Potion"},{"floor":44,"key":"AttackPotion"},{"floor":46,"key":"BloodPotion"},{"floor":48,"key":"Weak Potion"}],"is_trial":false,"path_per_floor":["M","$","?","?","M","R","E","M","T","E","M","M","?","?","R","B",null,"M","$","M","M","?","E","R","?","T","$","E","R","T","M","R","B",null,"M","?","T","M","$","E","R","?","T","M","E","M","M","M","R","B"],"character_chosen":"IRONCLAD","items_purchased":["Ornamental Fan","FairyPotion"],"campfire_rested":2,"item_purchase_floors":[19,39],"current_hp_per_floor":[83,83,76,76,79,79,45,51,51,48,49,49,31,32,60,34,81,91,91,94,96,96,55,55,39,39,39,41,69,69,82,82,67,89,79,96,96,96,96,91,91,91,91,96,76,93,85,64,64,31],"gold":192,"neow_bonus":"TWENTY_PERCENT_HP_BONUS","is_prod":false,"is_daily":false,"chose_seed":false,"campfire_upgraded":5,"win_rate":0,"timestamp":1532623742,"path_taken":["M","$","?","?","M","R","E","M","T","E","M","?","?","?","R","BOSS","M","$","M","M","?","E","R","?","T","?","E","R","?","?","R","BOSS","M","?","?","M","$","E","R","?","T","?","E","M","M","?","R","BOSS"],"build_version":"2018-07-19v2","purchased_purges":3,"victory":true,"max_hp_per_floor":[96,96,96,96,96,96,96,96,96,96,96,96,96,96,96,96,96,96,96,96,96,96,96,96,96,96,96,96,96,96,96,96,96,96,96,96,96,96,96,96,96,96,96,96,96,96,96,96,96,96],"card_choices":[{"not_picked":["Searing Blow","Body Slam"],"picked":"Headbutt","floor":1},{"not_picked":["Sever Soul","True Grit"],"picked":"Cleave","floor":5},{"not_picked":["Uppercut","Cleave"],"picked":"Fire Breathing","floor":7},{"not_picked":["Carnage","Uppercut"],"picked":"Shockwave","floor":8},{"not_picked":["Cleave","Warcry","Body Slam"],"picked":"SKIP","floor":10},{"not_picked":["Cleave","Thunderclap"],"picked":"Flame Barrier","floor":11},{"not_picked":["Clothesline","Havoc"],"picked":"Combust","floor":12},{"not_picked":["Ghostly Armor","Wild Strike"],"picked":"Armaments","floor":13},{"not_picked":["Ghostly Armor","Iron Wave+1"],"picked":"Anger+1","floor":14},{"not_picked":["Limit Break","Dark Embrace"],"picked":"Reaper+1","floor":16},{"not_picked":["Dropkick+1","Perfected Strike+1"],"picked":"Clash+1","floor":18},{"not_picked":["Perfected Strike+1","Shrug It Off"],"picked":"Twin Strike+1","floor":20},{"not_picked":["Wild Strike+1","Shrug It Off"],"picked":"Pommel Strike+1","floor":21},{"not_picked":["Flame Barrier","Cleave+1"],"picked":"True Grit+1","floor":23},{"not_picked":["Power Through","Intimidate","Sword Boomerang+1"],"picked":"SKIP","floor":28},{"not_picked":["Thunderclap+1","Heavy Blade+1"],"picked":"Barricade+1","floor":31},{"not_picked":["Brutality+1","Barricade+1"],"picked":"Demon Form+1","floor":33},{"not_picked":["Sword Boomerang+1","Perfected Strike+1","Armaments"],"picked":"SKIP","floor":35},{"not_picked":["Armaments","Corruption+1"],"picked":"Inflame+1","floor":38},{"not_picked":["Twin Strike+1","Wild Strike+1"],"picked":"Armaments+1","floor":40},{"not_picked":["Iron Wave+1","Burning Pact+1"],"picked":"Heavy Blade+1","floor":44},{"not_picked":["Thunderclap+1","Sentinel+1"],"picked":"Blood for Blood+1","floor":45},{"not_picked":["Sword Boomerang+1","Iron Wave+1"],"picked":"True Grit+1","floor":46},{"not_picked":["Twin Strike+1","True Grit+1"],"picked":"Heavy Blade+1","floor":47},{"not_picked":["Body Slam+1","Carnage+1"],"picked":"Sentinel+1","floor":48}],"player_experience":168780,"relics_obtained":[{"floor":7,"key":"Incense Burner"},{"floor":9,"key":"Unceasing Top"},{"floor":10,"key":"Bottled Lightning"},{"floor":13,"key":"Molten Egg 2"},{"floor":14,"key":"Odd Mushroom"},{"floor":23,"key":"Ancient Tea Set"},{"floor":26,"key":"Happy Flower"},{"floor":28,"key":"Art of War"},{"floor":30,"key":"Frozen Egg 2"},{"floor":37,"key":"Bronze Scales"},{"floor":40,"key":"Paper Frog"},{"floor":43,"key":"Toxic Egg 2"},{"floor":45,"key":"Vajra"}],"event_choices":[{"event_name":"Golden Wing","player_choice":"Card Removal","floor":3,"damage_taken":0},{"event_name":"Living Wall","player_choice":"Forget","floor":4,"damage_taken":0},{"event_name":"Dead Adventurer","player_choice":"Searched \u00272\u0027 times","floor":13,"damage_taken":0},{"event_name":"Mushrooms","player_choice":"Fought Mushrooms","floor":14,"damage_taken":0},{"event_name":"Ghosts","player_choice":"Ignored","floor":22,"damage_taken":0},{"event_name":"Cursed Tome","player_choice":"Obtained Book","floor":25,"damage_taken":0},{"event_name":"Bonfire Elementals","player_choice":"UNCOMMON","floor":36,"damage_taken":0},{"event_name":"Falling","player_choice":"Removed Attack","floor":42,"damage_taken":0}],"is_beta":false,"boss_relics":[{"not_picked":["Orrery","Velvet Choker"],"picked":"Black Blood"},{"not_picked":["Black Star","Empty Cage"],"picked":"Runic Pyramid"}],"items_purged_floors":[2,19,39],"is_endless":false,"potions_floor_spawned":[5,10,11,13,16,18,23,33,38,44,46,48],"ascension_level":9}