{"gold_per_floor":[114,389,67,81,92,125,144,144,144,94,94,31,46,72,72,143,143,160,135,135,0,0,0,0,0,0,0,12],"floor_reached":28,"playtime":882,"items_purged":["Regret","Strike_B","Strike_B"],"score":392,"play_id":"070065e1-2835-453b-87c4-4258a4c911f6","local_time":"20190420002315","is_ascension_mode":true,"campfire_choices":[{"data":"Coolheaded","floor":8.0,"key":"SMITH"},{"data":"Chaos","floor":11.0,"key":"SMITH"},{"data":"Loop","floor":15.0,"key":"SMITH"},{"floor":23.0,"key":"REST"},{"data":"Fission","floor":25.0,"key":"SMITH"}],"neow_cost":"NONE","seed_source_timestamp":2049140136699,"circlet_count":0,"master_deck":["AscendersBane","Strike_B","Strike_B","Defend_B","Defend_B","Defend_B","Defend_B","Zap","Dualcast","Streamline","Chaos+1","Loop+1","Coolheaded+1","FTL","Coolheaded","Fission+1","Heatsinks","Writhe"],"special_seed":0,"relics":["Cracked Core","NeowsBlessing","Membership Card","Sundial","Pocketwatch","Nunchaku","Black Star","Enchiridion","Smiling Mask","MawBank"],"potions_floor_usage":[28],"damage_taken":[{"damage":0.0,"enemies":"Small Slimes","floor":1.0,"turns":1.0},{"damage":0.0,"enemies":"Cultist","floor":4.0,"turns":1.0},{"damage":0.0,"enemies":"2 Louse","floor":5.0,"turns":1.0},{"damage":10.0,"enemies":"Lagavulin","floor":6.0,"turns":9.0},{"damage":5.0,"enemies":"Looter","floor":7.0,"turns":3.0},{"damage":2.0,"enemies":"3 Louse","floor":13.0,"turns":4.0},{"damage":6.0,"enemies":"Gremlin Nob","floor":14.0,"turns":3.0},{"damage":10.0,"enemies":"Hexaghost","floor":16.0,"turns":8.0},{"damage":23.0,"enemies":"Chosen","floor":18.0,"turns":5.0},{"damage":34.0,"enemies":"2 Thieves","floor":19.0,"turns":5.0},{"damage":8,"enemies":"Gremlin Leader","floor":28,"turns":4}],"seed_played":"7836441470649792135","potions_obtained":[{"floor":4.0,"key":"Energy Potion"},{"floor":13.0,"key":"Poison Potion"},{"floor":14.0,"key":"Weak Potion"},{"floor":19.0,"key":"FearPotion"}],"is_trial":false,"path_per_floor":["M","?","$","M","M","E","M","R","T","$","R","$","M","E","R","B",null,"M","M","?","?","?","R","?","R","T","?","E"],"character_chosen":"DEFECT","items_purchased":["Membership Card","Chaos","Loop"],"campfire_rested":1,"item_purchase_floors":[3,3,3],"current_hp_per_floor":[64,64,64,64,64,54,49,49,49,49,49,49,47,41,41,31,61,38,4,18,18,18,39,18,18,18,18,10],"gold":12,"neow_bonus":"THREE_ENEMY_KILL","is_prod":false,"is_daily":false,"chose_seed":false,"campfire_upgraded":4,"win_rate":0,"timestamp":1555690995,"path_taken":["M","?","$","M","?","E","M","R","T","$","R","$","M","E","R","BOSS","M","M","?","?","?","R","?","R","T","?","E"],"build_version":"2019-01-23","purchased_purges":3,"victory":false,"max_hp_per_floor":[71,71,71,71,71,71,71,71,71,71,71,71,71,71,71,71,71,71,71,71,71,71,71,71,71,71,71,71],"card_choices":[{"not_picked":["Redo","Double Energy"],"picked":"Streamline","floor":1.0},{"not_picked":["Chill","Compile Driver"],"picked":"Coolheaded","floor":4.0},{"not_picked":["Reboot","Streamline"],"picked":"FTL","floor":5.0},{"not_picked":["Lockon","Reinforced Body"],"picked":"Coolheaded","floor":6.0},{"not_picked":["Stack","Leap","Go for the Eyes"],"picked":"SKIP","floor":7.0},{"not_picked":["Turbo","Rainbow","Leap"],"picked":"SKIP","floor":13.0},{"not_picked":["Beam Cell","Rip and Tear","Conserve Battery"],"picked":"SKIP","floor":14.0},{"not_picked":["Machine Learning","Echo Form"],"picked":"Fission","floor":16.0},{"not_picked":["White Noise","Steam"],"picked":"Heatsinks","floor":18.0},{"not_picked":["Reinforced Body","Hello World","Sweeping Beam+1"],"picked":"SKIP","floor":19.0}],"player_experience":3019442,"relics_obtained":[{"floor":6.0,"key":"Sundial"},{"floor":9.0,"key":"Pocketwatch"},{"floor":14.0,"key":"Nunchaku"},{"floor":24.0,"key":"Enchiridion"},{"floor":26.0,"key":"Smiling Mask"}],"event_choices":[{"damage_healed":0.0,"max_hp_gain":0.0,"max_hp_loss":0.0,"gold_gain":275.0,"event_name":"Golden Shrine","player_choice":"Desecrate","floor":2.0,"gold_loss":0.0,"damage_taken":0.0,"cards_obtained":["Regret"]},{"damage_healed":14.0,"max_hp_gain":0.0,"max_hp_loss":0.0,"gold_gain":0.0,"event_name":"The Library","player_choice":"Heal","floor":20.0,"gold_loss":0.0,"damage_taken":0.0},{"damage_healed":0.0,"max_hp_gain":0.0,"max_hp_loss":0.0,"gold_gain":0.0,"event_name":"Masked Bandits","player_choice":"Paid Fearfully","floor":21.0,"gold_loss":135.0,"damage_taken":0.0},{"damage_healed":0.0,"max_hp_gain":0.0,"max_hp_loss":0.0,"gold_gain":0.0,"event_name":"Beggar","player_choice":"Ignored","floor":22.0,"gold_loss":0.0,"damage_taken":0.0},{"damage_healed":0.0,"max_hp_gain":0.0,"max_hp_loss":0.0,"gold_gain":0.0,"event_name":"Cursed Tome","player_choice":"Obtained Book","floor":24.0,"gold_loss":0.0,"damage_taken":21.0},{"damage_healed":0.0,"max_hp_gain":0.0,"max_hp_loss":0.0,"gold_gain":0.0,"event_name":"The Mausoleum","player_choice":"Opened","floor":27.0,"gold_loss":0.0,"damage_taken":0.0,"relics_obtained":["MawBank"],"cards_obtained":["Writhe"]}],"is_beta":false,"boss_relics":[{"not_picked":["Fusion Hammer","Sozu"],"picked":"Black Star"}],"items_purged_floors":[3,10,12],"is_endless":false,"potions_floor_spawned":[4,13,14,19],"killed_by":"Gremlin Leader","ascension_level":15}