{"gold_per_floor":[118,137,137,157,157,190,190,521,594,626,701,30,30,46,46,142,142,161,177,177,30,45,75,75,101,101,127,127,97,97,113,113,217,217,237,99,111,129,143,170,182,212,235,263,44,44,56,56,56,56,56,56,5,40,40],"floor_reached":56,"playtime":5138,"items_purged":["Strike_B","Strike_B"],"score":1607,"play_id":"c834fca8-1844-458c-b7ab-d9e2ddf52989","local_time":"20190217223238","is_ascension_mode":true,"campfire_choices":[{"data":"Zap","floor":7,"key":"SMITH"},{"data":"Storm","floor":13,"key":"SMITH"},{"data":"Creative AI","floor":15,"key":"SMITH"},{"data":"Dualcast","floor":28,"key":"SMITH"},{"data":"Biased Cognition","floor":32,"key":"SMITH"},{"floor":46,"key":"RECALL"},{"data":"Loop","floor":49,"key":"SMITH"},{"data":"Loop","floor":52,"key":"SMITH"}],"neow_cost":"NONE","seed_source_timestamp":239242960107,"circlet_count":0,"master_deck":["Defend_B","Defend_B+1","Defend_B","Defend_B+1","Zap+1","Dualcast+1","Self Repair","Ball Lightning","Chill","Go for the Eyes","Conserve Battery+1","Storm+1","Panache","Creative AI+1","Biased Cognition+1","Conserve Battery+1","Ball Lightning","Creative AI","Zap+1","Heatsinks+1","Genetic Algorithm+1","Skim+1","Coolheaded+1","Amplify+1","Capacitor","Capacitor","Loop+1","Leap+1","Skim+1","Defragment+1","Loop+1","Lockon+1","Thinking Ahead+1"],"relics":["Cracked Core","Letter Opener","Mummified Hand","PreservedInsect","Old Coin","Toxic Egg 2","Bronze Scales","Orichalcum","Meat on the Bone","Philosopher\u0027s Stone","Potion Belt","Juzu Bracelet","Bird Faced Urn","Question Card","Coffee Dripper","Blue Candle","Molten Egg 2","War Paint","Pantograph","Strawberry","Kunai"],"potions_floor_usage":[8,23,25,33,35,41,55,55,55,55],"damage_taken":[{"damage":0,"enemies":"Small Slimes","floor":1,"turns":2},{"damage":6,"enemies":"Jaw Worm","floor":2,"turns":4},{"damage":2,"enemies":"2 Louse","floor":4,"turns":3},{"damage":11,"enemies":"Gremlin Nob","floor":6,"turns":4},{"damage":4,"enemies":"3 Sentries","floor":8,"turns":5},{"damage":12,"enemies":"Gremlin Nob","floor":10,"turns":4},{"damage":0,"enemies":"Gremlin Gang","floor":14,"turns":3},{"damage":3,"enemies":"The Guardian","floor":16,"turns":6},{"damage":0,"enemies":"Chosen","floor":18,"turns":3},{"damage":14,"enemies":"3 Byrds","floor":19,"turns":2},{"damage":22,"enemies":"Snake Plant","floor":22,"turns":2},{"damage":17,"enemies":"Slavers","floor":23,"turns":3},{"damage":8,"enemies":"Book of Stabbing","floor":25,"turns":3},{"damage":12,"enemies":"Slavers","floor":27,"turns":2},{"damage":15,"enemies":"Centurion and Healer","floor":31,"turns":3},{"damage":0,"enemies":"Champ","floor":33,"turns":4},{"damage":28,"enemies":"3 Shapes","floor":35,"turns":2},{"damage":0,"enemies":"Orb Walker","floor":37,"turns":1},{"damage":10,"enemies":"Writhing Mass","floor":38,"turns":3},{"damage":13,"enemies":"Jaw Worm Horde","floor":39,"turns":3},{"damage":0,"enemies":"Nemesis","floor":40,"turns":3},{"damage":26,"enemies":"3 Darklings","floor":41,"turns":3},{"damage":0,"enemies":"Giant Head","floor":42,"turns":3},{"damage":0,"enemies":"Reptomancer","floor":44,"turns":2},{"damage":5,"enemies":"Spire Growth","floor":47,"turns":3},{"damage":0,"enemies":"Donu and Deca","floor":50,"turns":5},{"damage":42,"enemies":"Shield and Spear","floor":54,"turns":4},{"damage":107,"enemies":"The Heart","floor":55,"turns":5}],"seed_played":"-857759816464902201","potions_obtained":[{"floor":2,"key":"AttackPotion"},{"floor":8,"key":"Fruit Juice"},{"floor":14,"key":"Fire Potion"},{"floor":19,"key":"SpeedPotion"},{"floor":23,"key":"Explosive Potion"},{"floor":27,"key":"GamblersBrew"},{"floor":29,"key":"Block Potion"},{"floor":29,"key":"SneckoOil"},{"floor":31,"key":"PowerPotion"},{"floor":38,"key":"SpeedPotion"},{"floor":39,"key":"Explosive Potion"},{"floor":41,"key":"AttackPotion"}],"is_trial":false,"path_per_floor":["M","M","?","M","T","E","R","E","T","E","?","$","R","M","R","B",null,"M","M","?","$","M","E","?","E","T","E","R","?","?","M","R","B",null,"M","$","M","M","M","E","M","E","T","E","$","R","M","?","R","B",null,"R","$","E","B",null],"character_chosen":"DEFECT","items_purchased":["Orichalcum","Storm","Meat on the Bone","Panache","Potion Belt","Capacitor","Strawberry","Loop","Block Potion"],"campfire_rested":0,"item_purchase_floors":[12,12,12,12,21,36,45,45,53],"current_hp_per_floor":[75,75,63,68,68,64,64,72,72,67,56,56,56,63,63,67,80,80,66,66,66,51,53,38,49,49,60,60,60,60,64,64,85,85,70,70,80,85,85,85,78,85,85,85,92,92,92,92,92,92,92,92,92,63,49],"gold":40,"neow_bonus":"REMOVE_CARD","is_prod":false,"is_daily":false,"chose_seed":false,"campfire_upgraded":7,"win_rate":0,"timestamp":1550453558,"path_taken":["M","M","?","M","?","E","R","E","T","E","?","$","R","M","R","BOSS","M","M","?","$","M","E","?","E","T","E","R","?","?","M","R","BOSS","M","$","M","M","M","E","M","E","T","E","?","R","M","?","R","BOSS","R","$","E","BOSS"],"build_version":"2019-01-23","purchased_purges":2,"victory":true,"max_hp_per_floor":[75,75,75,75,75,75,75,80,80,80,80,80,80,80,80,80,80,80,80,80,80,80,80,85,85,85,85,85,85,85,85,85,85,85,85,85,85,85,85,85,85,85,85,85,92,92,92,92,92,92,92,92,92,92,92],"card_choices":[{"not_picked":["Sweeping Beam","Rebound"],"picked":"Self Repair","floor":1},{"not_picked":["Leap","Steam"],"picked":"Ball Lightning","floor":2},{"not_picked":["Compile Driver","Rebound"],"picked":"Chill","floor":4},{"not_picked":["Reboot","Chaos","Compile Driver"],"picked":"SKIP","floor":6},{"not_picked":["Leap","Chill"],"picked":"Go for the Eyes","floor":8},{"not_picked":["BootSequence+1","Turbo+1"],"picked":"Conserve Battery+1","floor":10},{"not_picked":["Gash","Sweeping Beam"],"picked":"Creative AI","floor":14},{"not_picked":["Multi-Cast+1","All For One"],"picked":"Biased Cognition","floor":16},{"not_picked":["Hologram+1","Steam Power+1"],"picked":"Conserve Battery+1","floor":18},{"not_picked":["Streamline+1","Hologram+1"],"picked":"Ball Lightning","floor":19},{"not_picked":["Conserve Battery+1","Beam Cell"],"picked":"Heatsinks+1","floor":22},{"not_picked":["Rebound","Turbo+1","All For One"],"picked":"SKIP","floor":23},{"not_picked":["Beam Cell","Conserve Battery+1"],"picked":"Genetic Algorithm+1","floor":25},{"not_picked":["Blizzard+1","Recycle+1","Sweeping Beam"],"picked":"SKIP","floor":27},{"not_picked":["Gash","Consume+1","Compile Driver"],"picked":"Coolheaded+1","floor":31},{"not_picked":["Multi-Cast+1","Meteor Strike","Seek+1"],"picked":"Amplify+1","floor":33},{"not_picked":["Skim+1","Fusion+1","Double Energy+1"],"picked":"Capacitor","floor":35},{"not_picked":["Redo+1","Streamline+1","Go for the Eyes","Blizzard"],"picked":"SKIP","floor":37},{"not_picked":["Stack+1","Streamline","Double Energy+1"],"picked":"Loop","floor":38},{"not_picked":["Amplify+1","Coolheaded+1","Redo+1"],"picked":"Leap+1","floor":39},{"not_picked":["Beam Cell+1","Hologram+1","Leap+1"],"picked":"Skim+1","floor":40},{"not_picked":["Tempest+1","Coolheaded+1","Cold Snap","Gash"],"picked":"SKIP","floor":41},{"not_picked":["Stack+1","Fusion+1","Electrodynamics"],"picked":"Defragment+1","floor":42},{"not_picked":["Hologram+1","Scrape+1","Chaos+1","Blizzard+1"],"picked":"SKIP","floor":44},{"not_picked":["Conserve Battery+1","Genetic Algorithm+1","Compile Driver+1"],"picked":"Lockon+1","floor":47},{"not_picked":["Dark Shackles+1","Sadistic Nature","Mind Blast+1"],"picked":"Thinking Ahead+1","floor":48},{"not_picked":["Coolheaded+1","Glacier+1","Reprogram+1","Doom and Gloom+1"],"picked":"SKIP","floor":54}],"player_experience":137536,"relics_obtained":[{"floor":5,"key":"Mummified Hand"},{"floor":6,"key":"PreservedInsect"},{"floor":8,"key":"Old Coin"},{"floor":9,"key":"Toxic Egg 2"},{"floor":10,"key":"Bronze Scales"},{"floor":23,"key":"Juzu Bracelet"},{"floor":25,"key":"Bird Faced Urn"},{"floor":27,"key":"Question Card"},{"floor":40,"key":"Blue Candle"},{"floor":42,"key":"Molten Egg 2"},{"floor":43,"key":"War Paint"},{"floor":44,"key":"Pantograph"},{"floor":54,"key":"Kunai"}],"event_choices":[{"damage_healed":0,"gold_gain":0,"player_choice":"Success","damage_taken":12,"relics_obtained":["Letter Opener"],"max_hp_gain":0,"max_hp_loss":0,"event_name":"Scrap Ooze","floor":3,"gold_loss":0},{"damage_healed":0,"gold_gain":75,"player_choice":"Gather Gold","damage_taken":11,"max_hp_gain":0,"max_hp_loss":0,"event_name":"World of Goop","floor":11,"gold_loss":0},{"damage_healed":0,"gold_gain":0,"player_choice":"2 cards matched","damage_taken":0,"max_hp_gain":0,"max_hp_loss":0,"event_name":"Match and Keep!","floor":20,"gold_loss":0,"cards_obtained":["Creative AI","Zap"]},{"damage_healed":0,"gold_gain":0,"player_choice":"Shed Blood","damage_taken":20,"max_hp_gain":5,"max_hp_loss":0,"event_name":"Forgotten Altar","floor":24,"gold_loss":0},{"damage_healed":0,"gold_gain":0,"player_choice":"Bought 2 Potions","damage_taken":0,"max_hp_gain":0,"max_hp_loss":0,"event_name":"The Woman in Blue","floor":29,"gold_loss":0},{"damage_healed":0,"gold_gain":0,"cards_transformed":["Strike_B"],"player_choice":"Transformed","damage_taken":0,"max_hp_gain":0,"max_hp_loss":0,"event_name":"Transmorgrifier","floor":30,"gold_loss":0,"cards_obtained":["Skim"]},{"damage_healed":0,"gold_gain":0,"player_choice":"Memory 1","damage_taken":0,"max_hp_gain":0,"max_hp_loss":0,"event_name":"SensoryStone","floor":48,"gold_loss":0}],"is_beta":false,"boss_relics":[{"not_picked":["Runic Dome","Snecko Eye"],"picked":"Philosopher\u0027s Stone"},{"not_picked":["Lizard Tail","Pandora\u0027s Box"],"picked":"Coffee Dripper"}],"items_purged_floors":[12,36],"is_endless":false,"potions_floor_spawned":[2,8,14,19,23,27,31,38,39,41,42],"ascension_level":2}