{"gold_per_floor":[114,125,275,295,76,76,107,107,176,205,32,60,60,72,72,148,148,160,171,188,206,226,258,258,284,284,300,318,346,346,17,17,95,95,106,157,157,168,24,59,59,88,88,102,437,448,448,336,336,336],"floor_reached":51,"playtime":2235,"items_purged":["Doubt","Strike_R","Strike_R"],"score":1589,"play_id":"d5daa310-92eb-463f-8265-a7f5b2cdb744","local_time":"20190325210900","is_ascension_mode":true,"campfire_choices":[{"data":"Bludgeon","floor":6,"key":"SMITH"},{"data":"True Grit","floor":8,"key":"SMITH"},{"data":"Offering","floor":15,"key":"SMITH"},{"data":"Heavy Blade","floor":24,"key":"SMITH"},{"data":"Headbutt","floor":30,"key":"SMITH"},{"data":"Defend_R","floor":32,"key":"SMITH"},{"data":"Feel No Pain","floor":41,"key":"SMITH"},{"data":"Juggernaut","floor":47,"key":"SMITH"},{"data":"Defend_R","floor":49,"key":"SMITH"}],"neow_cost":"PERCENT_DAMAGE","seed_source_timestamp":49702526555995,"circlet_count":0,"master_deck":["AscendersBane","Strike_R","Strike_R","Strike_R+1","Defend_R","Defend_R","Defend_R+1","Defend_R+1","Bash+1","Perfected Strike","Headbutt+1","True Grit+1","Bludgeon+1","Offering+1","Flame Barrier+1","Disarm+1","Limit Break+1","Spot Weakness+1","Impervious+1","Power Through+1","Armaments+1","Heavy Blade+1","True Grit+1","Impervious+1","Body Slam","Corruption","Juggernaut+1","True Grit+1","Feel No Pain+1","Spot Weakness+1","Dual Wield+1","Flame Barrier+1","Sentinel+1","Spot Weakness+1"],"relics":["Burning Blood","Calipers","Whetstone","Letter Opener","Toxic Egg 2","Regal Pillow","Snecko Eye","Singing Bowl","Nunchaku","Oddly Smooth Stone","Magic Flower","Medical Kit","Mark of Pain","Bird Faced Urn","Omamori","The Courier","Bottled Tornado","Old Coin","Anchor"],"potions_floor_usage":[25,33,36,38,42,44,50,50],"damage_taken":[{"damage":9,"enemies":"Cultist","floor":1,"turns":5},{"damage":3,"enemies":"Jaw Worm","floor":2,"turns":5},{"damage":0,"enemies":"2 Louse","floor":4,"turns":2},{"damage":8,"enemies":"Gremlin Nob","floor":7,"turns":3},{"damage":16,"enemies":"Lagavulin","floor":10,"turns":3},{"damage":15,"enemies":"Gremlin Nob","floor":12,"turns":3},{"damage":11,"enemies":"Lots of Slimes","floor":14,"turns":3},{"damage":13,"enemies":"Hexaghost","floor":16,"turns":8},{"damage":2,"enemies":"Spheric Guardian","floor":18,"turns":3},{"damage":6,"enemies":"3 Byrds","floor":19,"turns":5},{"damage":0,"enemies":"Centurion and Healer","floor":20,"turns":5},{"damage":0,"enemies":"Snecko","floor":21,"turns":4},{"damage":6,"enemies":"Cultist and Chosen","floor":22,"turns":3},{"damage":15,"enemies":"Slavers","floor":23,"turns":5},{"damage":8,"enemies":"Gremlin Leader","floor":25,"turns":5},{"damage":6,"enemies":"3 Cultists","floor":27,"turns":4},{"damage":3,"enemies":"Centurion and Healer","floor":28,"turns":4},{"damage":0,"enemies":"Slavers","floor":29,"turns":5},{"damage":50,"enemies":"Collector","floor":33,"turns":10},{"damage":1,"enemies":"3 Shapes","floor":35,"turns":5},{"damage":20,"enemies":"2 Orb Walkers","floor":36,"turns":5},{"damage":0,"enemies":"3 Darklings","floor":38,"turns":3},{"damage":6,"enemies":"Giant Head","floor":40,"turns":7},{"damage":6,"enemies":"Reptomancer","floor":42,"turns":4},{"damage":0,"enemies":"Spire Growth","floor":44,"turns":5},{"damage":33,"enemies":"Nemesis","floor":45,"turns":7},{"damage":0,"enemies":"Writhing Mass","floor":46,"turns":5},{"damage":22,"enemies":"Awakened One","floor":50,"turns":9}],"seed_played":"-2771876339859705724","potions_obtained":[{"floor":1,"key":"SpeedPotion"},{"floor":2,"key":"SpeedPotion"},{"floor":10,"key":"PowerPotion"},{"floor":20,"key":"Block Potion"},{"floor":25,"key":"GamblersBrew"},{"floor":33,"key":"Poison Potion"},{"floor":35,"key":"PowerPotion"},{"floor":36,"key":"GamblersBrew"},{"floor":42,"key":"Ancient Potion"},{"floor":45,"key":"Weak Potion"}],"is_trial":false,"path_per_floor":["M","M","?","M","$","R","E","R","T","E","$","E","?","M","R","B",null,"M","M","M","M","M","E","R","E","T","M","M","E","R","$","R","B",null,"M","?","?","M","$","E","R","E","T","M","E","M","R","?","R","B",null],"character_chosen":"IRONCLAD","items_purchased":["Bludgeon","Disarm+1","Medical Kit","Dual Wield+1","Regen Potion"],"campfire_rested":0,"item_purchase_floors":[5,11,31,39,39],"current_hp_per_floor":[47,50,50,56,56,56,54,54,54,44,44,35,35,30,30,23,62,66,66,72,75,75,68,68,66,66,66,69,77,77,77,77,36,68,76,65,65,79,79,81,81,81,81,83,65,85,85,85,85,85],"gold":336,"neow_bonus":"ONE_RARE_RELIC","is_prod":false,"is_daily":false,"chose_seed":false,"campfire_upgraded":9,"win_rate":0,"timestamp":1553573340,"path_taken":["M","?","?","M","$","R","E","R","T","E","$","E","?","M","R","BOSS","M","M","M","M","M","E","R","E","T","M","?","E","R","$","R","BOSS","M","?","?","M","$","E","R","E","T","?","E","M","R","?","R","BOSS"],"build_version":"2019-01-23","purchased_purges":3,"victory":true,"max_hp_per_floor":[75,75,75,75,75,75,75,75,75,75,75,75,75,75,75,75,75,75,75,75,75,75,77,77,77,77,77,77,79,79,79,79,79,79,79,79,79,81,81,81,81,81,81,83,83,85,85,85,85,85],"card_choices":[{"not_picked":["Bloodletting","Thunderclap"],"picked":"Perfected Strike","floor":1},{"not_picked":["Shrug It Off","Pummel"],"picked":"Headbutt","floor":2},{"not_picked":["Clash","Armaments"],"picked":"True Grit","floor":4},{"not_picked":["Flex","Thunderclap"],"picked":"Offering","floor":7},{"not_picked":["Immolate","Intimidate"],"picked":"Flame Barrier","floor":10},{"not_picked":["Twin Strike","Body Slam"],"picked":"Limit Break+1","floor":12},{"not_picked":["Sword Boomerang","Evolve"],"picked":"Spot Weakness+1","floor":14},{"not_picked":["Double Tap+1","Demon Form"],"picked":"Impervious+1","floor":16},{"not_picked":["Clothesline","Perfected Strike"],"picked":"Power Through+1","floor":18},{"not_picked":["Headbutt","Warcry+1"],"picked":"Armaments+1","floor":19},{"not_picked":["Iron Wave","Thunderclap","Rage+1"],"picked":"SKIP","floor":20},{"not_picked":["Evolve","Twin Strike"],"picked":"Heavy Blade","floor":21},{"not_picked":["Pommel Strike","Juggernaut"],"picked":"True Grit+1","floor":22},{"not_picked":["Anger","Pummel","Rampage"],"picked":"Singing Bowl","floor":23},{"not_picked":["Uppercut","Wild Strike"],"picked":"Impervious+1","floor":25},{"not_picked":["Clothesline","Combust"],"picked":"Body Slam","floor":27},{"not_picked":["Cleave","Thunderclap"],"picked":"Corruption","floor":28},{"not_picked":["Pummel","Anger+1","Bloodletting+1"],"picked":"Singing Bowl","floor":29},{"not_picked":["Berserk","Brutality"],"picked":"Juggernaut","floor":33},{"not_picked":["Seeing Red+1","Reckless Charge"],"picked":"True Grit+1","floor":35},{"not_picked":["Shrug It Off+1","Twin Strike+1"],"picked":"Feel No Pain","floor":36},{"not_picked":["Heavy Blade","Pummel","Searing Blow"],"picked":"Singing Bowl","floor":38},{"not_picked":["Inflame+1","Sever Soul"],"picked":"Flame Barrier+1","floor":40},{"not_picked":["Rupture","Clash"],"picked":"Sentinel+1","floor":42},{"not_picked":["Clash+1","Thunderclap","Pommel Strike"],"picked":"Singing Bowl","floor":44},{"not_picked":["Pommel Strike","Infernal Blade+1"],"picked":"Spot Weakness+1","floor":45},{"not_picked":["Warcry+1","Bloodletting+1","Wild Strike"],"picked":"Singing Bowl","floor":46}],"player_experience":2377990,"relics_obtained":[{"floor":7,"key":"Whetstone"},{"floor":9,"key":"Letter Opener"},{"floor":10,"key":"Toxic Egg 2"},{"floor":12,"key":"Regal Pillow"},{"floor":23,"key":"Singing Bowl"},{"floor":25,"key":"Nunchaku"},{"floor":26,"key":"Oddly Smooth Stone"},{"floor":29,"key":"Magic Flower"},{"floor":36,"key":"Bird Faced Urn"},{"floor":40,"key":"Omamori"},{"floor":42,"key":"The Courier"},{"floor":43,"key":"Bottled Tornado"},{"floor":45,"key":"Old Coin"}],"event_choices":[{"damage_healed":0,"gold_gain":150,"player_choice":"AGREE","damage_taken":0,"max_hp_gain":0,"max_hp_loss":0,"event_name":"Liars Game","floor":3,"gold_loss":0,"cards_obtained":["Doubt"]},{"damage_healed":0,"gold_gain":0,"player_choice":"0 cards matched","damage_taken":0,"max_hp_gain":0,"max_hp_loss":0,"event_name":"Match and Keep!","floor":13,"gold_loss":0,"cards_obtained":[]},{"damage_healed":0,"gold_gain":0,"player_choice":"Fight","damage_taken":0,"max_hp_gain":0,"max_hp_loss":0,"event_name":"Mysterious Sphere","floor":36,"gold_loss":0},{"damage_healed":0,"gold_gain":0,"player_choice":"Copied","damage_taken":0,"max_hp_gain":0,"max_hp_loss":0,"event_name":"Duplicator","floor":37,"gold_loss":0,"cards_obtained":["Spot Weakness"]},{"damage_healed":0,"gold_gain":0,"player_choice":"Paid Gold","damage_taken":0,"relics_obtained":["Anchor"],"max_hp_gain":0,"max_hp_loss":0,"event_name":"WeMeetAgain","floor":48,"gold_loss":112}],"is_beta":false,"boss_relics":[{"not_picked":["Calling Bell","Astrolabe"],"picked":"Snecko Eye"},{"not_picked":["Empty Cage","Fusion Hammer"],"picked":"Mark of Pain"}],"items_purged_floors":[5,11,31],"is_endless":false,"potions_floor_spawned":[1,2,7,10,18,20,23,25,33,35,36,42,45],"ascension_level":15}