{"gold_per_floor":[114,114,129,10,160,160,192,209,234,234,269,289,306,316,316,316],"floor_reached":16,"playtime":482,"items_purged":[],"score":267,"play_id":"0d8b2d50-06ad-4325-9f80-c62691e9449c","local_time":"20190502111310","is_ascension_mode":true,"campfire_choices":[{"data":"Hemokinesis","floor":6,"key":"SMITH"},{"data":"Entrench","floor":10,"key":"SMITH"},{"floor":15,"key":"REST"}],"neow_cost":"NONE","seed_source_timestamp":507215851472400,"circlet_count":0,"master_deck":["AscendersBane","Strike_R","Strike_R","Strike_R","Strike_R","Strike_R","Defend_R","Defend_R","Defend_R","Defend_R","Bash","Headbutt","Hemokinesis+1","Flame Barrier","Metallicize","Doubt","Shrug It Off","Entrench+1","Double Tap","Cleave"],"relics":["Burning Blood","NeowsBlessing","Anchor","Regal Pillow","Singing Bowl"],"potions_floor_usage":[11,12,16],"damage_taken":[{"damage":0,"enemies":"Small Slimes","floor":1,"turns":1},{"damage":0,"enemies":"Jaw Worm","floor":3,"turns":1},{"damage":0,"enemies":"3 Sentries","floor":7,"turns":2},{"damage":2,"enemies":"2 Louse","floor":8,"turns":3},{"damage":46,"enemies":"Lagavulin","floor":11,"turns":8},{"damage":20,"enemies":"Exordium Wildlife","floor":12,"turns":7},{"damage":5,"enemies":"Blue Slaver","floor":13,"turns":4},{"damage":11,"enemies":"Large Slime","floor":14,"turns":5},{"damage":69,"enemies":"The Guardian","floor":16,"turns":9}],"seed_played":"2922846740966087681","potions_obtained":[{"floor":7,"key":"FearPotion"},{"floor":11,"key":"SkillPotion"},{"floor":13,"key":"SteroidPotion"}],"is_trial":false,"path_per_floor":["M","?","M","$","?","R","E","M","T","R","E","M","M","M","R","B"],"character_chosen":"IRONCLAD","items_purchased":["Flame Barrier","Metallicize"],"campfire_rested":1,"item_purchase_floors":[4,4],"current_hp_per_floor":[74,79,80,80,80,80,80,80,80,80,40,28,29,26,66,0],"gold":316,"neow_bonus":"THREE_ENEMY_KILL","is_prod":false,"is_daily":false,"chose_seed":false,"campfire_upgraded":2,"win_rate":0,"timestamp":1556784790,"path_taken":["M","?","M","$","?","R","E","M","T","R","E","M","M","M","R","BOSS"],"build_version":"2019-01-23","purchased_purges":0,"victory":false,"max_hp_per_floor":[75,80,80,80,80,80,80,80,80,80,80,82,82,84,84,84],"card_choices":[{"not_picked":["Iron Wave","Rupture"],"picked":"Headbutt","floor":1},{"not_picked":["Combust","Shockwave"],"picked":"Hemokinesis","floor":3},{"not_picked":["Hemokinesis","Anger"],"picked":"Shrug It Off","floor":7},{"not_picked":["Iron Wave","Havoc"],"picked":"Entrench","floor":8},{"not_picked":["Cleave","Dropkick"],"picked":"Double Tap","floor":11},{"not_picked":["Twin Strike","Anger","Heavy Blade"],"picked":"Singing Bowl","floor":12},{"not_picked":["Sentinel","True Grit"],"picked":"Cleave","floor":13},{"not_picked":["Anger","Sword Boomerang","Armaments"],"picked":"Singing Bowl","floor":14}],"player_experience":358338,"relics_obtained":[{"floor":7,"key":"Anchor"},{"floor":9,"key":"Regal Pillow"},{"floor":11,"key":"Singing Bowl"}],"event_choices":[{"damage_healed":0,"gold_gain":0,"player_choice":"Donut","damage_taken":0,"max_hp_gain":5,"max_hp_loss":0,"event_name":"Big Fish","floor":2,"gold_loss":0},{"damage_healed":0,"gold_gain":150,"player_choice":"AGREE","damage_taken":0,"max_hp_gain":0,"max_hp_loss":0,"event_name":"Liars Game","floor":5,"gold_loss":0,"cards_obtained":["Doubt"]}],"is_beta":false,"boss_relics":[],"items_purged_floors":[],"is_endless":false,"potions_floor_spawned":[7,11,13],"killed_by":"The Guardian","ascension_level":19}