{"gold_per_floor":[114,129,144,163,181,181,211,228,228,228],"floor_reached":10,"playtime":690,"items_purged":[],"score":76,"play_id":"69f6b36f-48cf-4208-9351-c39fcb84f300","local_time":"20181013223327","is_ascension_mode":true,"campfire_choices":[{"data":"Loop","floor":6,"key":"SMITH"}],"neow_cost":"NONE","seed_source_timestamp":272832607311016,"circlet_count":0,"master_deck":["Strike_B","Strike_B","Strike_B","Defend_B","Defend_B","Defend_B","Defend_B","Zap","Dualcast","Hologram","Ball Lightning","Loop+1","Storm","Conserve Battery"],"relics":["Cracked Core","Oddly Smooth Stone","Gremlin Horn"],"potions_floor_usage":[7,8,10],"damage_taken":[{"damage":0,"enemies":"2 Louse","floor":1,"turns":3},{"damage":12,"enemies":"Small Slimes","floor":2,"turns":3},{"damage":3,"enemies":"Jaw Worm","floor":3,"turns":4},{"damage":2,"enemies":"Blue Slaver","floor":4,"turns":3},{"damage":11,"enemies":"3 Louse","floor":5,"turns":3},{"damage":22,"enemies":"3 Sentries","floor":7,"turns":5},{"damage":15,"enemies":"Exordium Thugs","floor":8,"turns":4},{"damage":10,"enemies":"Lagavulin","floor":10,"turns":3}],"seed_played":"8165871264021104652","potions_obtained":[{"floor":2,"key":"Energy Potion"},{"floor":3,"key":"FocusPotion"},{"floor":7,"key":"Block Potion"}],"is_trial":false,"path_per_floor":["M","M","M","M","M","R","E","M","T"],"character_chosen":"DEFECT","items_purchased":[],"campfire_rested":0,"item_purchase_floors":[],"current_hp_per_floor":[75,63,60,58,47,47,25,10,10,0],"gold":228,"neow_bonus":"TRANSFORM_CARD","is_prod":false,"is_daily":false,"chose_seed":false,"campfire_upgraded":1,"win_rate":0,"timestamp":1539484407,"path_taken":["M","M","M","M","M","R","E","M","T","E"],"build_version":"2018-10-11","purchased_purges":0,"victory":false,"max_hp_per_floor":[75,75,75,75,75,75,75,75,75,75],"card_choices":[{"not_picked":["Hologram","Redo","Coolheaded"],"picked":"SKIP","floor":1},{"not_picked":["Turbo","Rebound","Gash"],"picked":"SKIP","floor":2},{"not_picked":["Beam Cell","Compile Driver"],"picked":"Ball Lightning","floor":3},{"not_picked":["Rebound","Sweeping Beam"],"picked":"Loop","floor":4},{"not_picked":["Barrage","Sunder"],"picked":"Storm","floor":5},{"not_picked":["Aggregate","Double Energy","Beam Cell"],"picked":"SKIP","floor":7},{"not_picked":["Sweeping Beam","Rebound"],"picked":"Conserve Battery","floor":8}],"player_experience":50431,"relics_obtained":[{"floor":7,"key":"Oddly Smooth Stone"},{"floor":9,"key":"Gremlin Horn"}],"event_choices":[],"is_beta":false,"boss_relics":[],"items_purged_floors":[],"is_endless":false,"potions_floor_spawned":[2,3,7],"killed_by":"Lagavulin","ascension_level":1}