{"gold_per_floor":[112,56,73,84,101,132,152,182,206,206,233,250,250,250,250,326,326,346,365,365,385,55,90,90,122,173,6,37,37,37,47,47,121,121,131,131,131,149,164,164,177,206,284,73,73,0,12,42,42,42,42],"floor_reached":52,"playtime":2363,"items_purged":[],"score":2105,"play_id":"6ab7a139-a01e-4d83-b250-41dc1957a778","local_time":"20181207200947","daily_mods":["SealedDeck"],"is_ascension_mode":true,"campfire_choices":[{"data":"Noxious Fumes","floor":10.0,"key":"SMITH"},{"data":"Footwork","floor":15.0,"key":"SMITH"},{"data":"Reflex","floor":29.0,"key":"SMITH"},{"data":"Burst","floor":32.0,"key":"SMITH"},{"data":"Well Laid Plans","floor":40.0,"key":"SMITH"},{"floor":45.0,"key":"REST"},{"data":"Night Terror","floor":49.0,"key":"SMITH"}],"neow_cost":"","seed_source_timestamp":0,"circlet_count":0,"master_deck":["AscendersBane","Deadly Poison","Poisoned Stab","PiercingWail","Blur","Blur","Backflip","Noxious Fumes+1","Dodge and Roll","Footwork+1","Corpse Explosion","Catalyst+1","Malaise","Deadly Poison+1","Backflip","Well Laid Plans+1","Burst+1","Reflex+1","PiercingWail","Backflip+1","Night Terror+1"],"special_seed":0,"relics":["Ring of the Serpent","Juzu Bracelet","Bag of Marbles","Bronze Scales","HoveringKite","Nloth\u0027s Gift","Lee\u0027s Waffle","Bag of Preparation","PreservedInsect","Oddly Smooth Stone","Mango","Paper Crane","Kunai","TheAbacus","Red Mask","Pantograph"],"potions_floor_usage":[51,51],"damage_taken":[{"damage":0.0,"enemies":"Cultist","floor":1.0,"turns":4.0},{"damage":1.0,"enemies":"2 Louse","floor":3.0,"turns":3.0},{"damage":0.0,"enemies":"Small Slimes","floor":4.0,"turns":5.0},{"damage":7.0,"enemies":"Red Slaver","floor":5.0,"turns":4.0},{"damage":6.0,"enemies":"3 Sentries","floor":6.0,"turns":4.0},{"damage":0.0,"enemies":"3 Louse","floor":7.0,"turns":2.0},{"damage":0.0,"enemies":"Lagavulin","floor":8.0,"turns":6.0},{"damage":37.0,"enemies":"Gremlin Nob","floor":11.0,"turns":4.0},{"damage":1.0,"enemies":"Blue Slaver","floor":12.0,"turns":4.0},{"damage":3.0,"enemies":"The Guardian","floor":16.0,"turns":6.0},{"damage":28.0,"enemies":"2 Thieves","floor":18.0,"turns":2.0},{"damage":10.0,"enemies":"Shell Parasite","floor":19.0,"turns":5.0},{"damage":5.0,"enemies":"3 Cultists","floor":21.0,"turns":3.0},{"damage":3.0,"enemies":"Slavers","floor":23.0,"turns":3.0},{"damage":1.0,"enemies":"Gremlin Leader","floor":25.0,"turns":4.0},{"damage":17.0,"enemies":"Slavers","floor":28.0,"turns":4.0},{"damage":0.0,"enemies":"Centurion and Healer","floor":31.0,"turns":4.0},{"damage":2.0,"enemies":"Automaton","floor":33.0,"turns":5.0},{"damage":0.0,"enemies":"3 Shapes","floor":35.0,"turns":3.0},{"damage":0.0,"enemies":"Orb Walker","floor":38.0,"turns":2.0},{"damage":15.0,"enemies":"Writhing Mass","floor":39.0,"turns":5.0},{"damage":0.0,"enemies":"Jaw Worm Horde","floor":41.0,"turns":1.0},{"damage":18.0,"enemies":"Reptomancer","floor":42.0,"turns":3.0},{"damage":0.0,"enemies":"4 Shapes","floor":47.0,"turns":2.0},{"damage":0.0,"enemies":"Nemesis","floor":48.0,"turns":3.0},{"damage":4.0,"enemies":"Time Eater","floor":50.0,"turns":5.0},{"damage":26,"enemies":"Donu and Deca","floor":51,"turns":4}],"seed_played":"-5359558558151156381","potions_obtained":[{"floor":1.0,"key":"Poison Potion"},{"floor":6.0,"key":"Regen Potion"},{"floor":11.0,"key":"SteroidPotion"},{"floor":12.0,"key":"Dexterity Potion"},{"floor":19.0,"key":"Dexterity Potion"},{"floor":23.0,"key":"EssenceOfSteel"}],"is_trial":true,"path_per_floor":["M","$","M","M","M","E","M","E","T","R","E","M","?","$","R","B",null,"M","M","M","?","M","$","E","?","E","T","$","E","R","?","M","R","B",null,"M","?","?","M","M","R","M","E","T","$","R","?","M","E","R","B","B",null],"character_chosen":"THE_SILENT","items_purchased":["Block Potion","Backflip","Well Laid Plans","Lee\u0027s Waffle","Burst","Reflex","TheAbacus"],"campfire_rested":1,"item_purchase_floors":[2,22,22,22,27,27,44],"current_hp_per_floor":[59,59,58,58,51,45,45,60,60,60,23,22,22,22,22,19,54,26,16,16,11,73,70,70,69,69,69,66,66,66,66,66,64,81,81,81,86,86,71,71,71,53,53,53,79,79,79,79,79,83,61],"gold":42,"neow_bonus":"","is_prod":false,"is_daily":false,"chose_seed":false,"campfire_upgraded":6,"win_rate":0,"timestamp":1544242187,"path_taken":["M","?","M","M","M","E","M","E","T","R","E","M","?","$","R","BOSS","M","M","?","M","$","E","?","E","T","$","E","R","?","M","R","BOSS","M","?","?","M","M","R","M","E","T","$","R","?","M","E","R","BOSS","BOSS"],"build_version":"2018-12-06","purchased_purges":0,"victory":true,"max_hp_per_floor":[66,66,66,66,66,66,66,66,66,66,66,66,66,66,66,66,66,66,66,66,66,73,73,73,73,73,73,87,87,87,87,87,87,87,87,87,87,87,87,87,87,87,87,87,87,87,87,87,87,87,87],"card_choices":[{"not_picked":["Outmaneuver","Blade Dance"],"picked":"Backstab","floor":1.0},{"not_picked":["Backflip","Choke"],"picked":"Corpse Explosion","floor":3.0},{"not_picked":["Prepared","Dash","Cloak And Dagger"],"picked":"SKIP","floor":4.0},{"not_picked":["Prepared","Dash","Cloak And Dagger"],"picked":"SKIP","floor":4.0},{"not_picked":["Acrobatics","PiercingWail","Dagger Spray"],"picked":"SKIP","floor":5.0},{"not_picked":["Prepared","Slice","Underhanded Strike"],"picked":"SKIP","floor":6.0},{"not_picked":["Poisoned Stab","Bane","PiercingWail"],"picked":"SKIP","floor":7.0},{"not_picked":["Deadly Poison","Flying Knee","A Thousand Cuts"],"picked":"SKIP","floor":8.0},{"not_picked":["Tactician","Setup"],"picked":"Catalyst","floor":11.0},{"not_picked":["Concentrate","Deadly Poison","Setup"],"picked":"SKIP","floor":12.0},{"not_picked":["Corpse Explosion","Unload"],"picked":"Malaise","floor":16.0},{"not_picked":["Deadly Poison","Quick Slash","Heel Hook"],"picked":"SKIP","floor":18.0},{"not_picked":["Dagger Spray","Infinite Blades","Footwork"],"picked":"SKIP","floor":19.0},{"not_picked":["Slice+1","Cloak And Dagger"],"picked":"Deadly Poison+1","floor":21.0},{"not_picked":["Flechettes","Concentrate","Phantasmal Killer"],"picked":"SKIP","floor":23.0},{"not_picked":["Dodge and Roll","Flying Knee","Quick Slash"],"picked":"SKIP","floor":25.0},{"not_picked":["Bane","Blade Dance","Skewer"],"picked":"SKIP","floor":28.0},{"not_picked":["Dagger Spray","Dash","Concentrate"],"picked":"SKIP","floor":31.0},{"not_picked":["Underhanded Strike","Blade Dance","Quick Slash"],"picked":"SKIP","floor":35.0},{"not_picked":["Slice","Dagger Throw","Sucker Punch"],"picked":"SKIP","floor":38.0},{"not_picked":["Tactician+1","Deflect","Finisher+1"],"picked":"SKIP","floor":39.0},{"not_picked":["Quick Slash","A Thousand Cuts"],"picked":"PiercingWail","floor":41.0},{"not_picked":["Infinite Blades","Phantasmal Killer","Slice"],"picked":"SKIP","floor":42.0},{"not_picked":["Prepared","Dagger Spray"],"picked":"Backflip+1","floor":47.0},{"not_picked":["Prepared+1","Flying Knee"],"picked":"Night Terror","floor":48.0}],"player_experience":1755161,"relics_obtained":[{"floor":6.0,"key":"Shuriken"},{"floor":8.0,"key":"Juzu Bracelet"},{"floor":9.0,"key":"Bag of Marbles"},{"floor":11.0,"key":"Bronze Scales"},{"floor":23.0,"key":"Bag of Preparation"},{"floor":25.0,"key":"PreservedInsect"},{"floor":26.0,"key":"Oddly Smooth Stone"},{"floor":28.0,"key":"Mango"},{"floor":42.0,"key":"Paper Crane"},{"floor":43.0,"key":"Kunai"},{"floor":48.0,"key":"Pantograph"}],"event_choices":[{"damage_healed":0.0,"max_hp_gain":0.0,"max_hp_loss":0.0,"gold_gain":0.0,"event_name":"Living Wall","player_choice":"Grow","floor":13.0,"gold_loss":0.0,"damage_taken":0.0,"cards_upgraded":["Catalyst"]},{"damage_healed":0.0,"max_hp_gain":0.0,"max_hp_loss":0.0,"gold_gain":0.0,"event_name":"N\u0027loth","player_choice":"Traded Relic","floor":20.0,"relics_lost":["Shuriken"],"gold_loss":0.0,"damage_taken":0.0,"relics_obtained":["Nloth\u0027s Gift"]},{"damage_healed":0.0,"max_hp_gain":0.0,"max_hp_loss":0.0,"gold_gain":0.0,"event_name":"Ghosts","player_choice":"Ignored","floor":24.0,"gold_loss":0.0,"damage_taken":0.0},{"cards_removed":["Backstab"],"damage_healed":0.0,"max_hp_gain":0.0,"max_hp_loss":0.0,"gold_gain":0.0,"event_name":"Falling","player_choice":"Removed Attack","floor":36.0,"gold_loss":0.0,"damage_taken":0.0},{"cards_removed":["Dagger Spray"],"damage_healed":5.0,"max_hp_gain":0.0,"max_hp_loss":0.0,"gold_gain":0.0,"event_name":"Bonfire Elementals","player_choice":"Offered Common","floor":37.0,"gold_loss":0.0,"damage_taken":0.0},{"cards_removed":["Dagger Spray"],"damage_healed":5.0,"max_hp_gain":0.0,"max_hp_loss":0.0,"gold_gain":0.0,"event_name":"Bonfire Elementals","player_choice":"Offered Special","floor":37.0,"gold_loss":0.0,"damage_taken":0.0},{"damage_healed":0.0,"max_hp_gain":0.0,"max_hp_loss":0.0,"gold_gain":0.0,"event_name":"Tomb of Lord Red Mask","player_choice":"Paid","floor":46.0,"gold_loss":73.0,"damage_taken":0.0,"relics_obtained":["Red Mask"]}],"is_beta":false,"boss_relics":[{"not_picked":["Calling Bell","Astrolabe"],"picked":"HoveringKite"},{"not_picked":["Sozu","Snecko Eye"],"picked":"Ring of the Serpent"}],"items_purged_floors":[],"is_endless":false,"potions_floor_spawned":[1,6,11,12,19,23,25,28,38,39],"ascension_level":20}