{"gold_per_floor":[119,119,11,11,28,28,47,74,101,101,132,132,151,176,188,200],"floor_reached":16,"playtime":437,"items_purged":[],"score":205,"play_id":"3ff5b450-bc6c-4248-ac14-f85f19281595","local_time":"20190427105103","is_ascension_mode":true,"campfire_choices":[{"data":"Spot Weakness","floor":6,"key":"SMITH"},{"data":"Whirlwind","floor":10,"key":"SMITH"},{"data":"Fire Breathing","floor":12,"key":"SMITH"},{"floor":15,"key":"REST"}],"neow_cost":"NONE","seed_source_timestamp":73933982600800,"circlet_count":0,"master_deck":["AscendersBane","Strike_R","Strike_R","Strike_R","Defend_R","Defend_R","Defend_R","Defend_R","Bash","Spot Weakness+1","Fire Breathing+1","Cleave","Clothesline","Ghostly Armor","Whirlwind+1","Pommel Strike","Heavy Blade"],"relics":["Burning Blood","Strawberry","Blood Vial","Boot","MawBank"],"potions_floor_usage":[11,11],"damage_taken":[{"damage":9,"enemies":"2 Louse","floor":1,"turns":2},{"damage":13,"enemies":"Cultist","floor":5,"turns":5},{"damage":16,"enemies":"Jaw Worm","floor":7,"turns":4},{"damage":39,"enemies":"Gremlin Nob","floor":11,"turns":4},{"damage":12,"enemies":"Exordium Thugs","floor":13,"turns":4},{"damage":20,"enemies":"3 Sentries","floor":14,"turns":4},{"damage":46,"enemies":"The Guardian","floor":16,"turns":6}],"seed_played":"-3895104567898241053","potions_obtained":[{"floor":1,"key":"BloodPotion"},{"floor":7,"key":"Poison Potion"},{"floor":11,"key":"Ancient Potion"}],"is_trial":false,"path_per_floor":["M","?","$","$","M","R","M","T","T","R","E","R","M","E","R","B"],"character_chosen":"IRONCLAD","items_purchased":["Cleave","Clothesline"],"campfire_rested":1,"item_purchase_floors":[3,3],"current_hp_per_floor":[65,65,65,65,58,58,48,55,55,55,32,32,28,16,40,0],"gold":200,"neow_bonus":"REMOVE_CARD","is_prod":false,"is_daily":false,"chose_seed":false,"campfire_upgraded":3,"win_rate":0,"timestamp":1556351463,"path_taken":["M","?","?","$","?","R","M","?","T","R","E","R","M","E","R","BOSS"],"build_version":"2019-01-23","purchased_purges":0,"victory":false,"max_hp_per_floor":[75,75,75,75,75,75,75,82,82,82,82,82,82,82,82,82],"card_choices":[{"not_picked":["Rampage","Shrug It Off"],"picked":"Spot Weakness","floor":1},{"not_picked":["Heavy Blade","Headbutt"],"picked":"Ghostly Armor","floor":5},{"not_picked":["Anger","True Grit"],"picked":"Whirlwind","floor":7},{"not_picked":["Sentinel","Wild Strike"],"picked":"Pommel Strike","floor":11},{"not_picked":["Thunderclap","Sword Boomerang","Iron Wave"],"picked":"SKIP","floor":13},{"not_picked":["Blood for Blood","Perfected Strike"],"picked":"Heavy Blade","floor":14}],"player_experience":341080,"relics_obtained":[{"floor":8,"key":"Strawberry"},{"floor":9,"key":"Blood Vial"},{"floor":11,"key":"Boot"},{"floor":14,"key":"MawBank"}],"event_choices":[{"damage_healed":0,"gold_gain":0,"cards_transformed":["Strike_R"],"player_choice":"Transformed","damage_taken":0,"max_hp_gain":0,"max_hp_loss":0,"event_name":"Transmorgrifier","floor":2,"gold_loss":0,"cards_obtained":["Fire Breathing"]}],"is_beta":false,"boss_relics":[],"items_purged_floors":[],"is_endless":false,"potions_floor_spawned":[1,7,11],"killed_by":"The Guardian","ascension_level":18}