{"gold_per_floor":[17,17,17,31,42,72,83,112,112,128,140,153,166,91,91,91],"floor_reached":16,"playtime":1410,"items_purged":["Strike_R"],"score":116,"play_id":"1b3285fd-f7c0-4d86-8b40-aa823f5ca8c1","local_time":"20190322032933","is_ascension_mode":false,"campfire_choices":[{"data":"Strike_R","floor":15,"key":"PURGE"}],"neow_cost":"NO_GOLD","seed_source_timestamp":586095453163600,"circlet_count":0,"master_deck":["Strike_R","Strike_R","Defend_R","Defend_R","Defend_R","Defend_R","Twin Strike","Iron Wave","Ghostly Armor","Pommel Strike","Double Tap","Blood for Blood","Power Through","Cleave","Hemokinesis","Shrug It Off","Bloodletting"],"relics":["Burning Blood","Question Card","Peace Pipe","Prayer Wheel","Champion Belt"],"potions_floor_usage":[6,7,16,16,16],"damage_taken":[{"damage":5,"enemies":"Jaw Worm","floor":1,"turns":5},{"damage":3,"enemies":"Cultist","floor":4,"turns":5},{"damage":2,"enemies":"Small Slimes","floor":5,"turns":3},{"damage":17,"enemies":"Gremlin Nob","floor":6,"turns":4},{"damage":13,"enemies":"Exordium Wildlife","floor":7,"turns":6},{"damage":21,"enemies":"3 Sentries","floor":8,"turns":10},{"damage":0,"enemies":"Looter","floor":10,"turns":3},{"damage":12,"enemies":"3 Louse","floor":11,"turns":4},{"damage":0,"enemies":"Exordium Wildlife","floor":12,"turns":2},{"damage":3,"enemies":"Large Slime","floor":13,"turns":4},{"damage":61,"enemies":"The Guardian","floor":16,"turns":9}],"seed_played":"5567773720280643061","potions_obtained":[{"floor":5,"key":"Strength Potion"},{"floor":6,"key":"AttackPotion"},{"floor":10,"key":"PowerPotion"},{"floor":11,"key":"FearPotion"},{"floor":13,"key":"Weak Potion"}],"is_trial":false,"path_per_floor":["M","?","$","M","M","E","M","E","T","M","M","M","M","$","R","B"],"character_chosen":"IRONCLAD","items_purchased":[],"campfire_rested":0,"item_purchase_floors":[],"current_hp_per_floor":[80,80,80,80,80,69,62,47,47,53,47,53,56,56,56,0],"gold":91,"neow_bonus":"REMOVE_TWO","is_prod":false,"is_daily":false,"chose_seed":false,"campfire_upgraded":0,"win_rate":0.0,"timestamp":1553218173,"path_taken":["M","?","?","M","M","E","M","E","T","?","M","M","M","$","R","BOSS"],"build_version":"2019-01-23","purchased_purges":1,"victory":false,"max_hp_per_floor":[80,80,80,80,80,80,80,80,80,80,80,80,80,80,80,80],"card_choices":[{"not_picked":["Clothesline","Dropkick","Second Wind"],"picked":"SKIP","floor":1},{"not_picked":["Infernal Blade","Sword Boomerang","Body Slam"],"picked":"Twin Strike","floor":4},{"not_picked":["Shockwave","Wild Strike","Pummel"],"picked":"Iron Wave","floor":5},{"not_picked":["Armaments","Headbutt","Evolve"],"picked":"Ghostly Armor","floor":6},{"not_picked":["Sword Boomerang","Power Through","Armaments"],"picked":"Pommel Strike","floor":7},{"not_picked":["Flex","Thunderclap","True Grit"],"picked":"Double Tap","floor":8},{"not_picked":["Iron Wave","Clash","Body Slam"],"picked":"Blood for Blood","floor":10},{"not_picked":["Infernal Blade","Headbutt","Iron Wave"],"picked":"Power Through","floor":10},{"not_picked":["Anger","Shrug It Off","Pommel Strike"],"picked":"Cleave","floor":11},{"not_picked":["Power Through","Entrench","Second Wind"],"picked":"Hemokinesis","floor":11},{"not_picked":["Sever Soul","Clothesline","Sword Boomerang"],"picked":"Shrug It Off","floor":12},{"not_picked":["Clash","True Grit","Infernal Blade","Pommel Strike"],"picked":"SKIP","floor":12},{"not_picked":["Armaments","Perfected Strike","Shrug It Off"],"picked":"Bloodletting","floor":13},{"not_picked":["Blood for Blood","Pommel Strike","Second Wind","Power Through"],"picked":"SKIP","floor":13}],"player_experience":19588,"relics_obtained":[{"floor":2,"key":"Question Card"},{"floor":6,"key":"Peace Pipe"},{"floor":8,"key":"Prayer Wheel"},{"floor":9,"key":"Champion Belt"}],"event_choices":[{"damage_healed":0,"gold_gain":0,"player_choice":"Relic","damage_taken":0,"max_hp_gain":0,"max_hp_loss":0,"event_name":"Wheel of Change","floor":2,"gold_loss":0}],"is_beta":false,"boss_relics":[],"items_purged_floors":[14],"is_endless":false,"potions_floor_spawned":[5,6,10,11,13],"killed_by":"The Guardian","ascension_level":0}