{"gold_per_floor":[410,119,119,119,119,119,36,63,63,63,89,99,149,164,164,235,235,250,250,110,110,10,24,24,51,51,80,80,98,98,42,42,121,121,131,146,146,146,159,159],"floor_reached":40,"playtime":2073,"items_purged":["Strike_R","Decay"],"score":881,"play_id":"a43a967b-6c5a-497f-a747-7289dbf2599a","local_time":"20190308170948","is_ascension_mode":true,"campfire_choices":[{"floor":6.0,"key":"REST"},{"floor":10.0,"key":"REST"},{"floor":15.0,"key":"REST"},{"floor":24.0,"key":"REST"},{"floor":32.0,"key":"REST"}],"neow_cost":"TEN_PERCENT_HP_LOSS","seed_source_timestamp":0,"circlet_count":0,"master_deck":["AscendersBane","Strike_R","Defend_R","Defend_R+1","Defend_R+1","Defend_R","Bash","Inflame","Uppercut","Flying Knee","Reckless Charge","Ball Lightning","Offering","Gash+1","Limit Break+1","Clothesline","Genetic Algorithm","PiercingWail","Wraith Form v2"],"special_seed":0,"relics":["Burning Blood","Old Coin","PrismaticShard","PreservedInsect","Philosopher\u0027s Stone","Singing Bowl","Centennial Puzzle","Blue Candle","Vajra","Eternal Feather"],"potions_floor_usage":[36,40],"damage_taken":[{"damage":21.0,"enemies":"Jaw Worm","floor":1.0,"turns":5.0},{"damage":33.0,"enemies":"3 Sentries","floor":8.0,"turns":11.0},{"damage":26.0,"enemies":"Gremlin Nob","floor":11.0,"turns":4.0},{"damage":0.0,"enemies":"2 Louse","floor":12.0,"turns":2.0},{"damage":0.0,"enemies":"Cultist","floor":14.0,"turns":2.0},{"damage":47.0,"enemies":"The Guardian","floor":16.0,"turns":11.0},{"damage":37.0,"enemies":"3 Byrds","floor":18.0,"turns":6.0},{"damage":6.0,"enemies":"Chosen","floor":23.0,"turns":3.0},{"damage":14.0,"enemies":"Book of Stabbing","floor":25.0,"turns":3.0},{"damage":29.0,"enemies":"Gremlin Leader","floor":27.0,"turns":3.0},{"damage":10.0,"enemies":"Centurion and Healer","floor":29.0,"turns":5.0},{"damage":28.0,"enemies":"Champ","floor":33.0,"turns":7.0},{"damage":39,"enemies":"3 Darklings","floor":35,"turns":5},{"damage":6,"enemies":"Orb Walker","floor":36,"turns":3},{"damage":31,"enemies":"Transient","floor":39,"turns":6},{"damage":72,"enemies":"Nemesis","floor":40,"turns":5}],"seed_played":"-6832674944526046274","potions_obtained":[{"floor":1.0,"key":"Poison Potion"},{"floor":8.0,"key":"Dexterity Potion"},{"floor":14.0,"key":"Strength Potion"},{"floor":27.0,"key":"Strength Potion"},{"floor":35,"key":"BloodPotion"},{"floor":39,"key":"FearPotion"}],"is_trial":false,"path_per_floor":["M","$","?","?","?","R","$","E","T","R","E","M","?","M","R","B",null,"M","?","$","?","$","M","R","E","T","E","T","M","?","$","R","B",null,"M","M","?","?","M","E"],"character_chosen":"IRONCLAD","items_purchased":["PrismaticShard","Uppercut","LiquidBronze","SkillPotion","Weak Potion"],"campfire_rested":5,"item_purchase_floors":[2,7,20,20,31],"current_hp_per_floor":[53,53,33,33,26,46,46,19,19,39,19,25,25,31,51,10,54,23,23,23,23,23,23,43,35,35,14,14,10,10,10,31,9,55,24,33,61,61,38,0],"gold":159,"neow_bonus":"ONE_RARE_RELIC","is_prod":false,"is_daily":false,"chose_seed":false,"campfire_upgraded":0,"win_rate":0,"timestamp":1552064988,"path_taken":["M","$","?","?","?","R","?","E","T","R","E","M","?","?","R","BOSS","M","?","$","?","?","M","R","E","T","E","?","?","?","?","R","BOSS","M","M","?","?","M","E"],"build_version":"2019-01-23","purchased_purges":2,"victory":false,"max_hp_per_floor":[68,68,68,68,68,68,68,68,68,68,68,68,68,68,68,68,68,68,68,68,68,68,68,68,68,68,70,70,70,70,70,70,70,70,72,74,61,61,63,63],"card_choices":[{"not_picked":["Seeing Red","Metallicize"],"picked":"Inflame","floor":1.0},{"not_picked":["Force Field","Twin Strike"],"picked":"Flying Knee","floor":8.0},{"not_picked":["Ghostly Armor","Cloak And Dagger","Stack"],"picked":"SKIP","floor":11.0},{"not_picked":["Blade Dance","Shrug It Off"],"picked":"Reckless Charge","floor":12.0},{"not_picked":["Finesse","Skewer"],"picked":"Ball Lightning","floor":14.0},{"not_picked":["Bullet Time","Dark Embrace"],"picked":"Offering","floor":16.0},{"not_picked":["Conserve Battery","Poisoned Stab"],"picked":"Gash+1","floor":18.0},{"not_picked":["Twin Strike","Heavy Blade+1","Rebound"],"picked":"SKIP","floor":23.0},{"not_picked":["Blind","HandOfGreed"],"picked":"Genetic Algorithm","floor":25.0},{"not_picked":["Feel No Pain","Flex","Acrobatics"],"picked":"Singing Bowl","floor":27.0},{"not_picked":["Leap","Panacea+1"],"picked":"PiercingWail","floor":29.0},{"not_picked":["Venomology","Fiend Fire"],"picked":"Wraith Form v2","floor":33.0},{"not_picked":["Prepared","Beam Cell","Terror"],"picked":"Singing Bowl","floor":35},{"not_picked":["Iron Wave","Thunderclap+1","Flying Knee"],"picked":"Singing Bowl","floor":36},{"not_picked":["Dagger Spray","Hemokinesis","Steam Power"],"picked":"Singing Bowl","floor":39}],"player_experience":2243673,"relics_obtained":[{"floor":8.0,"key":"PreservedInsect"},{"floor":25.0,"key":"Singing Bowl"},{"floor":26.0,"key":"Centennial Puzzle"},{"floor":27.0,"key":"Blue Candle"},{"floor":28.0,"key":"Vajra"}],"event_choices":[{"damage_healed":0.0,"max_hp_gain":0.0,"max_hp_loss":0.0,"gold_gain":0.0,"event_name":"Shining Light","player_choice":"Entered Light","floor":3.0,"gold_loss":0.0,"damage_taken":20.0,"cards_upgraded":["Defend_R","Defend_R"]},{"damage_healed":0.0,"max_hp_gain":0.0,"max_hp_loss":0.0,"gold_gain":0.0,"event_name":"Liars Game","player_choice":"Ignored","floor":4.0,"gold_loss":0.0,"damage_taken":0.0},{"cards_removed":["Strike_R"],"damage_healed":0.0,"max_hp_gain":0.0,"max_hp_loss":0.0,"gold_gain":0.0,"event_name":"Golden Wing","player_choice":"Card Removal","floor":5.0,"gold_loss":0.0,"damage_taken":7.0},{"damage_healed":0.0,"max_hp_gain":0.0,"max_hp_loss":0.0,"gold_gain":50.0,"event_name":"Golden Shrine","player_choice":"Pray","floor":13.0,"gold_loss":0.0,"damage_taken":0.0},{"damage_healed":0.0,"max_hp_gain":0.0,"max_hp_loss":0.0,"gold_gain":0.0,"cards_transformed":["Strike_R","Strike_R"],"event_name":"Drug Dealer","player_choice":"Became Test Subject","floor":19.0,"gold_loss":0.0,"damage_taken":0.0,"cards_obtained":["Limit Break","Clothesline"]},{"damage_healed":0.0,"max_hp_gain":0.0,"max_hp_loss":0.0,"gold_gain":0.0,"event_name":"Forgotten Altar","player_choice":"Smashed Altar","floor":21.0,"gold_loss":0.0,"damage_taken":0.0,"cards_obtained":["Decay"]},{"damage_healed":0.0,"max_hp_gain":0.0,"max_hp_loss":0.0,"gold_gain":0.0,"event_name":"Accursed Blacksmith","player_choice":"Forge","floor":30.0,"gold_loss":0.0,"damage_taken":0.0,"cards_upgraded":["Limit Break"]},{"damage_healed":61,"gold_gain":0,"player_choice":"Heal","damage_taken":0,"max_hp_gain":0,"max_hp_loss":13,"event_name":"The Moai Head","floor":37,"gold_loss":0},{"damage_healed":0,"gold_gain":0,"player_choice":"Ignored","damage_taken":0,"max_hp_gain":0,"max_hp_loss":0,"event_name":"Mysterious Sphere","floor":38,"gold_loss":0}],"is_beta":false,"boss_relics":[{"not_picked":["Velvet Choker","Runic Cube"],"picked":"Philosopher\u0027s Stone"},{"not_picked":["Astrolabe","Runic Dome"],"picked":"Eternal Feather"}],"items_purged_floors":[2,22],"is_endless":false,"potions_floor_spawned":[1,8,14,23,27,35,39],"killed_by":"Nemesis","ascension_level":20}