{"gold_per_floor":[110,110,122,132,146,179,208,241,241,241,255,275,275,288,288,386,436,449,374,354,373,288,320,320,320,343,343,343,343],"floor_reached":29,"playtime":2379,"items_purged":[],"score":331,"play_id":"57907e59-d48b-4648-ac6e-9b1ef90d8da8","local_time":"20181206195811","is_ascension_mode":true,"campfire_choices":[{"data":"Self Repair","floor":10,"key":"SMITH"},{"data":"Streamline","floor":15,"key":"SMITH"},{"data":"Echo Form","floor":24,"key":"SMITH"}],"neow_cost":"NONE","seed_source_timestamp":1033228322553458,"circlet_count":0,"master_deck":["Strike_B","Strike_B+1","Strike_B","Strike_B","Defend_B","Defend_B","Defend_B","Defend_B","Zap","Dualcast","Streamline+1","Static Discharge","Self Repair+1","Go for the Eyes","Glacier","Redo","Echo Form+1","Self Repair","Gash+1","Doom and Gloom+1","FTL"],"relics":["Cracked Core","NeowsBlessing","WarpedTongs","Pen Nib","Odd Mushroom","Singing Bowl","Pear","Tiny House","Darkstone Periapt","Blue Candle","Bag of Preparation","Pantograph"],"potions_floor_usage":[6,6,8,12,16,18,21],"damage_taken":[{"damage":0,"enemies":"Cultist","floor":1,"turns":1},{"damage":0,"enemies":"Jaw Worm","floor":3,"turns":1},{"damage":0,"enemies":"Small Slimes","floor":4,"turns":1},{"damage":9,"enemies":"Blue Slaver","floor":5,"turns":3},{"damage":36,"enemies":"3 Sentries","floor":6,"turns":5},{"damage":24,"enemies":"The Mushroom Lair","floor":7,"turns":6},{"damage":12,"enemies":"Lagavulin","floor":8,"turns":6},{"damage":9,"enemies":"Large Slime","floor":11,"turns":6},{"damage":3,"enemies":"Looter","floor":12,"turns":5},{"damage":5,"enemies":"Red Slaver","floor":14,"turns":5},{"damage":24,"enemies":"Slime Boss","floor":16,"turns":8},{"damage":32,"enemies":"Spheric Guardian","floor":18,"turns":5},{"damage":27,"enemies":"2 Thieves","floor":20,"turns":4},{"damage":40,"enemies":"Chosen and Byrds","floor":21,"turns":5},{"damage":40,"enemies":"Book of Stabbing","floor":23,"turns":4},{"damage":69,"enemies":"Gremlin Leader","floor":29,"turns":6}],"seed_played":"-425312140738697850","potions_obtained":[{"floor":1,"key":"Poison Potion"},{"floor":4,"key":"FearPotion"},{"floor":7,"key":"Fire Potion"},{"floor":11,"key":"Weak Potion"},{"floor":14,"key":"Energy Potion"},{"floor":17,"key":"EssenceOfSteel"},{"floor":20,"key":"FearPotion"}],"is_trial":false,"path_per_floor":["M","?","M","M","M","E","?","E","T","R","M","M","?","M","R","B",null,"M","?","M","M","?","E","R","$","T","?","T","E"],"character_chosen":"DEFECT","items_purchased":[],"campfire_rested":0,"item_purchase_floors":[],"current_hp_per_floor":[75,75,75,75,73,44,30,30,40,40,43,50,55,62,62,48,101,101,101,91,93,93,60,60,60,60,60,60,0],"gold":343,"neow_bonus":"THREE_ENEMY_KILL","is_prod":false,"is_daily":false,"chose_seed":false,"campfire_upgraded":3,"win_rate":0,"timestamp":1544144291,"path_taken":["M","?","?","?","M","E","?","E","T","R","M","M","?","M","R","BOSS","M","?","M","M","?","E","R","$","T","?","?","E"],"build_version":"2018-11-15","purchased_purges":0,"victory":false,"max_hp_per_floor":[75,75,75,75,75,75,75,77,87,87,89,89,94,96,96,96,101,101,101,101,103,103,103,103,103,103,103,103,103],"card_choices":[{"not_picked":["Rip and Tear","Storm"],"picked":"Streamline","floor":1},{"not_picked":["Streamline","Redo"],"picked":"Static Discharge","floor":3},{"not_picked":["Coolheaded","Barrage"],"picked":"Self Repair","floor":4},{"not_picked":["Aggregate","Cold Snap"],"picked":"Go for the Eyes","floor":5},{"not_picked":["Darkness","Consume"],"picked":"Glacier","floor":6},{"not_picked":["Machine Learning","Leap","Gash"],"picked":"Singing Bowl","floor":8},{"not_picked":["Gash","Coolheaded","Ball Lightning"],"picked":"Singing Bowl","floor":11},{"not_picked":["Static Discharge","Force Field"],"picked":"Redo","floor":12},{"not_picked":["Double Energy","Melter","Heatsinks"],"picked":"Singing Bowl","floor":14},{"not_picked":["Creative AI","Thunder Strike"],"picked":"Echo Form","floor":16},{"not_picked":["Darkness","Coolheaded"],"picked":"Self Repair","floor":17},{"not_picked":["Stack","Go for the Eyes+1"],"picked":"Gash+1","floor":18},{"not_picked":["Hologram","Streamline"],"picked":"Doom and Gloom+1","floor":20},{"not_picked":["Skim","Chill","Rebound"],"picked":"Singing Bowl","floor":21},{"not_picked":["Scrape","Beam Cell"],"picked":"FTL","floor":23}],"player_experience":182084,"relics_obtained":[{"floor":6,"key":"Pen Nib"},{"floor":7,"key":"Odd Mushroom"},{"floor":8,"key":"Singing Bowl"},{"floor":9,"key":"Pear"},{"floor":23,"key":"Blue Candle"},{"floor":26,"key":"Bag of Preparation"},{"floor":28,"key":"Pantograph"}],"event_choices":[{"damage_healed":0,"gold_gain":0,"player_choice":"Rummage","damage_taken":0,"relics_obtained":["WarpedTongs"],"max_hp_gain":0,"max_hp_loss":0,"event_name":"Accursed Blacksmith","floor":2,"gold_loss":0,"cards_obtained":["Pain"]},{"damage_healed":0,"gold_gain":0,"player_choice":"Fought Mushrooms","damage_taken":0,"max_hp_gain":0,"max_hp_loss":0,"event_name":"Mushrooms","floor":7,"gold_loss":0},{"damage_healed":0,"gold_gain":0,"player_choice":"Donut","damage_taken":0,"max_hp_gain":5,"max_hp_loss":0,"event_name":"Big Fish","floor":13,"gold_loss":0},{"cards_removed":["Pain"],"damage_healed":0,"gold_gain":0,"player_choice":"Gave Gold","damage_taken":0,"max_hp_gain":0,"max_hp_loss":0,"event_name":"Beggar","floor":19,"gold_loss":75},{"damage_healed":0,"gold_gain":0,"player_choice":"Obtained Relic","damage_taken":0,"relics_obtained":["Darkstone Periapt"],"max_hp_gain":0,"max_hp_loss":0,"event_name":"Addict","floor":22,"gold_loss":85},{"damage_healed":0,"gold_gain":0,"player_choice":"Ignored","damage_taken":0,"max_hp_gain":0,"max_hp_loss":0,"event_name":"Vampires","floor":27,"gold_loss":0}],"is_beta":false,"boss_relics":[{"not_picked":["Orrery","Philosopher\u0027s Stone"],"picked":"Tiny House"}],"items_purged_floors":[],"is_endless":false,"potions_floor_spawned":[1,4,7,11,14,20],"killed_by":"Gremlin Leader","ascension_level":4}