{"gold_per_floor":[119,131,141,141,141,141,176,176,201,244,244,269,178,194,194,285,285,285,285,285,245,245,245,245,245,245,245,245,245,245,245,245,245,245,245,245,245,245,245,245,245,245,245,245,245,245,95,95,95,95,95],"floor_reached":51,"playtime":1521,"items_purged":[],"score":1462,"play_id":"5ba7ba81-2e72-47a2-9d21-fa5de11f42e8","local_time":"20181005094627","daily_mods":["SealedDeck"],"is_ascension_mode":true,"campfire_choices":[{"data":"Armaments","floor":6,"key":"SMITH"},{"data":"Whirlwind","floor":8,"key":"SMITH"},{"data":"Flex","floor":11,"key":"SMITH"},{"floor":15,"key":"DIG"},{"floor":25,"key":"DIG"},{"floor":32,"key":"DIG"},{"floor":40,"key":"DIG"},{"floor":42,"key":"DIG"},{"data":"1","floor":44,"key":"LIFT"},{"data":"2","floor":49,"key":"LIFT"}],"neow_cost":"","seed_source_timestamp":0,"circlet_count":0,"master_deck":["AscendersBane","Sword Boomerang","Flex+1","Whirlwind+1","Pommel Strike","Armaments+1","Shrug It Off","Shrug It Off","Pommel Strike","Headbutt","Rampage","Battle Trance","Anger","Limit Break+1","Spot Weakness+1","Limit Break+1"],"relics":["Burning Blood","Golden Idol","PreservedInsect","Meat on the Bone","Happy Flower","Shovel","Torii","Ectoplasm","Molten Egg 2","Art of War","Singing Bowl","The Courier","WingedGreaves","Thread and Needle","Juzu Bracelet","Busted Crown","Potion Belt","Girya","Blue Candle","Du-Vu Doll","Dodecahedron"],"potions_floor_usage":[16,23,27,29,33,50,51],"damage_taken":[{"damage":0,"enemies":"Jaw Worm","floor":1,"turns":3},{"damage":0,"enemies":"2 Louse","floor":2,"turns":2},{"damage":0,"enemies":"Small Slimes","floor":3,"turns":2},{"damage":0,"enemies":"Gremlin Nob","floor":7,"turns":2},{"damage":4,"enemies":"Lagavulin","floor":10,"turns":3},{"damage":0,"enemies":"2 Fungi Beasts","floor":12,"turns":1},{"damage":0,"enemies":"Looter","floor":14,"turns":2},{"damage":23,"enemies":"The Guardian","floor":16,"turns":8},{"damage":0,"enemies":"Spheric Guardian","floor":18,"turns":3},{"damage":1,"enemies":"2 Thieves","floor":21,"turns":2},{"damage":10,"enemies":"Chosen and Byrds","floor":22,"turns":5},{"damage":0,"enemies":"Gremlin Leader","floor":23,"turns":4},{"damage":14,"enemies":"Cultist and Chosen","floor":24,"turns":4},{"damage":8,"enemies":"Book of Stabbing","floor":27,"turns":2},{"damage":18,"enemies":"Gremlin Leader","floor":29,"turns":5},{"damage":31,"enemies":"Slavers","floor":30,"turns":3},{"damage":10,"enemies":"Snake Plant","floor":31,"turns":4},{"damage":42,"enemies":"Collector","floor":33,"turns":6},{"damage":0,"enemies":"Orb Walker","floor":35,"turns":2},{"damage":15,"enemies":"3 Darklings","floor":36,"turns":3},{"damage":46,"enemies":"Maw","floor":39,"turns":7},{"damage":54,"enemies":"Donu and Deca","floor":50,"turns":5},{"damage":41,"enemies":"Time Eater","floor":51,"turns":2}],"seed_played":"1163524415373934258","potions_obtained":[{"floor":2,"key":"SteroidPotion"},{"floor":3,"key":"Block Potion"},{"floor":21,"key":"Explosive Potion"},{"floor":23,"key":"Explosive Potion"},{"floor":30,"key":"Ancient Potion"},{"floor":31,"key":"LiquidBronze"},{"floor":35,"key":"Regen Potion"}],"is_trial":true,"path_per_floor":["M","M","M","?","?","R","E","R","T","E","R","M","$","M","R","B",null,"M","$","?","M","M","E","M","R","T","E","$","E","E","M","R","B",null,"M","M","?","?","M","R","$","R","T","R","T","?","?","?","R","B"],"character_chosen":"IRONCLAD","items_purchased":["Metallicize"],"campfire_rested":0,"item_purchase_floors":[13],"current_hp_per_floor":[74,75,75,49,23,23,29,29,29,43,43,49,49,55,55,50,69,75,75,75,75,71,75,67,67,67,65,65,55,44,54,54,32,70,78,71,73,73,47,47,47,47,47,47,47,47,47,47,47,25,0],"gold":95,"neow_bonus":"","is_prod":false,"is_daily":false,"chose_seed":false,"campfire_upgraded":3,"win_rate":0,"timestamp":1538757987,"path_taken":["M","M","M","?","?","R","E","R","T","E","R","M","?","M","R","BOSS","M","$","?","M","M","E","M","R","T","E","$","E","E","M","R","BOSS","M","M","?","?","M","R","$","R","T","R","?","?","?","?","R","BOSS","BOSS"],"build_version":"2018-10-04","purchased_purges":0,"victory":false,"max_hp_per_floor":[75,75,75,75,75,75,75,75,75,75,75,75,75,75,75,75,75,75,75,75,75,75,75,75,75,75,75,75,77,79,81,81,83,83,85,87,89,89,91,91,91,91,91,91,91,91,91,91,91,91,91],"card_choices":[{"not_picked":["Cleave","Hemokinesis"],"picked":"Battle Trance","floor":1},{"not_picked":["Heavy Blade","Armaments"],"picked":"Anger","floor":2},{"not_picked":["Searing Blow","Exhume","Thunderclap"],"picked":"SKIP","floor":3},{"not_picked":["Body Slam","Havoc","Warcry"],"picked":"SKIP","floor":7},{"not_picked":["Reckless Charge","Clash","Flex"],"picked":"SKIP","floor":10},{"not_picked":["Seeing Red","Anger","Flex"],"picked":"SKIP","floor":12},{"not_picked":["Barricade","Headbutt","Armaments"],"picked":"SKIP","floor":14},{"not_picked":["Offering","Barricade"],"picked":"Limit Break","floor":16},{"not_picked":["Feel No Pain","Twin Strike","Pommel Strike+1"],"picked":"SKIP","floor":18},{"not_picked":["Pommel Strike","Shrug It Off","Havoc"],"picked":"SKIP","floor":21},{"not_picked":["Whirlwind","Second Wind","Feel No Pain"],"picked":"SKIP","floor":22},{"not_picked":["Bloodletting","Blood for Blood","Clothesline"],"picked":"SKIP","floor":23},{"not_picked":["Power Through+1","Twin Strike+1","Bludgeon+1"],"picked":"SKIP","floor":24},{"not_picked":["Pommel Strike+1","Body Slam+1"],"picked":"Spot Weakness","floor":27},{"not_picked":["True Grit","Havoc","Reckless Charge+1"],"picked":"Singing Bowl","floor":29},{"not_picked":["Sever Soul+1","Fiend Fire+1","Twin Strike+1"],"picked":"Singing Bowl","floor":30},{"not_picked":["Fire Breathing","Thunderclap+1","Intimidate"],"picked":"Singing Bowl","floor":31},{"not_picked":["Dark Embrace","Limit Break","Immolate+1"],"picked":"Singing Bowl","floor":33},{"not_picked":["Headbutt+1"],"picked":"Singing Bowl","floor":35},{"not_picked":["Rage"],"picked":"Singing Bowl","floor":36},{"not_picked":["Sadistic Nature"],"picked":"Singing Bowl","floor":37},{"not_picked":["Hemokinesis+1"],"picked":"Singing Bowl","floor":39}],"player_experience":1275380,"relics_obtained":[{"floor":7,"key":"Meat on the Bone"},{"floor":9,"key":"Happy Flower"},{"floor":10,"key":"Shovel"},{"floor":15,"key":"Torii"},{"floor":23,"key":"Molten Egg 2"},{"floor":25,"key":"Art of War"},{"floor":26,"key":"Singing Bowl"},{"floor":27,"key":"The Courier"},{"floor":29,"key":"WingedGreaves"},{"floor":30,"key":"Thread and Needle"},{"floor":32,"key":"Juzu Bracelet"},{"floor":40,"key":"Potion Belt"},{"floor":42,"key":"Girya"},{"floor":43,"key":"Blue Candle"},{"floor":45,"key":"Du-Vu Doll"}],"event_choices":[{"event_name":"Golden Idol","player_choice":"Take Damage","floor":4,"damage_taken":0},{"event_name":"Scrap Ooze","player_choice":"success","floor":5,"damage_taken":26},{"event_name":"Accursed Blacksmith","player_choice":"Forge","floor":20,"damage_taken":0},{"event_name":"SensoryStone","player_choice":"Memory 1","floor":37,"damage_taken":0},{"event_name":"Upgrade Shrine","player_choice":"Upgraded","floor":38,"damage_taken":0},{"event_name":"Falling","player_choice":"Removed Power","floor":46,"damage_taken":0},{"event_name":"WeMeetAgain","player_choice":"Gold","floor":47,"damage_taken":0},{"event_name":"Duplicator","player_choice":"One dupe","floor":48,"damage_taken":0}],"is_beta":false,"boss_relics":[{"not_picked":["Runic Pyramid","Empty Cage"],"picked":"Ectoplasm"},{"not_picked":["Velvet Choker","Lizard Tail"],"picked":"Busted Crown"}],"items_purged_floors":[],"is_endless":false,"potions_floor_spawned":[2,3,21,22,23,30,31,35],"killed_by":"Time Eater","ascension_level":20}