{"gold_per_floor":[118,118,118,130,145,145,145,145,214,230,259,259,276,291,291,366,366,385,385,150,160,160,188,188,97,174,185,199,199,199,218,218,218],"floor_reached":33,"playtime":1804,"items_purged":[],"score":441,"play_id":"e104bb49-2178-46c6-acfa-6419d9a552ec","local_time":"20190118033846","is_ascension_mode":true,"campfire_choices":[{"data":"Bash","floor":6.0,"key":"SMITH"},{"data":"Limit Break","floor":12.0,"key":"SMITH"},{"floor":15.0,"key":"REST"},{"floor":24.0,"key":"REST"},{"data":"Impervious","floor":29.0,"key":"SMITH"},{"floor":32.0,"key":"REST"}],"neow_cost":"PERCENT_DAMAGE","seed_source_timestamp":91104363742604,"circlet_count":0,"master_deck":["AscendersBane","Defend_R+1","Defend_R","Bash+1","Dropkick+1","Rampage+1","Limit Break+1","Flex","True Grit","Impervious+1","Power Through+1","Pommel Strike+1","Sword Boomerang+1","Inflame","Dual Wield","Flame Barrier","Shrug It Off+1","Rage","Limit Break"],"special_seed":0,"relics":["Burning Blood","Ancient Tea Set","Astrolabe","Nloth\u0027s Gift","Bag of Marbles","Enchiridion","Calipers","Letter Opener","MutagenicStrength"],"potions_floor_usage":[33],"damage_taken":[{"damage":6.0,"enemies":"2 Louse","floor":1.0,"turns":4.0},{"damage":9.0,"enemies":"Jaw Worm","floor":4.0,"turns":3.0},{"damage":1.0,"enemies":"Cultist","floor":5.0,"turns":3.0},{"damage":1.0,"enemies":"2 Fungi Beasts","floor":10.0,"turns":4.0},{"damage":11.0,"enemies":"Gremlin Nob","floor":11.0,"turns":4.0},{"damage":3.0,"enemies":"Blue Slaver","floor":13.0,"turns":2.0},{"damage":9.0,"enemies":"Lots of Slimes","floor":14.0,"turns":3.0},{"damage":39.0,"enemies":"The Guardian","floor":16.0,"turns":9.0},{"damage":2.0,"enemies":"2 Thieves","floor":18.0,"turns":5.0},{"damage":0.0,"enemies":"Chosen","floor":21.0,"turns":4.0},{"damage":45.0,"enemies":"Slavers","floor":23.0,"turns":5.0},{"damage":11.0,"enemies":"Centurion and Healer","floor":27.0,"turns":5.0},{"damage":20.0,"enemies":"Cultist and Chosen","floor":28.0,"turns":7.0},{"damage":4.0,"enemies":"Snake Plant","floor":31.0,"turns":3.0},{"damage":72,"enemies":"Automaton","floor":33,"turns":6}],"seed_played":"552837016323072961","potions_obtained":[{"floor":1.0,"key":"SpeedPotion"},{"floor":4.0,"key":"Block Potion"},{"floor":10.0,"key":"Dexterity Potion"},{"floor":11.0,"key":"AttackPotion"},{"floor":27.0,"key":"BloodPotion"}],"is_trial":false,"path_per_floor":["M","?","?","M","M","R","?","?","T","M","E","R","M","M","R","B",null,"M","?","$","M","?","E","R","$","T","M","M","R","?","M","R","B"],"character_chosen":"IRONCLAD","items_purchased":["Bag of Marbles","Dual Wield","Rage","Fire Potion"],"campfire_rested":3,"item_purchase_floors":[20,20,25,25],"current_hp_per_floor":[51,44,44,41,46,46,30,30,30,37,32,32,37,34,59,26,70,74,74,74,80,64,25,50,50,50,45,31,31,31,33,58,0],"gold":218,"neow_bonus":"REMOVE_TWO","is_prod":false,"is_daily":false,"chose_seed":false,"campfire_upgraded":3,"win_rate":0,"timestamp":1547779126,"path_taken":["M","?","?","M","?","R","?","?","T","M","E","R","?","M","R","BOSS","M","?","$","?","?","E","R","$","T","M","M","R","?","M","R","BOSS"],"build_version":"2019-01-17","purchased_purges":0,"victory":false,"max_hp_per_floor":[80,80,80,80,80,80,80,80,80,82,82,82,84,84,84,84,84,84,84,84,84,84,84,84,84,84,84,84,84,84,84,84,84],"card_choices":[{"not_picked":["Headbutt","Disarm"],"picked":"Dropkick","floor":1.0},{"not_picked":["Corruption","Body Slam"],"picked":"Rampage","floor":4.0},{"not_picked":["Cleave","Twin Strike"],"picked":"Limit Break","floor":5.0},{"not_picked":["Sword Boomerang","Havoc","Twin Strike"],"picked":"Singing Bowl","floor":10.0},{"not_picked":["Burning Pact","Headbutt"],"picked":"Flex","floor":11.0},{"not_picked":["Heavy Blade","Flex","Anger"],"picked":"Singing Bowl","floor":13.0},{"not_picked":["Disarm","Uppercut"],"picked":"True Grit","floor":14.0},{"not_picked":["Brutality","Bludgeon"],"picked":"Impervious","floor":16.0},{"not_picked":["Perfected Strike","Flex"],"picked":"Inflame","floor":18.0},{"not_picked":["Armaments","Body Slam"],"picked":"Flame Barrier","floor":21.0},{"not_picked":["Perfected Strike","Pommel Strike"],"picked":"Shrug It Off+1","floor":23.0},{"not_picked":["Armaments","Perfected Strike","Rampage"],"picked":"SKIP","floor":27.0},{"not_picked":["Cleave","Sword Boomerang"],"picked":"Limit Break","floor":28.0},{"not_picked":["Anger","Searing Blow","Perfected Strike"],"picked":"SKIP","floor":31.0}],"player_experience":496046,"relics_obtained":[{"floor":9.0,"key":"Singing Bowl"},{"floor":11.0,"key":"Ancient Tea Set"},{"floor":22.0,"key":"Enchiridion"},{"floor":23.0,"key":"Calipers"},{"floor":26.0,"key":"Letter Opener"}],"event_choices":[{"cards_removed":["Defend_R"],"damage_healed":0.0,"max_hp_gain":0.0,"max_hp_loss":0.0,"gold_gain":0.0,"event_name":"Golden Wing","player_choice":"Card Removal","floor":2.0,"gold_loss":0.0,"damage_taken":7.0},{"cards_removed":["Strike_R"],"damage_healed":0.0,"max_hp_gain":0.0,"max_hp_loss":0.0,"gold_gain":0.0,"event_name":"Bonfire Elementals","player_choice":"Offered Basic","floor":3.0,"gold_loss":0.0,"damage_taken":0.0},{"damage_healed":0.0,"max_hp_gain":0.0,"max_hp_loss":0.0,"gold_gain":0.0,"event_name":"Shining Light","player_choice":"Entered Light","floor":7.0,"gold_loss":0.0,"damage_taken":16.0,"cards_upgraded":["Defend_R","Dropkick"]},{"damage_healed":0.0,"max_hp_gain":0.0,"max_hp_loss":0.0,"gold_gain":0.0,"event_name":"Accursed Blacksmith","player_choice":"Forge","floor":8.0,"gold_loss":0.0,"damage_taken":0.0,"cards_upgraded":["Rampage"]},{"damage_healed":0.0,"max_hp_gain":0.0,"max_hp_loss":0.0,"gold_gain":0.0,"event_name":"N\u0027loth","player_choice":"Traded Relic","floor":19.0,"relics_lost":["Singing Bowl"],"gold_loss":0.0,"damage_taken":0.0,"relics_obtained":["Nloth\u0027s Gift"]},{"damage_healed":0.0,"max_hp_gain":0.0,"max_hp_loss":0.0,"gold_gain":0.0,"event_name":"Cursed Tome","player_choice":"Obtained Book","floor":22.0,"gold_loss":0.0,"damage_taken":16.0},{"damage_healed":0.0,"max_hp_gain":0.0,"max_hp_loss":0.0,"gold_gain":0.0,"event_name":"Drug Dealer","player_choice":"Inject Mutagens","floor":30.0,"gold_loss":0.0,"damage_taken":0.0,"relics_obtained":["MutagenicStrength"]}],"is_beta":false,"boss_relics":[{"not_picked":["Empty Cage","Pandora\u0027s Box"],"picked":"Astrolabe"}],"items_purged_floors":[],"is_endless":false,"potions_floor_spawned":[1,4,10,11,27,28],"killed_by":"Automaton","ascension_level":13}