{"gold_per_floor":[109,109,126,138,138,138,166,166,189,200,200,235,245,263,263,334,334,347,272,272,272,292,292,327,327,327,360,360,375,375,375,375,446,446,465,355,367,367],"floor_reached":38,"playtime":1787,"items_purged":[],"score":782,"play_id":"d8371884-9250-4173-b8a9-a61ed4ceec40","local_time":"20190413220942","is_ascension_mode":true,"campfire_choices":[{"data":"Beam Cell","floor":6.0,"key":"SMITH"},{"data":"Consume","floor":11.0,"key":"SMITH"},{"data":"Zap","floor":15.0,"key":"SMITH"},{"data":"Tempest","floor":23.0,"key":"SMITH"},{"floor":25.0,"key":"REST"},{"floor":28.0,"key":"REST"},{"data":"Biased Cognition","floor":30.0,"key":"SMITH"},{"data":"Dualcast","floor":32.0,"key":"SMITH"}],"neow_cost":"NONE","seed_source_timestamp":0,"circlet_count":0,"master_deck":["AscendersBane","Strike_B","Strike_B","Defend_B","Defend_B","Defend_B+1","Defend_B","Zap+1","Dualcast+1","Deep Breath","Beam Cell+1","Auto Shields","Rebound","Consume+1","Cold Snap","Hologram+1","Chill","Core Surge","Recycle+1","Tempest+1","Biased Cognition+1","Compile Driver+1","Creative AI+1","Self Repair+1"],"special_seed":0,"relics":["FrozenCore","Cables","Anchor","Blood Vial","Smiling Mask","Sozu","Emotion Chip","Lantern","Frozen Egg 2"],"potions_floor_usage":[33],"damage_taken":[{"damage":7.0,"enemies":"2 Louse","floor":1.0,"turns":4.0},{"damage":4.0,"enemies":"Small Slimes","floor":3.0,"turns":3.0},{"damage":1.0,"enemies":"Jaw Worm","floor":4.0,"turns":3.0},{"damage":27.0,"enemies":"Gremlin Nob","floor":7.0,"turns":4.0},{"damage":4.0,"enemies":"3 Louse","floor":10.0,"turns":2.0},{"damage":0.0,"enemies":"3 Sentries","floor":12.0,"turns":9.0},{"damage":0.0,"enemies":"Large Slime","floor":13.0,"turns":4.0},{"damage":0.0,"enemies":"Blue Slaver","floor":14.0,"turns":4.0},{"damage":18.0,"enemies":"The Guardian","floor":16.0,"turns":10.0},{"damage":3.0,"enemies":"Spheric Guardian","floor":18.0,"turns":3.0},{"damage":9.0,"enemies":"Colosseum Slavers","floor":20.0,"turns":5.0},{"damage":0.0,"enemies":"Chosen","floor":22.0,"turns":3.0},{"damage":18.0,"enemies":"Book of Stabbing","floor":24.0,"turns":5.0},{"damage":28.0,"enemies":"Gremlin Leader","floor":27.0,"turns":7.0},{"damage":20.0,"enemies":"Snake Plant","floor":29.0,"turns":3.0},{"damage":20,"enemies":"Champ","floor":33,"turns":23},{"damage":12,"enemies":"3 Darklings","floor":35,"turns":5},{"damage":0,"enemies":"Orb Walker","floor":37,"turns":4},{"damage":54,"enemies":"Transient","floor":38,"turns":3}],"seed_played":"466201259892860800","potions_obtained":[{"floor":1.0,"key":"EssenceOfSteel"},{"floor":12.0,"key":"Dexterity Potion"}],"is_trial":false,"path_per_floor":["M","?","M","M","?","R","E","T","T","M","R","E","M","M","R","B",null,"M","?","?","T","M","R","E","R","T","E","R","M","R","?","R","B",null,"M","?","M","M"],"character_chosen":"DEFECT","items_purchased":[],"campfire_rested":2,"item_purchase_floors":[],"current_hp_per_floor":[57,57,53,52,52,52,25,25,25,23,23,25,27,29,29,13,57,56,56,49,49,51,51,35,56,56,30,51,33,33,33,33,15,57,47,47,49,0],"gold":367,"neow_bonus":"RANDOM_COLORLESS","is_prod":false,"is_daily":false,"chose_seed":true,"campfire_upgraded":6,"win_rate":0,"timestamp":1555164582,"path_taken":["M","?","M","M","?","R","E","?","T","M","R","E","M","M","R","BOSS","M","?","?","?","M","R","E","R","T","E","R","M","R","?","R","BOSS","M","?","M","?"],"build_version":"2019-01-23","purchased_purges":0,"victory":false,"max_hp_per_floor":[71,71,71,71,71,71,71,71,71,71,71,71,71,71,71,71,71,71,71,71,71,71,71,71,71,71,71,71,71,71,71,71,71,71,71,71,71,71],"card_choices":[{"not_picked":["Gash","Hologram"],"picked":"Beam Cell","floor":1.0},{"not_picked":["Rebound","Leap"],"picked":"Auto Shields","floor":3.0},{"not_picked":["Gash","Undo"],"picked":"Rebound","floor":4.0},{"not_picked":["Doom and Gloom","Turbo"],"picked":"Consume","floor":7.0},{"not_picked":["Go for the Eyes","Meteor Strike"],"picked":"Cold Snap","floor":10.0},{"not_picked":["Multi-Cast","Beam Cell"],"picked":"Hologram","floor":12.0},{"not_picked":["Ball Lightning","Double Energy"],"picked":"Chill","floor":13.0},{"not_picked":["Chill","Steam","Gash"],"picked":"SKIP","floor":14.0},{"not_picked":["Buffer","Biased Cognition"],"picked":"Core Surge","floor":16.0},{"not_picked":["Steam","Doom and Gloom"],"picked":"Recycle+1","floor":18.0},{"not_picked":["Lockon","Hologram"],"picked":"Tempest","floor":22.0},{"not_picked":["Rainbow","Leap"],"picked":"Biased Cognition","floor":24.0},{"not_picked":["Consume","Scrape"],"picked":"Compile Driver+1","floor":27.0},{"not_picked":["Gash","Auto Shields","Hologram"],"picked":"SKIP","floor":29.0},{"not_picked":["Buffer+1","Hyperbeam"],"picked":"Creative AI+1","floor":33},{"not_picked":["Hologram","Force Field"],"picked":"Self Repair+1","floor":35},{"not_picked":["Compile Driver","Aggregate","Conserve Battery"],"picked":"SKIP","floor":37}],"player_experience":2970470,"relics_obtained":[{"floor":7.0,"key":"Cables"},{"floor":8.0,"key":"Anchor"},{"floor":9.0,"key":"Blood Vial"},{"floor":12.0,"key":"Smiling Mask"},{"floor":21.0,"key":"Emotion Chip"},{"floor":24.0,"key":"Lantern"},{"floor":27.0,"key":"Frozen Egg 2"}],"event_choices":[{"damage_healed":0.0,"max_hp_gain":0.0,"max_hp_loss":0.0,"gold_gain":0.0,"event_name":"Shining Light","player_choice":"Ignored","floor":2.0,"gold_loss":0.0,"damage_taken":0.0},{"damage_healed":0.0,"max_hp_gain":0.0,"max_hp_loss":0.0,"gold_gain":0.0,"event_name":"Liars Game","player_choice":"Ignored","floor":5.0,"gold_loss":0.0,"damage_taken":0.0},{"cards_removed":["Strike_B"],"damage_healed":0.0,"max_hp_gain":0.0,"max_hp_loss":0.0,"gold_gain":0.0,"event_name":"Beggar","player_choice":"Gave Gold","floor":19.0,"gold_loss":75.0,"damage_taken":0.0},{"damage_healed":0.0,"max_hp_gain":0.0,"max_hp_loss":0.0,"gold_gain":0.0,"event_name":"Colosseum","player_choice":"Fight","floor":20.0,"gold_loss":0.0,"damage_taken":0.0},{"damage_healed":0.0,"max_hp_gain":0.0,"max_hp_loss":0.0,"gold_gain":0.0,"event_name":"Colosseum","player_choice":"Fled From Nobs","floor":20.0,"gold_loss":0.0,"damage_taken":0.0},{"damage_healed":0.0,"max_hp_gain":0.0,"max_hp_loss":0.0,"gold_gain":0.0,"event_name":"Accursed Blacksmith","player_choice":"Forge","floor":31.0,"gold_loss":0.0,"damage_taken":0.0,"cards_upgraded":["Hologram"]},{"cards_removed":["Strike_B"],"damage_healed":0,"gold_gain":0,"player_choice":"Upgrade and Remove","damage_taken":0,"max_hp_gain":0,"max_hp_loss":0,"event_name":"Designer","floor":36,"gold_loss":110,"cards_upgraded":["Defend_B"]}],"is_beta":false,"boss_relics":[{"not_picked":["Ectoplasm","Tiny House"],"picked":"Sozu"},{"not_picked":["White Beast Statue","Velvet Choker"],"picked":"FrozenCore"}],"items_purged_floors":[],"is_endless":false,"potions_floor_spawned":[1,12,20,24,27,37],"killed_by":"Transient","ascension_level":15}