{"gold_per_floor":[119,138,150,169,182,207,207,236,236,253,263,294,324,324],"floor_reached":14,"playtime":631,"items_purged":[],"score":125,"play_id":"9241c968-8303-45ab-b359-d5c3a52d8ff3","local_time":"20190326220805","is_ascension_mode":true,"campfire_choices":[{"data":"Heavy Blade","floor":7,"key":"SMITH"}],"neow_cost":"NONE","seed_source_timestamp":999586695813900,"circlet_count":0,"master_deck":["Strike_R","Strike_R","Strike_R","Strike_R","Strike_R","Defend_R","Defend_R","Defend_R","Defend_R","Bash","Cleave","Pummel","Heavy Blade+1","Demon Form","Twin Strike"],"relics":["Burning Blood","Dream Catcher","Thread and Needle","Orichalcum","Blood Vial","Blue Candle"],"potions_floor_usage":[6,6,6,11],"damage_taken":[{"damage":11,"enemies":"Jaw Worm","floor":1,"turns":4},{"damage":1,"enemies":"Cultist","floor":2,"turns":4},{"damage":10,"enemies":"Small Slimes","floor":3,"turns":4},{"damage":23,"enemies":"Red Slaver","floor":4,"turns":5},{"damage":13,"enemies":"2 Fungi Beasts","floor":5,"turns":4},{"damage":14,"enemies":"Gremlin Nob","floor":6,"turns":3},{"damage":46,"enemies":"3 Sentries","floor":8,"turns":12},{"damage":10,"enemies":"Exordium Thugs","floor":10,"turns":5},{"damage":0,"enemies":"Exordium Wildlife","floor":11,"turns":1},{"damage":4,"enemies":"Gremlin Nob","floor":12,"turns":4},{"damage":28,"enemies":"Lagavulin","floor":14,"turns":6}],"seed_played":"764454246769032071","potions_obtained":[{"floor":2,"key":"Strength Potion"},{"floor":3,"key":"Swift Potion"},{"floor":4,"key":"AttackPotion"},{"floor":10,"key":"SteroidPotion"}],"is_trial":false,"path_per_floor":["M","M","M","M","M","E","R","E","T","M","M","E","?","E"],"character_chosen":"IRONCLAD","items_purchased":[],"campfire_rested":0,"item_purchase_floors":[],"current_hp_per_floor":[83,88,84,67,60,52,52,12,12,8,14,16,16,0],"gold":324,"neow_bonus":"TEN_PERCENT_HP_BONUS","is_prod":false,"is_daily":false,"chose_seed":false,"campfire_upgraded":1,"win_rate":0,"timestamp":1553630885,"path_taken":["M","M","M","M","M","E","R","E","T","M","M","E","?","E"],"build_version":"2019-01-23","purchased_purges":0,"victory":false,"max_hp_per_floor":[88,88,88,88,88,88,88,88,88,88,88,88,88,88],"card_choices":[{"not_picked":["Anger","Clash","Iron Wave"],"picked":"SKIP","floor":1},{"not_picked":["Clash","Armaments","Blood for Blood"],"picked":"SKIP","floor":2},{"not_picked":["Thunderclap","Disarm"],"picked":"Cleave","floor":3},{"not_picked":["Iron Wave","True Grit","Hemokinesis"],"picked":"SKIP","floor":4},{"not_picked":["Cleave","Burning Pact"],"picked":"Pummel","floor":5},{"not_picked":["Clash","Power Through"],"picked":"Heavy Blade","floor":6},{"not_picked":["Seeing Red","Double Tap"],"picked":"Demon Form","floor":8},{"not_picked":["Disarm","Bloodletting","True Grit"],"picked":"SKIP","floor":10},{"not_picked":["True Grit","Uppercut"],"picked":"Twin Strike","floor":11},{"not_picked":["Clothesline","Carnage","Power Through"],"picked":"SKIP","floor":12}],"player_experience":110242,"relics_obtained":[{"floor":6,"key":"Dream Catcher"},{"floor":8,"key":"Thread and Needle"},{"floor":9,"key":"Orichalcum"},{"floor":12,"key":"Blood Vial"}],"event_choices":[{"damage_healed":0,"gold_gain":30,"player_choice":"Searched \u00273\u0027 times","damage_taken":0,"relics_obtained":["Blue Candle"],"max_hp_gain":0,"max_hp_loss":0,"event_name":"Dead Adventurer","floor":13,"gold_loss":0}],"is_beta":false,"boss_relics":[],"items_purged_floors":[],"is_endless":false,"potions_floor_spawned":[2,3,4,10],"killed_by":"Lagavulin","ascension_level":2}