{"gold_per_floor":[114,124,124,124,46,75,75,94,117,82,111,111,43,59,59,138,138,153,168,185,110,110,110,126,141,187,218,89,119,119,130,130,130],"floor_reached":33,"playtime":2215,"items_purged":["Defend_G"],"score":516,"play_id":"c8dcaaf7-58e0-4f22-9e12-c03633fe0255","local_time":"20180801160329","is_ascension_mode":true,"campfire_choices":[{"floor":7.0,"key":"REST"},{"data":"Neutralize","floor":12.0,"key":"SMITH"},{"data":"Cloak And Dagger","floor":15.0,"key":"SMITH"},{"floor":23,"key":"REST"},{"floor":30,"key":"REST"},{"floor":32,"key":"REST"}],"neow_cost":"NONE","seed_source_timestamp":29004656782929,"circlet_count":0,"master_deck":["Defend_G","Defend_G","Defend_G","Defend_G+1","Strike_G","Strike_G","Strike_G+1","Survivor","Neutralize+1","AscendersBane","Escape Plan","Flying Knee","Dagger Spray","Terror","Burst","Backstab","Cloak And Dagger+1","After Image","Sucker Punch+1","Cloak And Dagger","Backflip","Envenom+1","Acrobatics+1"],"special_seed":0,"relics":["Ring of the Snake","Bag of Marbles","Anchor","Blood Vial","Fusion Hammer","Bag of Preparation","Orichalcum","Frozen Egg 2"],"potions_floor_usage":[27,29,33],"damage_taken":[{"damage":4.0,"enemies":"Jaw Worm","floor":1.0,"turns":5.0},{"damage":0.0,"enemies":"Cultist","floor":2.0,"turns":4.0},{"damage":22.0,"enemies":"Gremlin Nob","floor":6.0,"turns":5.0},{"damage":0.0,"enemies":"Small Slimes","floor":8.0,"turns":1.0},{"damage":12.0,"enemies":"Lagavulin","floor":11.0,"turns":7.0},{"damage":0.0,"enemies":"Looter","floor":14.0,"turns":1.0},{"damage":26.0,"enemies":"The Guardian","floor":16.0,"turns":16.0},{"damage":17.0,"enemies":"Shell Parasite","floor":18.0,"turns":5.0},{"damage":0.0,"enemies":"Chosen","floor":19.0,"turns":5.0},{"damage":0,"enemies":"Snecko","floor":20,"turns":5},{"damage":17,"enemies":"Chosen and Byrds","floor":24,"turns":7},{"damage":3,"enemies":"Centurion and Healer","floor":25,"turns":8},{"damage":15,"enemies":"Book of Stabbing","floor":27,"turns":7},{"damage":6,"enemies":"Slavers","floor":29,"turns":8},{"damage":8,"enemies":"Snake Plant","floor":31,"turns":4},{"damage":83,"enemies":"Collector","floor":33,"turns":11}],"seed_played":"-6126186987637279569","potions_obtained":[{"floor":6.0,"key":"Regen Potion"},{"floor":14.0,"key":"Explosive Potion"},{"floor":16.0,"key":"SkillPotion"},{"floor":18.0,"key":"Dexterity Potion"},{"floor":27,"key":"Regen Potion"},{"floor":29,"key":"Explosive Potion"}],"is_trial":false,"path_per_floor":["M","M","?","?","$","E","R","M","T","?","E","R","$","M","R","B",null,"M","M","M","?","?","R","M","M","T","E","$","E","R","M","R"],"character_chosen":"THE_SILENT","items_purchased":["Terror","Backstab","Backflip"],"campfire_rested":4,"item_purchase_floors":[5,13,28],"current_hp_per_floor":[55,55,35,35,35,13,32,32,32,48,36,36,36,38,38,14,53,38,40,42,42,42,61,46,45,45,47,47,58,66,58,66,0],"gold":130,"neow_bonus":"TRANSFORM_CARD","is_prod":false,"is_daily":false,"chose_seed":false,"campfire_upgraded":2,"win_rate":0,"timestamp":1533164609,"path_taken":["M","M","?","?","?","E","R","M","T","?","E","R","$","M","R","BOSS","M","M","M","?","?","R","M","M","T","E","?","E","R","M","R","BOSS"],"build_version":"2018-07-26","purchased_purges":1,"victory":false,"max_hp_per_floor":[66,66,66,66,66,66,66,66,66,66,66,66,66,66,66,66,66,66,66,66,66,66,66,66,66,66,66,66,66,66,66,66,66],"card_choices":[{"not_picked":["PiercingWail","Calculated Gamble"],"picked":"Flying Knee","floor":1.0},{"not_picked":["Underhanded Strike","Infinite Blades"],"picked":"Dagger Spray","floor":2.0},{"not_picked":["Prepared","Blade Dance","Dagger Throw"],"picked":"SKIP","floor":6.0},{"not_picked":["PiercingWail","Terror","Poisoned Stab"],"picked":"SKIP","floor":8.0},{"not_picked":["Terror","Outmaneuver"],"picked":"Burst","floor":11.0},{"not_picked":["Prepared","Catalyst"],"picked":"Cloak And Dagger","floor":14.0},{"not_picked":["Storm of Steel","Wraith Form v2"],"picked":"After Image","floor":16.0},{"not_picked":["Expertise","Deadly Poison"],"picked":"Sucker Punch+1","floor":18.0},{"not_picked":["Deflect","Dagger Throw","Dodge and Roll"],"picked":"SKIP","floor":19.0},{"not_picked":["Prepared","Slice","Deadly Poison"],"picked":"SKIP","floor":20},{"not_picked":["Finisher","Quick Slash"],"picked":"Cloak And Dagger","floor":24},{"not_picked":["Dagger Throw","Concentrate","Bane"],"picked":"SKIP","floor":25},{"not_picked":["Calculated Gamble","Dagger Throw","Flechettes"],"picked":"SKIP","floor":27},{"not_picked":["Backflip+1","Endless Agony"],"picked":"Envenom","floor":29},{"not_picked":["Dagger Spray","Terror"],"picked":"Acrobatics+1","floor":31}],"player_experience":967144,"relics_obtained":[{"floor":6.0,"key":"Bag of Marbles"},{"floor":9.0,"key":"Anchor"},{"floor":11.0,"key":"Blood Vial"},{"floor":26,"key":"Bag of Preparation"},{"floor":27,"key":"Orichalcum"},{"floor":29,"key":"Frozen Egg 2"}],"event_choices":[{"event_name":"Shining Light","player_choice":"Entered Light","floor":3.0,"damage_taken":0.0},{"event_name":"Golden Wing","player_choice":"Ignored","floor":4.0,"damage_taken":0.0},{"event_name":"The Cleric","player_choice":"Healed","floor":10.0,"damage_taken":0.0},{"event_name":"Beggar","player_choice":"Gave Gold","floor":21,"damage_taken":0},{"event_name":"The Mausoleum","player_choice":"No","floor":22,"damage_taken":0}],"is_beta":false,"boss_relics":[{"not_picked":["Snecko Eye","Orrery"],"picked":"Fusion Hammer"}],"items_purged_floors":[28],"is_endless":false,"potions_floor_spawned":[6,14,16,18,24,27,29],"killed_by":"Collector","ascension_level":15}