{"gold_per_floor":[111,111,111,122,132,158,158,185,210,255,267,293,305,328,340,431,443,473,143,143,143,162,190,190,224,248,27,46,60,60,123,123,197,197,216,231,104,104,28,28,62,75,101,134,26,126,144,160,160,160,160],"floor_reached":51,"playtime":1855,"items_purged":["Clothesline","Strike_R","Strike_R"],"score":1516,"play_id":"bd60ba93-4f6e-4cc3-a9d3-ca2a7ea09651","local_time":"20181201212525","is_ascension_mode":true,"campfire_choices":[{"data":"Cleave","floor":7.0,"key":"SMITH"},{"data":"Disarm","floor":15.0,"key":"SMITH"},{"data":"Perfected Strike","floor":24.0,"key":"SMITH"},{"data":"Immolate","floor":32.0,"key":"SMITH"},{"data":"Heavy Blade","floor":40,"key":"SMITH"},{"data":"Whirlwind","floor":49,"key":"SMITH"}],"neow_cost":"NONE","seed_source_timestamp":15564347692598,"circlet_count":0,"master_deck":["AscendersBane","Strike_R","Strike_R","Defend_R+1","Defend_R","Defend_R+1","Bash","Shockwave+1","Pommel Strike","Disarm+1","Cleave+1","Perfected Strike+1","Pommel Strike","Immolate+1","Shrug It Off+1","Pain","True Grit+1","Burning Pact+1","Power Through+1","Rupture","Sentinel+1","Impervious+1","Disarm+1","Evolve","Heavy Blade+1","Battle Trance+1","Whirlwind+1","Perfected Strike","Rupture","Brutality"],"special_seed":0,"relics":["Burning Blood","NeowsBlessing","Smiling Mask","Happy Flower","MawBank","Bag of Preparation","Coffee Dripper","Toxic Egg 2","Bottled Lightning","WarpedTongs","War Paint","Gremlin Horn","PreservedInsect","Lee\u0027s Waffle","Enchiridion","Tiny Chest","Mark of Pain","Omamori","Art of War","Blue Candle","Champion Belt"],"potions_floor_usage":[51],"damage_taken":[{"damage":0.0,"enemies":"Small Slimes","floor":1.0,"turns":1.0},{"damage":0.0,"enemies":"2 Louse","floor":4.0,"turns":1.0},{"damage":0.0,"enemies":"Cultist","floor":5.0,"turns":1.0},{"damage":8.0,"enemies":"Gremlin Nob","floor":6.0,"turns":3.0},{"damage":35.0,"enemies":"3 Sentries","floor":8.0,"turns":8.0},{"damage":13.0,"enemies":"Lagavulin","floor":10.0,"turns":5.0},{"damage":0.0,"enemies":"3 Louse","floor":12.0,"turns":1.0},{"damage":6.0,"enemies":"Lots of Slimes","floor":14.0,"turns":2.0},{"damage":25.0,"enemies":"The Guardian","floor":16.0,"turns":11.0},{"damage":19.0,"enemies":"2 Thieves","floor":18.0,"turns":3.0},{"damage":9.0,"enemies":"3 Byrds","floor":22.0,"turns":3.0},{"damage":31.0,"enemies":"Gremlin Leader","floor":23.0,"turns":6.0},{"damage":13.0,"enemies":"Book of Stabbing","floor":25.0,"turns":5.0},{"damage":11.0,"enemies":"Snecko","floor":28.0,"turns":5.0},{"damage":2.0,"enemies":"Centurion and Healer","floor":29.0,"turns":3.0},{"damage":14.0,"enemies":"Slavers","floor":31.0,"turns":3.0},{"damage":51.0,"enemies":"Automaton","floor":33.0,"turns":8.0},{"damage":5.0,"enemies":"3 Shapes","floor":35.0,"turns":4.0},{"damage":1.0,"enemies":"Orb Walker","floor":36.0,"turns":2.0},{"damage":17,"enemies":"Reptomancer","floor":41,"turns":5},{"damage":8,"enemies":"Transient","floor":42,"turns":6},{"damage":9,"enemies":"Giant Head","floor":44,"turns":5},{"damage":4,"enemies":"Mind Bloom Boss Battle","floor":46,"turns":5},{"damage":8,"enemies":"Maw","floor":47,"turns":6},{"damage":19,"enemies":"Spire Growth","floor":48,"turns":4},{"damage":41,"enemies":"Awakened One","floor":50,"turns":8},{"damage":16,"enemies":"Time Eater","floor":51,"turns":4}],"seed_played":"-5037929334824863952","potions_obtained":[{"floor":4.0,"key":"FearPotion"},{"floor":5.0,"key":"SteroidPotion"},{"floor":6.0,"key":"Poison Potion"},{"floor":8.0,"key":"PowerPotion"},{"floor":22.0,"key":"AttackPotion"},{"floor":25.0,"key":"Fire Potion"},{"floor":29.0,"key":"Block Potion"},{"floor":35.0,"key":"SkillPotion"},{"floor":41,"key":"PowerPotion"},{"floor":42,"key":"FairyPotion"}],"is_trial":false,"path_per_floor":["M","?","?","M","M","E","R","E","T","E","$","M","?","M","R","B",null,"M","$","T","?","M","E","R","E","T","$","M","M","?","E","R","B",null,"M","M","$","?","$","R","E","M","T","E","$","?","M","M","R","B","B"],"character_chosen":"IRONCLAD","items_purchased":["Toxic Egg 2","Shrug It Off+1","Lee\u0027s Waffle","Evolve","Heavy Blade","Perfected Strike","Rupture"],"campfire_rested":0,"item_purchase_floors":[19,19,27,37,39,45,45],"current_hp_per_floor":[74,67,67,73,75,73,73,44,44,37,37,43,43,43,43,24,62,49,49,49,49,46,21,21,14,14,82,77,81,60,52,52,7,63,64,69,69,69,69,69,58,56,56,53,53,55,53,40,40,13,0],"gold":160,"neow_bonus":"THREE_ENEMY_KILL","is_prod":false,"is_daily":false,"chose_seed":false,"campfire_upgraded":6,"win_rate":0,"timestamp":1543670725,"path_taken":["M","?","?","M","?","E","R","E","T","E","$","M","?","M","R","BOSS","M","$","?","?","M","E","R","E","T","$","M","?","?","E","R","BOSS","M","M","$","?","$","R","E","M","T","E","$","?","M","M","R","BOSS","BOSS"],"build_version":"2018-11-15","purchased_purges":3,"victory":false,"max_hp_per_floor":[75,75,75,75,75,75,75,75,75,75,75,75,75,75,75,75,75,75,75,75,75,75,75,75,75,75,82,82,82,82,82,82,82,82,82,82,82,82,82,82,82,82,82,82,82,82,82,82,82,82,82],"card_choices":[{"not_picked":["Heavy Blade","Iron Wave"],"picked":"Shockwave","floor":1.0},{"not_picked":["Iron Wave","Rage"],"picked":"Pommel Strike","floor":4.0},{"not_picked":["Intimidate","True Grit"],"picked":"Disarm","floor":5.0},{"not_picked":["Uppercut","Brutality"],"picked":"Cleave","floor":6.0},{"not_picked":["Perfected Strike","Pommel Strike","Shockwave"],"picked":"SKIP","floor":8.0},{"not_picked":["Pommel Strike","Shockwave"],"picked":"Perfected Strike","floor":8.0},{"not_picked":["Uppercut","Seeing Red","Juggernaut"],"picked":"SKIP","floor":10.0},{"not_picked":["Armaments","Second Wind"],"picked":"Pommel Strike","floor":12.0},{"not_picked":["Body Slam","Cleave","Sword Boomerang"],"picked":"SKIP","floor":14.0},{"not_picked":["Bludgeon","Brutality"],"picked":"Immolate","floor":16.0},{"not_picked":["Cleave","Intimidate","Inflame"],"picked":"SKIP","floor":18.0},{"not_picked":["Intimidate+1","Cleave"],"picked":"True Grit+1","floor":22.0},{"not_picked":["Anger","Pummel"],"picked":"Burning Pact+1","floor":23.0},{"not_picked":["Infernal Blade+1","Uppercut"],"picked":"Power Through+1","floor":25.0},{"not_picked":["Rupture","Warcry+1","Rampage"],"picked":"SKIP","floor":28.0},{"not_picked":["Warcry+1","Rampage"],"picked":"Rupture","floor":28.0},{"not_picked":["Ghostly Armor+1","Rupture","Sword Boomerang"],"picked":"SKIP","floor":29.0},{"not_picked":["Ghostly Armor+1","Rupture","Sword Boomerang"],"picked":"SKIP","floor":29.0},{"not_picked":["True Grit+1","Warcry+1"],"picked":"Sentinel+1","floor":31.0},{"not_picked":["Dark Embrace","Feed"],"picked":"Impervious+1","floor":33.0},{"not_picked":["Havoc+1","Clothesline+1"],"picked":"Disarm+1","floor":35.0},{"not_picked":["Carnage","Headbutt","Anger"],"picked":"SKIP","floor":36.0},{"not_picked":["Carnage+1","Body Slam"],"picked":"Battle Trance+1","floor":41},{"not_picked":["Warcry+1","Carnage+1","Reckless Charge"],"picked":"SKIP","floor":42},{"not_picked":["Carnage","Headbutt"],"picked":"Whirlwind","floor":44},{"not_picked":["Cleave+1","Metallicize"],"picked":"Brutality","floor":46},{"not_picked":["Wild Strike+1","Inflame","Flame Barrier+1"],"picked":"SKIP","floor":47},{"not_picked":["Clothesline+1","Flex+1","Twin Strike"],"picked":"SKIP","floor":48}],"player_experience":2245922,"relics_obtained":[{"floor":6.0,"key":"Smiling Mask"},{"floor":8.0,"key":"Happy Flower"},{"floor":9.0,"key":"MawBank"},{"floor":10.0,"key":"Bag of Preparation"},{"floor":20.0,"key":"Bottled Lightning"},{"floor":23.0,"key":"War Paint"},{"floor":25.0,"key":"Gremlin Horn"},{"floor":26.0,"key":"PreservedInsect"},{"floor":30.0,"key":"Enchiridion"},{"floor":31.0,"key":"Tiny Chest"},{"floor":41,"key":"Omamori"},{"floor":43,"key":"Art of War"},{"floor":44,"key":"Blue Candle"},{"floor":46,"key":"Champion Belt"}],"event_choices":[{"cards_removed":["Strike_R"],"damage_healed":0.0,"max_hp_gain":0.0,"max_hp_loss":0.0,"gold_gain":0.0,"event_name":"Golden Wing","player_choice":"Card Removal","floor":2.0,"gold_loss":0.0,"damage_taken":7.0},{"damage_healed":0.0,"max_hp_gain":0.0,"max_hp_loss":0.0,"gold_gain":0.0,"event_name":"Upgrade Shrine","player_choice":"Upgraded","floor":3.0,"gold_loss":0.0,"damage_taken":0.0,"cards_upgraded":["Shockwave"]},{"damage_healed":0.0,"max_hp_gain":0.0,"max_hp_loss":0.0,"gold_gain":0.0,"cards_transformed":["Defend_R"],"event_name":"Transmorgrifier","player_choice":"Transformed","floor":13.0,"gold_loss":0.0,"damage_taken":0.0,"cards_obtained":["Clothesline"]},{"damage_healed":0.0,"max_hp_gain":0.0,"max_hp_loss":0.0,"gold_gain":0.0,"event_name":"Accursed Blacksmith","player_choice":"Rummage","floor":21.0,"gold_loss":0.0,"damage_taken":0.0,"relics_obtained":["WarpedTongs"],"cards_obtained":["Pain"]},{"damage_healed":0.0,"max_hp_gain":0.0,"max_hp_loss":0.0,"gold_gain":0.0,"event_name":"Cursed Tome","player_choice":"Obtained Book","floor":30.0,"gold_loss":0.0,"damage_taken":21.0},{"damage_healed":0.0,"max_hp_gain":0.0,"max_hp_loss":0.0,"gold_gain":0.0,"event_name":"Tomb of Lord Red Mask","player_choice":"Ignored","floor":38.0,"gold_loss":0.0,"damage_taken":0.0},{"damage_healed":0,"gold_gain":0,"player_choice":"Fight","damage_taken":0,"max_hp_gain":0,"max_hp_loss":0,"event_name":"MindBloom","floor":46,"gold_loss":0}],"is_beta":false,"boss_relics":[{"not_picked":["Philosopher\u0027s Stone","Calling Bell"],"picked":"Coffee Dripper"},{"not_picked":["Orrery","Empty Cage"],"picked":"Mark of Pain"}],"items_purged_floors":[19,37,39],"is_endless":false,"potions_floor_spawned":[4,5,6,8,22,25,29,35,41,42,48],"killed_by":"Time Eater","ascension_level":20}