{"gold_per_floor":[116,116,135,155,171,203,203,228,228,255,255,265,265,265,265,389,389,414,513,365,381,402,402,436,176,246,258,270,306,318,366,378,515,527,563,575,601,631,595,595,595,631,631,631,649,669,669,103,103,103],"floor_reached":51,"playtime":2110,"items_purged":[],"score":1002,"play_id":"75438c1a-8ad6-4b21-9193-1048e7af6643","local_time":"20181015120046","daily_mods":["SealedDeck"],"is_ascension_mode":true,"campfire_choices":[{"data":"Cloak And Dagger","floor":7,"key":"SMITH"},{"data":"Cloak And Dagger","floor":11,"key":"SMITH"},{"data":"Dagger Spray","floor":15,"key":"SMITH"},{"data":"Cloak And Dagger","floor":23,"key":"SMITH"},{"data":"Footwork","floor":32,"key":"SMITH"},{"data":"Finisher","floor":40,"key":"SMITH"},{"data":"Accuracy","floor":44,"key":"SMITH"},{"data":"Leg Sweep","floor":47,"key":"SMITH"},{"data":"Accuracy","floor":49,"key":"SMITH"}],"neow_cost":"","seed_source_timestamp":0,"circlet_count":0,"master_deck":["Slice","Sucker Punch","Dodge and Roll","Escape Plan","Flying Knee","Leg Sweep+1","Footwork+1","Cloak And Dagger+1","Dagger Spray+1","Cloak And Dagger+1","Cloak And Dagger+1","Blur","Backstab","Finisher+1","Blade Dance+1","Adrenaline+1","Accuracy+1","Malaise+1","Accuracy+1"],"relics":["Ring of the Snake","Meat on the Bone","Bag of Preparation","Toxic Egg 2","Oddly Smooth Stone","Bronze Scales","Golden Idol","WristBlade","Happy Flower","Matryoshka","Paper Crane","MawBank","Pantograph","Ninja Scroll","White Beast Statue","Torii","Calipers","Orichalcum","Mummified Hand","Strawberry","Chemical X","Regal Pillow"],"potions_floor_usage":[16,24,50,50,50,50,50,50],"damage_taken":[{"damage":0,"enemies":"Jaw Worm","floor":1,"turns":3},{"damage":0,"enemies":"2 Louse","floor":3,"turns":2},{"damage":0,"enemies":"Cultist","floor":4,"turns":3},{"damage":0,"enemies":"Large Slime","floor":5,"turns":7},{"damage":1,"enemies":"Lagavulin","floor":6,"turns":10},{"damage":3,"enemies":"Gremlin Nob","floor":8,"turns":4},{"damage":0,"enemies":"Lagavulin","floor":10,"turns":8},{"damage":0,"enemies":"Exordium Wildlife","floor":12,"turns":3},{"damage":3,"enemies":"Slime Boss","floor":16,"turns":9},{"damage":0,"enemies":"Shell Parasite","floor":18,"turns":4},{"damage":0,"enemies":"3 Byrds","floor":21,"turns":3},{"damage":4,"enemies":"Shelled Parasite and Fungi","floor":22,"turns":3},{"damage":0,"enemies":"Book of Stabbing","floor":24,"turns":2},{"damage":0,"enemies":"Snake Plant","floor":29,"turns":3},{"damage":0,"enemies":"Gremlin Leader","floor":31,"turns":3},{"damage":0,"enemies":"Automaton","floor":33,"turns":8},{"damage":0,"enemies":"3 Shapes","floor":35,"turns":1},{"damage":0,"enemies":"Orb Walker","floor":37,"turns":1},{"damage":1,"enemies":"Spire Growth","floor":38,"turns":3},{"damage":0,"enemies":"Mind Bloom Boss Battle","floor":41,"turns":4},{"damage":0,"enemies":"Giant Head","floor":42,"turns":5},{"damage":0,"enemies":"Transient","floor":45,"turns":5},{"damage":0,"enemies":"3 Darklings","floor":46,"turns":4},{"damage":0,"enemies":"Time Eater","floor":50,"turns":11}],"seed_played":"-7785528087158385693","potions_obtained":[{"floor":1,"key":"Weak Potion"},{"floor":3,"key":"GhostInAJar"},{"floor":10,"key":"Poison Potion"},{"floor":16,"key":"Dexterity Potion"},{"floor":21,"key":"Energy Potion"},{"floor":24,"key":"EssenceOfSteel"},{"floor":35,"key":"Energy Potion"},{"floor":45,"key":"EntropicBrew"}],"is_trial":true,"path_per_floor":["M","?","M","M","M","E","R","E","T","E","R","M","?","$","R","B",null,"M","?","$","M","M","R","E","$","T","?","$","M","?","E","R","B",null,"M","?","M","M","$","R","?","E","T","R","M","M","R","$","R","B"],"character_chosen":"THE_SILENT","items_purchased":["Happy Flower","Paper Crane","PowerPotion","Accuracy","Strawberry","Chemical X","Regal Pillow"],"campfire_rested":0,"item_purchase_floors":[20,25,39,48,48,48,48],"current_hp_per_floor":[70,58,58,58,58,57,57,54,54,54,54,54,37,37,37,46,70,70,70,70,70,66,66,66,66,66,66,66,66,66,66,66,70,70,70,66,66,65,65,65,66,66,66,66,66,66,66,73,73,73],"gold":103,"neow_bonus":"","is_prod":false,"is_daily":false,"chose_seed":false,"campfire_upgraded":9,"win_rate":0,"timestamp":1539630046,"path_taken":["M","?","M","?","M","E","R","E","T","E","R","M","?","$","R","BOSS","M","?","$","M","M","R","E","$","T","?","?","M","?","E","R","BOSS","M","?","?","M","$","R","?","E","T","R","M","M","R","$","R","BOSS"],"build_version":"2018-10-11","purchased_purges":0,"victory":true,"max_hp_per_floor":[70,70,70,70,70,70,70,70,70,70,70,70,70,70,70,70,70,70,70,70,70,70,70,70,70,70,70,70,70,70,70,70,70,70,70,66,66,66,66,66,66,66,66,66,66,66,66,73,73,73],"card_choices":[{"not_picked":["Deflect","Endless Agony"],"picked":"Cloak And Dagger","floor":1},{"not_picked":["Backflip","Slice"],"picked":"Blur","floor":3},{"not_picked":["Sucker Punch","Dagger Throw","Bane"],"picked":"SKIP","floor":4},{"not_picked":["Slice","Riddle With Holes","Infinite Blades"],"picked":"SKIP","floor":5},{"not_picked":["Setup","Dodge and Roll"],"picked":"Backstab","floor":6},{"not_picked":["Dagger Throw","Slice","Backflip"],"picked":"SKIP","floor":8},{"not_picked":["Sucker Punch","Calculated Gamble+1","Poisoned Stab"],"picked":"SKIP","floor":10},{"not_picked":["Venomology+1","Sucker Punch","Terror+1"],"picked":"SKIP","floor":12},{"not_picked":["Masterful Stab+1","Deadly Poison+1","Outmaneuver+1"],"picked":"SKIP","floor":18},{"not_picked":["Quick Slash","Infinite Blades"],"picked":"Finisher","floor":21},{"not_picked":["PiercingWail+1","Dash+1"],"picked":"Blade Dance+1","floor":22},{"not_picked":["Outmaneuver+1","Heel Hook+1","Masterful Stab"],"picked":"SKIP","floor":24},{"not_picked":["Dagger Throw","Flying Knee","PiercingWail+1"],"picked":"SKIP","floor":29},{"not_picked":["Endless Agony","Skewer+1","Tools of the Trade"],"picked":"SKIP","floor":31},{"not_picked":["Envenom","Wraith Form v2"],"picked":"Adrenaline+1","floor":33},{"not_picked":["Flying Knee+1","Poisoned Stab+1","Deadly Poison+1"],"picked":"SKIP","floor":35},{"not_picked":["Poisoned Stab+1","Cloak And Dagger+1","Bane+1"],"picked":"SKIP","floor":37},{"not_picked":["Deflect+1","Underhanded Strike+1","Footwork"],"picked":"SKIP","floor":38},{"not_picked":["Dagger Spray","Eviscerate"],"picked":"Accuracy","floor":42},{"not_picked":["Eviscerate","Finisher+1","Accuracy"],"picked":"SKIP","floor":45},{"not_picked":["Footwork+1","Reflex+1"],"picked":"Malaise+1","floor":46}],"player_experience":1360383,"relics_obtained":[{"floor":6,"key":"Bag of Preparation"},{"floor":8,"key":"Toxic Egg 2"},{"floor":9,"key":"Oddly Smooth Stone"},{"floor":10,"key":"Bronze Scales"},{"floor":24,"key":"Matryoshka"},{"floor":26,"key":"MawBank"},{"floor":26,"key":"Pantograph"},{"floor":31,"key":"Ninja Scroll"},{"floor":41,"key":"Torii"},{"floor":42,"key":"Calipers"},{"floor":43,"key":"Orichalcum"},{"floor":43,"key":"Mummified Hand"}],"event_choices":[{"event_name":"Scrap Ooze","player_choice":"success","floor":2,"damage_taken":12},{"event_name":"Golden Idol","player_choice":"Take Damage","floor":13,"damage_taken":0},{"event_name":"Nest","player_choice":"Stole From Cult","floor":19,"damage_taken":0},{"event_name":"Match and Keep!","player_choice":"0 cards matched","floor":27,"damage_taken":0},{"event_name":"The Mausoleum","player_choice":"No","floor":30,"damage_taken":0},{"event_name":"Winding Halls","player_choice":"Max HP","floor":36,"damage_taken":0},{"event_name":"MindBloom","player_choice":"Fight","floor":41,"damage_taken":0}],"is_beta":false,"boss_relics":[{"not_picked":["Astrolabe","Empty Cage"],"picked":"WristBlade"},{"not_picked":["Snecko Eye","Runic Pyramid"],"picked":"White Beast Statue"}],"items_purged_floors":[],"is_endless":false,"potions_floor_spawned":[1,3,10,16,21,22,24,35,37,38,41,42,45,46],"ascension_level":1}