{"gold_per_floor":[116,116,191,191,205,205,243,243,243,243,258,299,299,317,317,440,503,523,18,18,18,41,41,85,85,111,125,125,149,162,183,183,303,303,321,335,335,335,23,23,44,44,44,62,62,0,19,444,444,444],"floor_reached":51,"playtime":4432,"items_purged":["Strike_G","Writhe"],"score":822,"play_id":"05925537-239d-4c2a-b1ba-d8769baa7f96","local_time":"20181122200210","is_ascension_mode":true,"campfire_choices":[{"data":"Regret","floor":6,"key":"PURGE"},{"data":"Injury","floor":8,"key":"PURGE"},{"data":"Sucker Punch","floor":10,"key":"SMITH"},{"floor":15,"key":"REST"},{"data":"Footwork","floor":23,"key":"SMITH"},{"floor":32,"key":"REST"},{"data":"Strike_G","floor":40,"key":"PURGE"},{"data":"Strike_G","floor":49,"key":"PURGE"}],"neow_cost":"NONE","seed_source_timestamp":3392931961092542,"circlet_count":0,"master_deck":["Defend_G","Defend_G","Defend_G","Defend_G","Strike_G","Survivor","Neutralize+1","Deadly Poison+1","Backstab","Sucker Punch+1","Blade Dance+1","Backflip+1","Outmaneuver+1","Venomology+1","Footwork+1","Deflect+1","Terror+1","Poisoned Stab+1","Dash+1","Acrobatics+1","Ghostly+1","Ghostly+1","Ghostly+1","Ghostly+1","Ghostly+1","Bouncing Flask+1","Deadly Poison+1","Dagger Spray+1","Corpse Explosion+1","Crippling Poison+1","Cloak And Dagger+1"],"relics":["Ring of the Snake","Vajra","Peace Pipe","Golden Idol","Smiling Mask","Toxic Egg 2","The Courier","Tiny House","PreservedInsect","Anchor","Toy Ornithopter","Bronze Scales","Ancient Tea Set","Happy Flower","Busted Crown","Spirit Poop","Whetstone","Juzu Bracelet","WingedGreaves","Red Mask","Old Coin"],"potions_floor_usage":[7,14,16,18,18,21,21,22,27,27,29,29,30,30,33,33,35,35,41,48,48,50,50],"damage_taken":[{"damage":0,"enemies":"Small Slimes","floor":1,"turns":3},{"damage":1,"enemies":"2 Louse","floor":5,"turns":2},{"damage":18,"enemies":"Lagavulin","floor":7,"turns":8},{"damage":0,"enemies":"Cultist","floor":11,"turns":2},{"damage":15,"enemies":"Gremlin Nob","floor":12,"turns":4},{"damage":0,"enemies":"Blue Slaver","floor":14,"turns":1},{"damage":17,"enemies":"The Guardian","floor":16,"turns":10},{"damage":1,"enemies":"Shell Parasite","floor":18,"turns":3},{"damage":15,"enemies":"Colosseum Slavers","floor":21,"turns":3},{"damage":0,"enemies":"Chosen","floor":22,"turns":3},{"damage":23,"enemies":"Slavers","floor":24,"turns":5},{"damage":40,"enemies":"Snecko","floor":27,"turns":7},{"damage":2,"enemies":"Shelled Parasite and Fungi","floor":29,"turns":6},{"damage":1,"enemies":"Centurion and Healer","floor":30,"turns":7},{"damage":21,"enemies":"Sentry and Sphere","floor":31,"turns":6},{"damage":26,"enemies":"Collector","floor":33,"turns":10},{"damage":17,"enemies":"3 Darklings","floor":35,"turns":5},{"damage":2,"enemies":"3 Shapes","floor":36,"turns":3},{"damage":0,"enemies":"Jaw Worm Horde","floor":41,"turns":1},{"damage":2,"enemies":"Sphere and 2 Shapes","floor":44,"turns":5},{"damage":1,"enemies":"Maw","floor":47,"turns":6},{"damage":0,"enemies":"Mind Bloom Boss Battle","floor":48,"turns":5},{"damage":4,"enemies":"Donu and Deca","floor":50,"turns":8}],"seed_played":"2594634956936398413","potions_obtained":[{"floor":5,"key":"Swift Potion"},{"floor":12,"key":"Fire Potion"},{"floor":14,"key":"SteroidPotion"},{"floor":16,"key":"Energy Potion"},{"floor":17,"key":"Fire Potion"},{"floor":24,"key":"Strength Potion"},{"floor":29,"key":"Ancient Potion"},{"floor":33,"key":"Explosive Potion"},{"floor":36,"key":"Fire Potion"},{"floor":44,"key":"PowerPotion"},{"floor":47,"key":"AttackPotion"},{"floor":48,"key":"Fruit Juice"}],"is_trial":false,"path_per_floor":["M","?","?","?","M","R","E","R","T","R","M","E","?","M","R","B",null,"M","$","?","?","M","R","E","?","T","M","?","M","M","M","R","B",null,"M","M","?","?","$","R","M","?","T","M","?","?","M","?","R","B",null],"character_chosen":"THE_SILENT","items_purchased":["PreservedInsect","Anchor","Toy Ornithopter","Terror+1","Whetstone","Crippling Poison+1","Juzu Bracelet"],"campfire_rested":2,"item_purchase_floors":[19,19,19,19,39,39,39],"current_hp_per_floor":[70,70,59,59,58,58,40,40,40,40,40,25,25,25,46,29,75,74,74,74,62,67,67,44,44,44,14,14,22,31,10,21,5,37,25,23,32,32,32,32,37,37,37,35,35,35,34,37,37,33],"gold":444,"neow_bonus":"RANDOM_COMMON_RELIC","is_prod":false,"is_daily":false,"chose_seed":false,"campfire_upgraded":2,"win_rate":0,"timestamp":1542934930,"path_taken":["M","?","?","?","M","R","E","R","T","R","M","E","?","?","R","BOSS","M","$","?","?","M","R","E","?","T","?","?","M","M","M","R","BOSS","M","M","?","?","$","R","M","?","T","M","?","?","M","?","R","BOSS"],"build_version":"2018-11-15","purchased_purges":2,"victory":true,"max_hp_per_floor":[70,70,70,70,70,70,70,70,70,70,70,70,70,70,70,70,75,75,75,75,75,75,75,75,75,75,75,37,37,37,37,37,37,37,37,37,37,37,37,37,37,37,37,37,37,37,37,37,37,37],"card_choices":[{"not_picked":["Prepared","Endless Agony"],"picked":"Deadly Poison","floor":1},{"not_picked":["Predator","Underhanded Strike"],"picked":"Backstab","floor":5},{"not_picked":["Leg Sweep","Prepared"],"picked":"Sucker Punch","floor":7},{"not_picked":["Underhanded Strike","Infinite Blades"],"picked":"Blade Dance+1","floor":11},{"not_picked":["Finisher","Acrobatics+1"],"picked":"Backflip+1","floor":12},{"not_picked":["Finisher","Dagger Spray"],"picked":"Outmaneuver+1","floor":14},{"not_picked":["A Thousand Cuts","Tools of the Trade"],"picked":"Venomology+1","floor":16},{"not_picked":["Slice","Poisoned Stab"],"picked":"Footwork","floor":17},{"not_picked":["Infinite Blades","Acrobatics+1"],"picked":"Deflect+1","floor":18},{"not_picked":["Flying Knee","Bane"],"picked":"Poisoned Stab","floor":22},{"not_picked":["Malaise+1","Underhanded Strike"],"picked":"Dash+1","floor":24},{"not_picked":["Concentrate+1","Underhanded Strike"],"picked":"Acrobatics+1","floor":27},{"not_picked":["Poisoned Stab","Slice+1"],"picked":"Bouncing Flask+1","floor":29},{"not_picked":["Poisoned Stab","Flying Knee"],"picked":"Deadly Poison+1","floor":30},{"not_picked":["Outmaneuver+1","Flying Knee"],"picked":"Dagger Spray+1","floor":31},{"not_picked":["Die Die Die","Glass Knife"],"picked":"Corpse Explosion+1","floor":33},{"not_picked":["Outmaneuver+1"],"picked":"SKIP","floor":35},{"not_picked":["Flying Knee"],"picked":"SKIP","floor":36},{"not_picked":["Endless Agony"],"picked":"SKIP","floor":41},{"not_picked":["All Out Attack+1"],"picked":"SKIP","floor":44},{"not_picked":[],"picked":"Cloak And Dagger+1","floor":47}],"player_experience":166172,"relics_obtained":[{"floor":7,"key":"Smiling Mask"},{"floor":9,"key":"Toxic Egg 2"},{"floor":12,"key":"The Courier"},{"floor":24,"key":"Ancient Tea Set"},{"floor":26,"key":"Happy Flower"},{"floor":43,"key":"WingedGreaves"},{"floor":48,"key":"Old Coin"}],"event_choices":[{"damage_healed":0,"gold_gain":0,"player_choice":"Box","damage_taken":0,"relics_obtained":["Peace Pipe"],"max_hp_gain":0,"max_hp_loss":0,"event_name":"Big Fish","floor":2,"gold_loss":0,"cards_obtained":["Regret"]},{"damage_healed":0,"gold_gain":75,"player_choice":"Gather Gold","damage_taken":11,"max_hp_gain":0,"max_hp_loss":0,"event_name":"World of Goop","floor":3,"gold_loss":0},{"damage_healed":0,"gold_gain":0,"player_choice":"Take Wound","damage_taken":0,"relics_obtained":["Golden Idol"],"max_hp_gain":0,"max_hp_loss":0,"event_name":"Golden Idol","floor":4,"gold_loss":0,"cards_obtained":["Injury"]},{"damage_healed":0,"gold_gain":0,"player_choice":"Upgraded","damage_taken":0,"max_hp_gain":0,"max_hp_loss":0,"event_name":"Upgrade Shrine","floor":13,"gold_loss":0,"cards_upgraded":["Deadly Poison"]},{"damage_healed":0,"gold_gain":0,"player_choice":"Opened","damage_taken":0,"relics_obtained":["Bronze Scales"],"max_hp_gain":0,"max_hp_loss":0,"event_name":"The Mausoleum","floor":20,"gold_loss":0,"cards_obtained":["Writhe"]},{"damage_healed":0,"gold_gain":0,"player_choice":"Fight","damage_taken":0,"max_hp_gain":0,"max_hp_loss":0,"event_name":"Colosseum","floor":21,"gold_loss":0},{"damage_healed":0,"gold_gain":0,"player_choice":"Fled From Nobs","damage_taken":0,"max_hp_gain":0,"max_hp_loss":0,"event_name":"Colosseum","floor":21,"gold_loss":0},{"damage_healed":0,"gold_gain":0,"player_choice":"0 cards matched","damage_taken":0,"max_hp_gain":0,"max_hp_loss":0,"event_name":"Match and Keep!","floor":25,"gold_loss":0,"cards_obtained":[]},{"damage_healed":0,"gold_gain":0,"player_choice":"Became a Ghost","damage_taken":0,"max_hp_gain":0,"max_hp_loss":38,"event_name":"Ghosts","floor":28,"gold_loss":0,"cards_obtained":["Ghostly","Ghostly","Ghostly","Ghostly","Ghostly"]},{"damage_healed":9,"gold_gain":0,"player_choice":"Writhe","damage_taken":0,"max_hp_gain":0,"max_hp_loss":0,"event_name":"Winding Halls","floor":37,"gold_loss":0,"cards_obtained":["Writhe"]},{"cards_removed":["Writhe"],"damage_healed":0,"gold_gain":0,"player_choice":"Offered Curse","damage_taken":0,"relics_obtained":["Spirit Poop"],"max_hp_gain":0,"max_hp_loss":0,"event_name":"Bonfire Elementals","floor":38,"gold_loss":0},{"cards_removed":["Strike_G"],"damage_healed":0,"gold_gain":0,"player_choice":"Removed Attack","damage_taken":0,"max_hp_gain":0,"max_hp_loss":0,"event_name":"Falling","floor":42,"gold_loss":0},{"cards_removed":["Defend_G"],"damage_healed":0,"gold_gain":0,"player_choice":"Purged","damage_taken":0,"max_hp_gain":0,"max_hp_loss":0,"event_name":"Purifier","floor":45,"gold_loss":0},{"damage_healed":0,"gold_gain":0,"player_choice":"Paid","damage_taken":0,"relics_obtained":["Red Mask"],"max_hp_gain":0,"max_hp_loss":0,"event_name":"Tomb of Lord Red Mask","floor":46,"gold_loss":62},{"damage_healed":0,"gold_gain":0,"player_choice":"Fight","damage_taken":0,"max_hp_gain":0,"max_hp_loss":0,"event_name":"MindBloom","floor":48,"gold_loss":0}],"is_beta":false,"boss_relics":[{"not_picked":["Coffee Dripper","Runic Pyramid"],"picked":"Tiny House"},{"not_picked":["Velvet Choker","Runic Dome"],"picked":"Busted Crown"}],"items_purged_floors":[19,39],"is_endless":false,"potions_floor_spawned":[5,12,14,16,21,24,29,33,36,44,47,48],"ascension_level":3}