{"gold_per_floor":[113,131,60,77,77,112,112,112,112,145,155,172,188,219,219,315,315,335,345,181,191,106,106,137,155,155,11,11,41,41,61,61,156,156,171,186,196,96,96,96,108,108,108,108,126,160,172,29,29,29],"floor_reached":51,"playtime":4491,"items_purged":["Strike_B","Strike_B","Strike_B"],"score":1127,"play_id":"69d0286f-b2a6-4050-83c7-359e119b42a4","local_time":"20180628190542","is_ascension_mode":true,"campfire_choices":[{"data":"Dualcast","floor":8.0,"key":"SMITH"},{"data":"Streamline","floor":15.0,"key":"SMITH"},{"data":"Hologram","floor":23.0,"key":"SMITH"},{"floor":28.0,"key":"REST"},{"floor":30.0,"key":"REST"},{"data":"Defragment","floor":32.0,"key":"SMITH"},{"floor":40.0,"key":"REST"},{"floor":44.0,"key":"REST"},{"floor":49,"key":"REST"}],"neow_cost":"","seed_source_timestamp":38201461884972,"circlet_count":0,"master_deck":["Strike_B","Defend_B","Defend_B","Defend_B","Defend_B","Zap+1","Dualcast+1","AscendersBane","Conserve Battery","Cold Snap","Steam","Ball Lightning","Cold Snap","Capacitor","Echo Form","Streamline+1","Conserve Battery","Cold Snap","Buffer","Sweeping Beam","Beam Cell","Glacier","Go for the Eyes","Hologram+1","Ball Lightning","Leap","Ball Lightning","Self Repair","Leap","Defragment+1","Capacitor","Machine Learning","Go for the Eyes","Go for the Eyes","FTL","Redo+1","Reinforced Body+1","Barrage+1","Defragment+1","BootSequence","Hologram","Stack","Compile Driver+1","Force Field","Mind Blast"],"special_seed":0,"relics":["Cracked Core","Incense Burner","Kunai","Ancient Tea Set","The Courier","Sozu","Unceasing Top","Prayer Wheel","Pantograph","Bottled Flame","Lizard Tail","Vajra","Darkstone Periapt"],"potions_floor_usage":[],"damage_taken":[{"damage":0.0,"enemies":"Small Slimes","floor":1.0,"turns":3.0},{"damage":4.0,"enemies":"Cultist","floor":2.0,"turns":3.0},{"damage":0.0,"enemies":"Jaw Worm","floor":4.0,"turns":4.0},{"damage":11.0,"enemies":"Gremlin Nob","floor":6.0,"turns":4.0},{"damage":3.0,"enemies":"Lagavulin","floor":10.0,"turns":6.0},{"damage":0.0,"enemies":"2 Fungi Beasts","floor":11.0,"turns":3.0},{"damage":0.0,"enemies":"3 Louse","floor":12.0,"turns":2.0},{"damage":11.0,"enemies":"Exordium Thugs","floor":13.0,"turns":4.0},{"damage":7.0,"enemies":"3 Sentries","floor":14.0,"turns":7.0},{"damage":5.0,"enemies":"The Guardian","floor":16.0,"turns":9.0},{"damage":0.0,"enemies":"Chosen","floor":18.0,"turns":5.0},{"damage":6.0,"enemies":"Shell Parasite","floor":19.0,"turns":5.0},{"damage":0.0,"enemies":"Centurion and Healer","floor":21.0,"turns":9.0},{"damage":28.0,"enemies":"Slavers","floor":24.0,"turns":5.0},{"damage":13.0,"enemies":"Snecko","floor":25.0,"turns":7.0},{"damage":8.0,"enemies":"Gremlin Leader","floor":29.0,"turns":11.0},{"damage":16.0,"enemies":"Snake Plant","floor":31.0,"turns":4.0},{"damage":12.0,"enemies":"Champ","floor":33.0,"turns":12.0},{"damage":0.0,"enemies":"3 Shapes","floor":35.0,"turns":7.0},{"damage":58.0,"enemies":"3 Darklings","floor":36.0,"turns":7.0},{"damage":9.0,"enemies":"4 Shapes","floor":37.0,"turns":6.0},{"damage":1.0,"enemies":"Sphere and 2 Shapes","floor":41.0,"turns":8.0},{"damage":31.0,"enemies":"3 Darklings","floor":45.0,"turns":7.0},{"damage":37.0,"enemies":"2 Orb Walkers","floor":46.0,"turns":5.0},{"damage":0,"enemies":"4 Shapes","floor":47,"turns":9},{"damage":42,"enemies":"Awakened One","floor":50,"turns":21}],"seed_played":"-2060023250708248193","potions_obtained":[{"floor":2.0,"key":"FearPotion"},{"floor":12.0,"key":"GamblersBrew"},{"floor":13.0,"key":"EssenceOfSteel"}],"is_trial":false,"path_per_floor":["M","M","$","M","?","E","?","R","T","E","M","M","M","E","R","B",null,"M","M","$","M","?","R","E","M","T","$","R","E","R","M","R","B",null,"M","M","M","$","?","R","M","?","T","R","M","E","M","$","R","B"],"character_chosen":"DEFECT","items_purchased":["Ball Lightning","Cold Snap","Glacier","Go for the Eyes","Hologram","Self Repair","Force Field","Mind Blast"],"campfire_rested":5,"item_purchase_floors":[],"current_hp_per_floor":[68,64,64,64,64,53,53,53,53,50,50,50,39,32,32,27,63,63,57,57,57,57,57,29,16,16,16,38,37,59,57,57,75,75,75,24,29,29,29,51,57,57,57,75,58,21,35,35,57,33],"gold":29,"neow_bonus":"","is_prod":false,"is_daily":false,"chose_seed":false,"campfire_upgraded":4,"win_rate":0,"timestamp":1530237942,"path_taken":["M","M","$","M","?","E","?","R","T","E","M","M","M","E","R","BOSS","M","M","$","M","?","R","E","M","T","?","R","E","R","M","R","BOSS","M","M","M","$","?","R","M","?","T","R","M","E","M","$","R","BOSS"],"build_version":"2018-06-21v2","purchased_purges":3,"victory":true,"max_hp_per_floor":[75,75,75,75,75,75,75,75,75,75,75,75,75,75,75,75,75,75,75,75,75,75,75,75,75,75,75,75,75,75,75,75,75,75,75,75,75,75,75,75,75,75,75,75,75,75,75,75,75,75],"card_choices":[{"not_picked":["Steam","Auto Shields"],"picked":"Conserve Battery","floor":0.0},{"not_picked":["Blizzard","Streamline"],"picked":"Cold Snap","floor":1.0},{"not_picked":["Gash","Stack"],"picked":"Steam","floor":2.0},{"not_picked":["Steam","Coolheaded","Rebound"],"picked":"SKIP","floor":4.0},{"not_picked":["Rebound","Gash"],"picked":"Capacitor","floor":6.0},{"not_picked":["Genetic Algorithm","Turbo"],"picked":"Echo Form","floor":10.0},{"not_picked":["Sweeping Beam","Gash"],"picked":"Streamline","floor":11.0},{"not_picked":["Amplify","Barrage","Scrape"],"picked":"SKIP","floor":12.0},{"not_picked":["Stack","Ball Lightning"],"picked":"Conserve Battery","floor":13.0},{"not_picked":["Storm","Reprogram"],"picked":"Cold Snap","floor":14.0},{"not_picked":["Thunder Strike","Multi-Cast"],"picked":"Buffer","floor":16.0},{"not_picked":["Genetic Algorithm","Melter+1"],"picked":"Sweeping Beam","floor":18.0},{"not_picked":["Recycle","Stack"],"picked":"Beam Cell","floor":19.0},{"not_picked":["Steam","Coolheaded"],"picked":"Ball Lightning","floor":21.0},{"not_picked":["Sweeping Beam","Turbo"],"picked":"Leap","floor":24.0},{"not_picked":["Rebound","Chaos"],"picked":"Ball Lightning","floor":25.0},{"not_picked":["Heatsinks","Ball Lightning","Beam Cell"],"picked":"SKIP","floor":25.0},{"not_picked":["Turbo+1","Loop"],"picked":"Leap","floor":29.0},{"not_picked":["Ball Lightning","Storm"],"picked":"Defragment","floor":31.0},{"not_picked":["Ball Lightning","Coolheaded"],"picked":"Capacitor","floor":31.0},{"not_picked":["Core Surge","Echo Form"],"picked":"Machine Learning","floor":33.0},{"not_picked":["Leap","Beam Cell"],"picked":"Go for the Eyes","floor":35.0},{"not_picked":["Ball Lightning+1","Scrape"],"picked":"Go for the Eyes","floor":35.0},{"not_picked":["Doom and Gloom","Go for the Eyes"],"picked":"FTL","floor":36.0},{"not_picked":["Core Surge","Streamline"],"picked":"Redo+1","floor":36.0},{"not_picked":["Streamline","Cold Snap"],"picked":"Reinforced Body+1","floor":37.0},{"not_picked":["Redo+1","Beam Cell","Coolheaded"],"picked":"SKIP","floor":37.0},{"not_picked":["Amplify","Streamline+1"],"picked":"Barrage+1","floor":41.0},{"not_picked":["Chaos","Rebound+1"],"picked":"Defragment+1","floor":41.0},{"not_picked":["Conserve Battery","Fusion"],"picked":"BootSequence","floor":45.0},{"not_picked":["Rip and Tear+1","Loop","Go for the Eyes"],"picked":"SKIP","floor":45.0},{"not_picked":["Thunder Strike","Beam Cell"],"picked":"Hologram","floor":46.0},{"not_picked":["Sunder","Scrape+1"],"picked":"Stack","floor":47},{"not_picked":["Rip and Tear","Barrage"],"picked":"Compile Driver+1","floor":47}],"player_experience":611047,"relics_obtained":[{"floor":6.0,"key":"Incense Burner"},{"floor":9.0,"key":"Kunai"},{"floor":10.0,"key":"Ancient Tea Set"},{"floor":14.0,"key":"The Courier"},{"floor":24.0,"key":"Prayer Wheel"},{"floor":26.0,"key":"Pantograph"},{"floor":29.0,"key":"Bottled Flame"},{"floor":43.0,"key":"Vajra"},{"floor":46.0,"key":"Darkstone Periapt"}],"event_choices":[{"event_name":"Upgrade Shrine","player_choice":"Upgraded","floor":5.0,"damage_taken":0.0},{"event_name":"Liars Game","player_choice":"disagreed","floor":7.0,"damage_taken":0.0},{"event_name":"Addict","player_choice":"Obtained Relic","floor":22.0,"damage_taken":0.0},{"event_name":"Mysterious Sphere","player_choice":"Ignore","floor":39.0,"damage_taken":0.0},{"event_name":"Tomb of Lord Red Mask","player_choice":"Ignored","floor":42.0,"damage_taken":0.0}],"boss_relics":[{"not_picked":["Eternal Feather","Black Star"],"picked":"Sozu"},{"not_picked":["Orrery","White Beast Statue"],"picked":"Lizard Tail"}],"items_purged_floors":[],"is_endless":false,"potions_floor_spawned":[2,12,13,14,18,24,29,31,36,45,46],"ascension_level":12}