{"gold_per_floor":[369,389,389,16,30,30,50,13,40,40,60,210,210,240,240,311,311,321,321,56,56,73,73,73,73,73,73],"floor_reached":27,"playtime":838,"items_purged":[],"score":387,"play_id":"e8dcb95e-9aa6-4e2f-a18a-3eb766af9243","local_time":"20181231095843","is_ascension_mode":true,"campfire_choices":[{"data":"Blood for Blood","floor":6,"key":"SMITH"},{"data":"Blood for Blood","floor":10,"key":"SMITH"},{"data":"Transmutation","floor":15,"key":"SMITH"},{"floor":23,"key":"REST"},{"floor":25,"key":"REST"}],"neow_cost":"CURSE","seed_source_timestamp":888270420135169,"circlet_count":0,"master_deck":["AscendersBane","Strike_R","Strike_R","Strike_R","Strike_R","Strike_R","Defend_R","Defend_R","Defend_R","Defend_R","Bash","Blood for Blood+1","Heavy Blade","Headbutt","Transmutation+1","Good Instincts","Inflame","Blood for Blood+1","Ghostly Armor","Thunderclap","Flame Barrier","Berserk","Necronomicurse","Shrug It Off+1"],"relics":["Burning Blood","Juzu Bracelet","Boot","Snecko Eye","Necronomicon","Paper Frog","Anchor"],"potions_floor_usage":[11,27,27],"damage_taken":[{"damage":3,"enemies":"2 Louse","floor":1,"turns":4},{"damage":2,"enemies":"Cultist","floor":2,"turns":4},{"damage":8,"enemies":"Small Slimes","floor":5,"turns":3},{"damage":17,"enemies":"Exordium Wildlife","floor":7,"turns":4},{"damage":0,"enemies":"Large Slime","floor":11,"turns":4},{"damage":30,"enemies":"Gremlin Nob","floor":14,"turns":4},{"damage":34,"enemies":"Hexaghost","floor":16,"turns":8},{"damage":12,"enemies":"2 Thieves","floor":18,"turns":5},{"damage":11,"enemies":"Shell Parasite","floor":22,"turns":3},{"damage":55,"enemies":"Book of Stabbing","floor":27,"turns":4}],"seed_played":"484162586340557741","potions_obtained":[{"floor":1,"key":"Regen Potion"},{"floor":2,"key":"Explosive Potion"},{"floor":5,"key":"SteroidPotion"},{"floor":22,"key":"Dexterity Potion"}],"is_trial":false,"path_per_floor":["M","M","?","$","M","R","M","$","T","R","M","?","?","E","R","B",null,"M","?","$","?","M","R","?","R","T","E"],"character_chosen":"IRONCLAD","items_purchased":["Headbutt","Transmutation","Good Instincts","Ghostly Armor","Paper Frog"],"campfire_rested":2,"item_purchase_floors":[4,4,4,8,20],"current_hp_per_floor":[71,75,72,72,70,70,59,59,59,59,65,65,65,41,41,13,57,51,30,30,30,25,46,26,49,49,0],"gold":73,"neow_bonus":"TWO_FIFTY_GOLD","is_prod":false,"is_daily":false,"chose_seed":false,"campfire_upgraded":3,"win_rate":0,"timestamp":1546246723,"path_taken":["M","M","?","$","M","R","M","?","T","R","M","?","?","E","R","BOSS","M","?","$","?","M","R","?","R","T","E"],"build_version":"2018-12-20","purchased_purges":0,"victory":false,"max_hp_per_floor":[75,75,72,72,72,72,72,72,72,72,72,72,72,72,72,72,72,72,72,72,72,72,72,77,77,77,77],"card_choices":[{"not_picked":["True Grit","Spot Weakness"],"picked":"Blood for Blood","floor":1},{"not_picked":["Body Slam","Wild Strike"],"picked":"Heavy Blade","floor":2},{"not_picked":["Infernal Blade","Havoc"],"picked":"Inflame","floor":5},{"not_picked":["Corruption","Sentinel"],"picked":"Blood for Blood","floor":7},{"not_picked":["Wild Strike","Dropkick"],"picked":"Thunderclap","floor":11},{"not_picked":["Bloodletting","Sentinel"],"picked":"Flame Barrier","floor":14},{"not_picked":["Brutality","Barricade"],"picked":"Berserk","floor":16},{"not_picked":["Sword Boomerang","Heavy Blade","Anger+1"],"picked":"SKIP","floor":18},{"not_picked":["Wild Strike","Rupture"],"picked":"Shrug It Off+1","floor":22}],"player_experience":388992,"relics_obtained":[{"floor":9,"key":"Juzu Bracelet"},{"floor":14,"key":"Boot"},{"floor":19,"key":"Necronomicon"},{"floor":26,"key":"Anchor"}],"event_choices":[{"cards_removed":["Parasite"],"damage_healed":0,"gold_gain":0,"player_choice":"Purged","damage_taken":0,"max_hp_gain":0,"max_hp_loss":0,"event_name":"Purifier","floor":3,"gold_loss":0},{"damage_healed":0,"gold_gain":150,"player_choice":"AGREE","damage_taken":0,"max_hp_gain":0,"max_hp_loss":0,"event_name":"Liars Game","floor":12,"gold_loss":0,"cards_obtained":["Doubt"]},{"cards_removed":["Doubt"],"damage_healed":0,"gold_gain":0,"player_choice":"Forget","damage_taken":0,"max_hp_gain":0,"max_hp_loss":0,"event_name":"Living Wall","floor":13,"gold_loss":0},{"damage_healed":0,"gold_gain":0,"player_choice":"Obtained Book","damage_taken":21,"max_hp_gain":0,"max_hp_loss":0,"event_name":"Cursed Tome","floor":19,"gold_loss":0},{"damage_healed":0,"gold_gain":0,"player_choice":"Ignored","damage_taken":0,"max_hp_gain":0,"max_hp_loss":0,"event_name":"Ghosts","floor":21,"gold_loss":0},{"damage_healed":0,"gold_gain":0,"player_choice":"Shed Blood","damage_taken":25,"max_hp_gain":5,"max_hp_loss":0,"event_name":"Forgotten Altar","floor":24,"gold_loss":0}],"is_beta":false,"boss_relics":[{"not_picked":["Eternal Feather","Velvet Choker"],"picked":"Snecko Eye"}],"items_purged_floors":[],"is_endless":false,"potions_floor_spawned":[1,2,5,22],"killed_by":"Book of Stabbing","ascension_level":17}