{"gold_per_floor":[117,128,143,46,46,46,71,71,71,85,119,119,119,130,130,206,206,223,237,254,254,264,294,294,311,311,331,347,367,367,378,378,456,456,473,485,213,232,232,261,261,72,98,22,22,22,36,49,49,49],"floor_reached":51,"playtime":3309,"items_purged":["Strike_G","Strike_G","Strike_G"],"score":1245,"play_id":"cadd6b75-c6a3-40ec-b3e5-6b85fe9076d6","local_time":"20180713170232","is_ascension_mode":true,"campfire_choices":[{"data":"Neutralize","floor":6.0,"key":"SMITH"},{"floor":8.0,"key":"REST"},{"floor":13.0,"key":"REST"},{"floor":15.0,"key":"REST"},{"floor":24.0,"key":"REST"},{"floor":30.0,"key":"REST"},{"floor":32.0,"key":"REST"},{"floor":41,"key":"REST"},{"floor":45,"key":"REST"},{"data":"Catalyst","floor":49,"key":"SMITH"}],"neow_cost":"TEN_PERCENT_HP_LOSS","seed_source_timestamp":30818326174196,"circlet_count":0,"master_deck":["Defend_G","Defend_G","Defend_G","Defend_G","Defend_G","Strike_G","Strike_G","Survivor","Neutralize+1","AscendersBane","Deadly Poison","Finisher","Backflip","Footwork","PiercingWail","Crippling Poison","Deadly Poison","Corpse Explosion","Catalyst+1","Die Die Die","Backflip","PiercingWail","Bouncing Flask","Calculated Gamble","Acrobatics","Cloak And Dagger","Dodge and Roll","Burst","Backflip","Cloak And Dagger","Noxious Fumes+1","Blur","Night Terror","Acrobatics","Cloak And Dagger+1","Dash","Backflip","Madness","Dash","Well Laid Plans","Clumsy","Backflip","Writhe","Acrobatics+1","Backflip","Doppelganger","PiercingWail"],"special_seed":0,"relics":["Ring of the Snake","The Specimen","Ancient Tea Set","Smiling Mask","Vajra","Shuriken","Cursed Key","Prayer Wheel","Snecko Eye","Anchor","Art of War","Strawberry"],"potions_floor_usage":[40,47,50,50],"damage_taken":[{"damage":1.0,"enemies":"2 Louse","floor":1.0,"turns":3.0},{"damage":8.0,"enemies":"Small Slimes","floor":2.0,"turns":4.0},{"damage":0.0,"enemies":"Jaw Worm","floor":3.0,"turns":5.0},{"damage":43.0,"enemies":"Gremlin Nob","floor":7.0,"turns":6.0},{"damage":0.0,"enemies":"Exordium Wildlife","floor":10.0,"turns":4.0},{"damage":16.0,"enemies":"Lagavulin","floor":11.0,"turns":6.0},{"damage":15.0,"enemies":"Exordium Thugs","floor":14.0,"turns":3.0},{"damage":22.0,"enemies":"Slime Boss","floor":16.0,"turns":8.0},{"damage":0.0,"enemies":"3 Byrds","floor":18.0,"turns":2.0},{"damage":0.0,"enemies":"Chosen","floor":19.0,"turns":5.0},{"damage":7.0,"enemies":"3 Cultists","floor":20.0,"turns":3.0},{"damage":4.0,"enemies":"Centurion and Healer","floor":22.0,"turns":5.0},{"damage":26.0,"enemies":"Book of Stabbing","floor":23.0,"turns":7.0},{"damage":4.0,"enemies":"Snecko","floor":25.0,"turns":4.0},{"damage":0.0,"enemies":"3 Cultists","floor":27.0,"turns":3.0},{"damage":22.0,"enemies":"Snake Plant","floor":28.0,"turns":4.0},{"damage":0.0,"enemies":"Centurion and Healer","floor":29.0,"turns":3.0},{"damage":0.0,"enemies":"3 Cultists","floor":31.0,"turns":3.0},{"damage":34.0,"enemies":"Collector","floor":33.0,"turns":8.0},{"damage":9.0,"enemies":"3 Darklings","floor":35.0,"turns":3.0},{"damage":22.0,"enemies":"Orb Walker","floor":36.0,"turns":6.0},{"damage":5.0,"enemies":"3 Darklings","floor":38.0,"turns":3.0},{"damage":3,"enemies":"2 Orb Walkers","floor":40,"turns":4},{"damage":5,"enemies":"4 Shapes","floor":47,"turns":4},{"damage":0,"enemies":"Flame Bruiser 2 Orb","floor":48,"turns":5},{"damage":60,"enemies":"Donu and Deca","floor":50,"turns":7}],"seed_played":"1729437995611829261","potions_obtained":[{"floor":2.0,"key":"GamblersBrew"},{"floor":3.0,"key":"Regen Potion"},{"floor":7.0,"key":"Poison Potion"},{"floor":10.0,"key":"FearPotion"},{"floor":18.0,"key":"Weak Potion"},{"floor":20.0,"key":"Weak Potion"},{"floor":23.0,"key":"Weak Potion"},{"floor":28.0,"key":"Block Potion"},{"floor":29.0,"key":"Energy Potion"},{"floor":33.0,"key":"Dexterity Potion"},{"floor":35.0,"key":"Dexterity Potion"},{"floor":36.0,"key":"GhostInAJar"},{"floor":48,"key":"Dexterity Potion"}],"is_trial":false,"path_per_floor":["M","M","M","$","?","R","E","R","T","M","E","?","R","M","R","B",null,"M","M","M","?","M","E","R","M","T","M","M","M","R","M","R","B",null,"M","M","$","M","?","E","R","$","T","$","R","?","M","M","R","B"],"character_chosen":"THE_SILENT","items_purchased":["Footwork","PiercingWail","Dash","Anchor","Well Laid Plans","Dexterity Potion","Swift Potion","Backflip"],"campfire_rested":8,"item_purchase_floors":[4,4,37,37,42,42,42,44],"current_hp_per_floor":[58,50,50,50,50,50,7,25,25,39,23,23,41,26,44,22,51,51,51,44,44,40,14,32,28,28,28,6,6,24,24,42,8,47,38,16,16,11,11,8,26,26,33,33,53,67,62,62,62,2],"gold":49,"neow_bonus":"ONE_RARE_RELIC","is_prod":false,"is_daily":false,"chose_seed":false,"campfire_upgraded":2,"win_rate":0,"timestamp":1531526552,"path_taken":["M","M","M","$","?","R","E","R","T","M","E","?","R","M","R","BOSS","M","M","?","?","M","E","R","?","T","M","M","M","R","M","R","BOSS","M","M","$","M","?","E","R","$","T","?","R","?","M","M","R","BOSS"],"build_version":"2018-07-12","purchased_purges":3,"victory":true,"max_hp_per_floor":[60,60,60,60,60,60,60,60,60,60,60,60,60,60,60,60,60,60,60,60,60,60,60,60,60,60,60,60,60,60,60,60,60,60,60,60,60,60,60,60,60,60,67,67,67,67,67,67,67,67],"card_choices":[{"not_picked":["Sucker Punch","Flying Knee"],"picked":"Deadly Poison","floor":1.0},{"not_picked":["Choke","Outmaneuver"],"picked":"Finisher","floor":2.0},{"not_picked":["Quick Slash","Escape Plan"],"picked":"Backflip","floor":3.0},{"not_picked":["All Out Attack","Infinite Blades"],"picked":"Crippling Poison","floor":7.0},{"not_picked":["Underhanded Strike","PiercingWail"],"picked":"Deadly Poison","floor":10.0},{"not_picked":["Bane","Eviscerate"],"picked":"Corpse Explosion","floor":11.0},{"not_picked":["Dagger Throw","Reflex"],"picked":"Catalyst","floor":14.0},{"not_picked":["Unload","Venomology"],"picked":"Die Die Die","floor":16.0},{"not_picked":["Flechettes","Deflect"],"picked":"Backflip","floor":18.0},{"not_picked":["Outmaneuver","Setup","Quick Slash"],"picked":"SKIP","floor":19.0},{"not_picked":["Bane","Terror"],"picked":"PiercingWail","floor":20.0},{"not_picked":["Sucker Punch","Acrobatics"],"picked":"Bouncing Flask","floor":22.0},{"not_picked":["Reflex","Flechettes"],"picked":"Calculated Gamble","floor":23.0},{"not_picked":["Dagger Throw","Deflect"],"picked":"Acrobatics","floor":25.0},{"not_picked":["Poisoned Stab+1","Slice","Heel Hook+1"],"picked":"SKIP","floor":25.0},{"not_picked":["Escape Plan","Dagger Spray+1"],"picked":"Cloak And Dagger","floor":27.0},{"not_picked":["Setup","Quick Slash"],"picked":"Dodge and Roll","floor":27.0},{"not_picked":["Deadly Poison","Deflect"],"picked":"Burst","floor":28.0},{"not_picked":["Poisoned Stab","Dodge and Roll","Bane"],"picked":"SKIP","floor":28.0},{"not_picked":["Skewer","Eviscerate"],"picked":"Backflip","floor":29.0},{"not_picked":["Bane","Backflip"],"picked":"Cloak And Dagger","floor":29.0},{"not_picked":["Crippling Poison","All Out Attack"],"picked":"Noxious Fumes+1","floor":31.0},{"not_picked":["Outmaneuver","Deadly Poison"],"picked":"Blur","floor":31.0},{"not_picked":["Wraith Form v2","Envenom"],"picked":"Night Terror","floor":33.0},{"not_picked":["Dodge and Roll","Endless Agony+1"],"picked":"Acrobatics","floor":35.0},{"not_picked":["Terror","Acrobatics","Quick Slash"],"picked":"SKIP","floor":35.0},{"not_picked":["Acrobatics","Accuracy"],"picked":"Cloak And Dagger+1","floor":36.0},{"not_picked":["Dodge and Roll","Sucker Punch","Terror+1"],"picked":"SKIP","floor":36.0},{"not_picked":["Underhanded Strike","Outmaneuver"],"picked":"Backflip","floor":38.0},{"not_picked":["Dagger Throw","Terror","Dagger Spray"],"picked":"SKIP","floor":38.0},{"not_picked":["Good Instincts","Panacea"],"picked":"Madness","floor":39.0},{"not_picked":["Die Die Die","Sucker Punch"],"picked":"Dash","floor":40},{"not_picked":["Poisoned Stab","Underhanded Strike+1"],"picked":"Acrobatics+1","floor":47},{"not_picked":["Eviscerate","Finisher"],"picked":"Backflip","floor":47},{"not_picked":["Poisoned Stab+1","Deadly Poison+1"],"picked":"Doppelganger","floor":48},{"not_picked":["Backstab","Slice"],"picked":"PiercingWail","floor":48}],"player_experience":752500,"relics_obtained":[{"floor":7.0,"key":"Ancient Tea Set"},{"floor":9.0,"key":"Smiling Mask"},{"floor":11.0,"key":"Vajra"},{"floor":23.0,"key":"Prayer Wheel"},{"floor":40,"key":"Art of War"},{"floor":43,"key":"Strawberry"}],"event_choices":[{"event_name":"Liars Game","player_choice":"disagreed","floor":5.0,"damage_taken":0.0},{"event_name":"Dead Adventurer","player_choice":"Searched \u00272\u0027 times","floor":12.0,"damage_taken":0.0},{"event_name":"Drug Dealer","player_choice":"Ignored","floor":21.0,"damage_taken":0.0},{"event_name":"SensoryStone","player_choice":"Memory 1","floor":39.0,"damage_taken":0.0},{"event_name":"Winding Halls","player_choice":"Writhe","floor":46,"damage_taken":0}],"boss_relics":[{"not_picked":["Orrery","Runic Dome"],"picked":"Cursed Key"},{"not_picked":["Empty Cage","Eternal Feather"],"picked":"Snecko Eye"}],"items_purged_floors":[37,42,44],"is_endless":false,"potions_floor_spawned":[2,3,7,10,18,20,23,28,29,33,35,36,48],"ascension_level":14}