{"gold_per_floor":[114,40,40,59,73,73,103,7,32,62,62,62,77,110,110,187,187,204,48,67,80,23,23,54,54,79,79,79,92,92,103,103,175,175,194,210,261,261,277,277,293,313,338,338,356,356,54,54,54,54],"floor_reached":50,"playtime":2024,"items_purged":["Strike_B","Strike_B"],"score":928,"play_id":"623e5805-025b-4084-88e3-07829f80d65c","local_time":"20181023223652","is_ascension_mode":true,"campfire_choices":[{"data":"Streamline","floor":6.0,"key":"SMITH"},{"data":"Zap","floor":11.0,"key":"SMITH"},{"floor":15.0,"key":"REST"},{"floor":23.0,"key":"REST"},{"data":"Go for the Eyes","floor":25.0,"key":"SMITH"},{"data":"Beam Cell","floor":27.0,"key":"SMITH"},{"data":"Electrodynamics","floor":30.0,"key":"SMITH"},{"data":"Capacitor","floor":32.0,"key":"SMITH"},{"floor":40.0,"key":"REST"},{"floor":44,"key":"REST"},{"floor":49,"key":"REST"}],"neow_cost":"NONE","seed_source_timestamp":51770067405260,"circlet_count":0,"master_deck":["Strike_B","Strike_B","Defend_B","Defend_B","Defend_B","Defend_B+1","Zap+1","Dualcast+1","AscendersBane","Ball Lightning","FTL","Streamline+1","BootSequence","Barrage+1","Cold Snap","Reinforced Body","Beam Cell+1","Electrodynamics+1","Glacier","Capacitor+1","Compile Driver+1","Go for the Eyes+1","Leap","Thunder Strike","Chill","Conserve Battery+1","Coolheaded","Cold Snap+1","White Noise+1","Glacier","Go for the Eyes+1"],"special_seed":0,"relics":["Cracked Core","Ancient Tea Set","Centennial Puzzle","War Paint","Lantern","Bronze Scales","Sozu","Calipers","Mango","Anchor","Inserter","Ginger","Whetstone","DollysMirror"],"potions_floor_usage":[],"damage_taken":[{"damage":4.0,"enemies":"Jaw Worm","floor":1.0,"turns":3.0},{"damage":9.0,"enemies":"2 Louse","floor":4.0,"turns":3.0},{"damage":0.0,"enemies":"Small Slimes","floor":5.0,"turns":3.0},{"damage":14.0,"enemies":"3 Sentries","floor":7.0,"turns":6.0},{"damage":19.0,"enemies":"Gremlin Nob","floor":10.0,"turns":4.0},{"damage":15.0,"enemies":"Exordium Thugs","floor":13.0,"turns":4.0},{"damage":8.0,"enemies":"3 Sentries","floor":14.0,"turns":5.0},{"damage":0.0,"enemies":"Slime Boss","floor":16.0,"turns":7.0},{"damage":16.0,"enemies":"Shell Parasite","floor":18.0,"turns":3.0},{"damage":0.0,"enemies":"3 Byrds","floor":20.0,"turns":3.0},{"damage":18.0,"enemies":"Sentry and Sphere","floor":21.0,"turns":5.0},{"damage":32.0,"enemies":"Slavers","floor":24.0,"turns":5.0},{"damage":0.0,"enemies":"Centurion and Healer","floor":29.0,"turns":6.0},{"damage":8.0,"enemies":"Snecko","floor":31.0,"turns":6.0},{"damage":42.0,"enemies":"Collector","floor":33.0,"turns":12.0},{"damage":0.0,"enemies":"Orb Walker","floor":35.0,"turns":3.0},{"damage":4.0,"enemies":"3 Shapes","floor":36.0,"turns":5.0},{"damage":34.0,"enemies":"2 Orb Walkers","floor":37.0,"turns":8.0},{"damage":4.0,"enemies":"Sphere and 2 Shapes","floor":39.0,"turns":4.0},{"damage":29,"enemies":"Jaw Worm Horde","floor":41,"turns":3},{"damage":13,"enemies":"3 Darklings","floor":42,"turns":4},{"damage":0,"enemies":"4 Shapes","floor":45,"turns":8},{"damage":77,"enemies":"Time Eater","floor":50,"turns":16}],"seed_played":"-3966982279513728250","potions_obtained":[{"floor":0.0,"key":"Explosive Potion"},{"floor":0.0,"key":"Energy Potion"},{"floor":5.0,"key":"AttackPotion"},{"floor":13.0,"key":"FearPotion"},{"floor":16.0,"key":"Regen Potion"}],"is_trial":false,"path_per_floor":["M","$","?","M","M","R","E","$","T","E","R","?","M","E","R","B",null,"M","$","M","M","?","R","E","R","T","R","?","M","R","M","R","B",null,"M","M","?","?","M","R","M","M","T","R","M","?","$","?","R"],"character_chosen":"DEFECT","items_purchased":["FTL","Cold Snap","Regen Potion","Capacitor","DollysMirror"],"campfire_rested":5,"item_purchase_floors":[2,8,8,19,47],"current_hp_per_floor":[60,60,60,51,51,51,37,37,37,30,30,30,15,7,28,28,60,44,44,44,26,26,47,43,43,43,43,60,60,60,52,52,10,66,66,62,28,28,24,49,20,7,7,32,32,32,32,32,57,0],"gold":54,"neow_bonus":"THREE_SMALL_POTIONS","is_prod":false,"is_daily":false,"chose_seed":false,"campfire_upgraded":6,"win_rate":0,"timestamp":1540359412,"path_taken":["M","$","?","?","M","R","E","$","T","E","R","?","M","E","R","BOSS","M","$","M","M","?","R","E","R","T","R","?","M","R","M","R","BOSS","M","M","?","?","M","R","?","M","T","R","M","?","$","?","R","BOSS"],"build_version":"2018-10-18","purchased_purges":2,"victory":false,"max_hp_per_floor":[71,71,71,71,71,71,71,71,71,71,71,71,71,71,71,71,71,71,71,71,71,71,71,85,85,85,85,85,85,85,85,85,85,85,85,85,85,85,85,85,85,85,85,85,85,85,85,85,85,85],"card_choices":[{"not_picked":["Cold Snap","Gash"],"picked":"Ball Lightning","floor":1.0},{"not_picked":["Heatsinks","Coolheaded"],"picked":"Streamline","floor":4.0},{"not_picked":["Hello World","Gash"],"picked":"BootSequence","floor":5.0},{"not_picked":["Doom and Gloom","Redo"],"picked":"Barrage","floor":7.0},{"not_picked":["Thunder Strike","Auto Shields"],"picked":"Reinforced Body","floor":10.0},{"not_picked":["Leap","Turbo"],"picked":"Beam Cell","floor":13.0},{"not_picked":["Streamline","Rip and Tear","Darkness"],"picked":"SKIP","floor":14.0},{"not_picked":["Echo Form","Biased Cognition"],"picked":"Electrodynamics","floor":16.0},{"not_picked":["Consume","Steam Power"],"picked":"Glacier","floor":18.0},{"not_picked":["Reinforced Body","Barrage"],"picked":"Compile Driver+1","floor":20.0},{"not_picked":["Ball Lightning","Coolheaded"],"picked":"Go for the Eyes","floor":21.0},{"not_picked":["Redo","Steam Power+1"],"picked":"Leap","floor":24.0},{"not_picked":["Machine Learning","Doom and Gloom+1","Lockon"],"picked":"SKIP","floor":29.0},{"not_picked":["Steam","Barrage","Go for the Eyes"],"picked":"SKIP","floor":31.0},{"not_picked":["Reboot","Rainbow"],"picked":"Thunder Strike","floor":33.0},{"not_picked":["Redo+1","Genetic Algorithm"],"picked":"Chill","floor":35.0},{"not_picked":["Scrape","Conserve Battery","Static Discharge+1"],"picked":"SKIP","floor":36.0},{"not_picked":["Doom and Gloom","Double Energy"],"picked":"Conserve Battery+1","floor":39.0},{"not_picked":["Beam Cell+1","Compile Driver"],"picked":"Coolheaded","floor":41},{"not_picked":["Sweeping Beam","Tempest"],"picked":"Cold Snap","floor":42},{"not_picked":["Steam+1","Sweeping Beam"],"picked":"White Noise+1","floor":45}],"player_experience":1441861,"relics_obtained":[{"floor":7.0,"key":"Ancient Tea Set"},{"floor":9.0,"key":"Centennial Puzzle"},{"floor":10.0,"key":"War Paint"},{"floor":14.0,"key":"Bronze Scales"},{"floor":24.0,"key":"Mango"},{"floor":26.0,"key":"Anchor"},{"floor":37.0,"key":"Ginger"},{"floor":43,"key":"Whetstone"}],"event_choices":[{"damage_healed":0.0,"max_hp_gain":0.0,"max_hp_loss":0.0,"gold_gain":0.0,"event_name":"Golden Wing","player_choice":"Ignored","floor":3.0,"gold_loss":0.0,"damage_taken":0.0},{"damage_healed":0.0,"max_hp_gain":0.0,"max_hp_loss":0.0,"gold_gain":0.0,"event_name":"Dead Adventurer","player_choice":"Searched \u00272\u0027 times","floor":12.0,"gold_loss":0.0,"damage_taken":0.0,"relics_obtained":["Lantern"]},{"damage_healed":0.0,"max_hp_gain":0.0,"max_hp_loss":0.0,"gold_gain":0.0,"event_name":"WeMeetAgain","player_choice":"Paid Gold","floor":22.0,"gold_loss":57.0,"damage_taken":0.0,"relics_obtained":["Calipers"]},{"damage_healed":17.0,"max_hp_gain":0.0,"max_hp_loss":0.0,"gold_gain":0.0,"event_name":"The Library","player_choice":"Heal","floor":28.0,"gold_loss":0.0,"damage_taken":0.0},{"damage_healed":0.0,"max_hp_gain":0.0,"max_hp_loss":0.0,"gold_gain":0.0,"event_name":"Mysterious Sphere","player_choice":"Fight","floor":37.0,"gold_loss":0.0,"damage_taken":0.0},{"damage_healed":0.0,"max_hp_gain":0.0,"max_hp_loss":0.0,"gold_gain":0.0,"event_name":"The Moai Head","player_choice":"Ignored","floor":38.0,"gold_loss":0.0,"damage_taken":0.0},{"damage_healed":0,"gold_gain":0,"player_choice":"Ignored","damage_taken":0,"max_hp_gain":0,"max_hp_loss":0,"event_name":"Tomb of Lord Red Mask","floor":46,"gold_loss":0},{"damage_healed":0,"gold_gain":0,"player_choice":"Copied","damage_taken":0,"max_hp_gain":0,"max_hp_loss":0,"event_name":"Duplicator","floor":48,"gold_loss":0,"cards_obtained":["Go for the Eyes"]}],"is_beta":false,"boss_relics":[{"not_picked":["Snecko Eye","Philosopher\u0027s Stone"],"picked":"Sozu"},{"not_picked":["Busted Crown","Fusion Hammer"],"picked":"Inserter"}],"items_purged_floors":[19,47],"is_endless":false,"potions_floor_spawned":[1,5,13,16,20,24,31,37,39,41,45],"killed_by":"Time Eater","ascension_level":15}