{"gold_per_floor":[114,64,79,94,94,124,124,139,214,214,229,259,274,289,289,389,389,416,443,80,95,110,110,140,155,180,180,195,210,240,255,255,355,355,370,370,120,135,135,135,29,59,59,59,59,89,104,119,119,119],"floor_reached":51,"playtime":2376,"items_purged":["Pain"],"score":913,"play_id":"07ef3206-e5c2-4163-b437-c75c48a88705","local_time":"25620216193449","daily_mods":["SealedDeck","ControlledChaos","Terminal"],"is_ascension_mode":false,"campfire_choices":[{"data":"Shockwave","floor":7.0,"key":"SMITH"},{"data":"Juggernaut","floor":10.0,"key":"SMITH"},{"data":"Infernal Blade","floor":15.0,"key":"SMITH"},{"data":"Barricade","floor":23.0,"key":"SMITH"},{"data":"True Grit","floor":27.0,"key":"SMITH"},{"data":"Metallicize","floor":32.0,"key":"SMITH"},{"data":"Dark Embrace","floor":40.0,"key":"SMITH"},{"data":"Corruption","floor":49,"key":"SMITH"}],"neow_cost":"","seed_source_timestamp":0,"circlet_count":0,"master_deck":["Warcry","Armaments+1","True Grit+1","Anger+1","Inflame","Anger","Anger","Shockwave+1","Shrug It Off","Perfected Strike+1","Juggernaut+1","Intimidate","Infernal Blade+1","Havoc+1","Inflame","Barricade+1","Injury","Parasite","Metallicize+1","Metallicize+1","Seeing Red+1","Sentinel+1","Metallicize+1","Pommel Strike+1","Metallicize","Corruption+1","Dark Embrace+1","Feel No Pain+1","Magnetism","Sadistic Nature","Chrysalis","Rage","Inflame","Disarm+1","Shame","Body Slam"],"special_seed":17943,"relics":["Burning Blood","Frozen Eye","Sundial","Question Card","Pantograph","Paper Frog","Calling Bell","MawBank","Letter Opener","Bird Faced Urn","War Paint","Oddly Smooth Stone","Whetstone","Lantern","Cursed Key","Dodecahedron","Dead Branch","Ornamental Fan","Smiling Mask"],"potions_floor_usage":[48,50,50],"damage_taken":[{"damage":0.0,"enemies":"2 Louse","floor":1.0,"turns":3.0},{"damage":0.0,"enemies":"Jaw Worm","floor":3.0,"turns":3.0},{"damage":0.0,"enemies":"Cultist","floor":4.0,"turns":4.0},{"damage":0.0,"enemies":"3 Sentries","floor":6.0,"turns":5.0},{"damage":0.0,"enemies":"3 Louse","floor":8.0,"turns":4.0},{"damage":4.0,"enemies":"Exordium Thugs","floor":11.0,"turns":4.0},{"damage":6.0,"enemies":"Gremlin Nob","floor":12.0,"turns":3.0},{"damage":5.0,"enemies":"Large Slime","floor":13.0,"turns":5.0},{"damage":0.0,"enemies":"2 Fungi Beasts","floor":14.0,"turns":2.0},{"damage":10.0,"enemies":"The Guardian","floor":16.0,"turns":6.0},{"damage":2.0,"enemies":"3 Byrds","floor":18.0,"turns":4.0},{"damage":3.0,"enemies":"Chosen","floor":19.0,"turns":4.0},{"damage":12.0,"enemies":"Snake Plant","floor":21.0,"turns":4.0},{"damage":0.0,"enemies":"Centurion and Healer","floor":22.0,"turns":4.0},{"damage":9.0,"enemies":"Gremlin Leader","floor":24.0,"turns":6.0},{"damage":2.0,"enemies":"3 Cultists","floor":25.0,"turns":5.0},{"damage":2.0,"enemies":"Snecko","floor":28.0,"turns":5.0},{"damage":6.0,"enemies":"Snake Plant","floor":29.0,"turns":4.0},{"damage":4.0,"enemies":"Slavers","floor":30.0,"turns":5.0},{"damage":1.0,"enemies":"Chosen and Byrds","floor":31.0,"turns":4.0},{"damage":1.0,"enemies":"Champ","floor":33.0,"turns":11.0},{"damage":26.0,"enemies":"3 Darklings","floor":35.0,"turns":6.0},{"damage":0.0,"enemies":"Orb Walker","floor":38.0,"turns":3.0},{"damage":37.0,"enemies":"Reptomancer","floor":42.0,"turns":8.0},{"damage":5,"enemies":"Giant Head","floor":46,"turns":5},{"damage":8,"enemies":"Spire Growth","floor":47,"turns":4},{"damage":22,"enemies":"Writhing Mass","floor":48,"turns":6},{"damage":8,"enemies":"Time Eater","floor":50,"turns":11}],"seed_played":"2911605258430901299","potions_obtained":[{"floor":3.0,"key":"SpeedPotion"},{"floor":11.0,"key":"Weak Potion"},{"floor":12.0,"key":"Fire Potion"},{"floor":14.0,"key":"Block Potion"},{"floor":16.0,"key":"Swift Potion"},{"floor":25.0,"key":"Regen Potion"},{"floor":29.0,"key":"Strength Potion"},{"floor":30.0,"key":"SpeedPotion"},{"floor":31.0,"key":"FairyPotion"},{"floor":47,"key":"SkillPotion"},{"floor":48,"key":"Energy Potion"}],"is_trial":false,"path_per_floor":["M","?","M","M","?","E","R","M","T","R","M","E","M","M","R","B",null,"M","M","$","M","M","R","E","M","T","R","M","M","E","M","R","B",null,"M","?","$","M","?","R","$","E","T","$","?","E","M","M","R","B",null],"character_chosen":"IRONCLAD","items_purchased":["War Paint","LiquidBronze","LiquidBronze","Dodecahedron","Rage","Inflame"],"campfire_rested":0,"item_purchase_floors":[20,20,20,37,41,41],"current_hp_per_floor":[78,77,76,75,74,73,72,71,70,69,68,67,66,65,64,60,62,61,60,59,58,57,56,55,54,53,52,51,50,49,48,47,46,45,38,43,42,41,31,31,31,34,34,34,34,33,32,23,23,29],"gold":119,"neow_bonus":"","is_prod":false,"is_daily":true,"chose_seed":false,"campfire_upgraded":8,"win_rate":0,"timestamp":1550320489,"path_taken":["M","?","M","M","?","E","R","M","T","R","M","E","M","M","R","BOSS","M","M","$","M","M","R","E","M","T","R","?","M","E","M","R","BOSS","M","?","?","M","?","R","$","E","T","$","?","E","M","M","R","BOSS"],"build_version":"2019-01-23","purchased_purges":1,"victory":true,"max_hp_per_floor":[78,77,76,75,74,73,72,71,70,69,68,67,66,65,64,63,62,61,60,59,58,57,56,55,54,53,52,51,50,49,48,47,46,45,44,43,42,41,40,39,38,37,36,35,34,33,32,31,30,29],"card_choices":[{"not_picked":["Wild Strike","Cleave"],"picked":"Shrug It Off","floor":1.0},{"not_picked":["Shockwave","Searing Blow","Twin Strike"],"picked":"SKIP","floor":3.0},{"not_picked":["Body Slam","Power Through","Headbutt"],"picked":"SKIP","floor":4.0},{"not_picked":["Iron Wave","Clash"],"picked":"Perfected Strike","floor":6.0},{"not_picked":["Battle Trance","Body Slam","Flex"],"picked":"Juggernaut","floor":8.0},{"not_picked":["Sword Boomerang","Twin Strike","Cleave"],"picked":"Intimidate","floor":11.0},{"not_picked":["Bloodletting","Entrench","Wild Strike"],"picked":"Infernal Blade","floor":12.0},{"not_picked":["Armaments","Wild Strike","Sword Boomerang"],"picked":"Havoc","floor":13.0},{"not_picked":["Thunderclap","Carnage","Clash"],"picked":"Inflame","floor":14.0},{"not_picked":["Bludgeon","Berserk","Feed"],"picked":"Barricade","floor":16.0},{"not_picked":["Pommel Strike","Headbutt","Evolve","Havoc"],"picked":"SKIP","floor":18.0},{"not_picked":["Carnage","Heavy Blade","Warcry"],"picked":"Metallicize+1","floor":19.0},{"not_picked":["Anger","Heavy Blade+1","Clothesline+1"],"picked":"Metallicize+1","floor":21.0},{"not_picked":["Anger","Havoc","Shrug It Off"],"picked":"Seeing Red+1","floor":22.0},{"not_picked":["Body Slam","Rupture+1","Havoc"],"picked":"Sentinel+1","floor":24.0},{"not_picked":["Cleave","True Grit","Clothesline+1","Twin Strike"],"picked":"SKIP","floor":25.0},{"not_picked":["Blood for Blood","Clash","Cleave"],"picked":"Metallicize","floor":28.0},{"not_picked":["Brutality","Evolve","Twin Strike"],"picked":"Pommel Strike+1","floor":29.0},{"not_picked":["Evolve","Twin Strike","Pommel Strike"],"picked":"Metallicize","floor":30.0},{"not_picked":["Armaments","Disarm+1","Pommel Strike"],"picked":"Corruption","floor":31.0},{"not_picked":["Offering","Fiend Fire","Juggernaut"],"picked":"Dark Embrace","floor":33.0},{"not_picked":["Pommel Strike+1","Perfected Strike","Body Slam","Reckless Charge"],"picked":"SKIP","floor":35.0},{"not_picked":["Havoc","Armaments","Flex+1"],"picked":"Feel No Pain+1","floor":38.0},{"not_picked":["Mind Blast","Blind","Enlightenment"],"picked":"Magnetism","floor":39.0},{"not_picked":["Apotheosis","Magnetism","Dramatic Entrance"],"picked":"Sadistic Nature","floor":39.0},{"not_picked":["Transmutation","Purity","Madness"],"picked":"Chrysalis","floor":39.0},{"not_picked":["Reckless Charge","Havoc","Iron Wave+1"],"picked":"Disarm+1","floor":42.0},{"not_picked":["True Grit","Thunderclap+1","Combust"],"picked":"Body Slam","floor":46},{"not_picked":["Heavy Blade+1","Carnage","Flex","True Grit"],"picked":"SKIP","floor":47},{"not_picked":["Armaments+1","Headbutt","Clothesline+1","Anger+1"],"picked":"SKIP","floor":48}],"player_experience":248567,"relics_obtained":[{"floor":6.0,"key":"Question Card"},{"floor":9.0,"key":"Pantograph"},{"floor":12.0,"key":"Paper Frog"},{"floor":17.0,"key":"MawBank"},{"floor":17.0,"key":"Letter Opener"},{"floor":17.0,"key":"Bird Faced Urn"},{"floor":24.0,"key":"Oddly Smooth Stone"},{"floor":26.0,"key":"Whetstone"},{"floor":30.0,"key":"Lantern"},{"floor":42.0,"key":"Dead Branch"},{"floor":43.0,"key":"Ornamental Fan"},{"floor":46,"key":"Smiling Mask"}],"event_choices":[{"cards_removed":["Havoc"],"damage_healed":0.0,"max_hp_gain":0.0,"max_hp_loss":0.0,"gold_gain":0.0,"event_name":"The Cleric","player_choice":"Card Removal","floor":2.0,"gold_loss":50.0,"damage_taken":0.0},{"cards_removed":["True Grit"],"damage_healed":0.0,"max_hp_gain":0.0,"max_hp_loss":0.0,"gold_gain":0.0,"event_name":"WeMeetAgain","player_choice":"Gave Card","floor":5.0,"gold_loss":0.0,"damage_taken":0.0,"relics_obtained":["Sundial"]},{"damage_healed":6.0,"max_hp_gain":0.0,"max_hp_loss":0.0,"gold_gain":0.0,"event_name":"Wheel of Change","player_choice":"Full Heal","floor":36.0,"gold_loss":0.0,"damage_taken":0.0},{"damage_healed":0.0,"max_hp_gain":0.0,"max_hp_loss":0.0,"gold_gain":0.0,"event_name":"SensoryStone","player_choice":"Memory 3","floor":39.0,"gold_loss":0.0,"damage_taken":10.0},{"damage_healed":0,"gold_gain":0,"player_choice":"Ignored","damage_taken":0,"max_hp_gain":0,"max_hp_loss":0,"event_name":"Mysterious Sphere","floor":45,"gold_loss":0}],"is_beta":false,"boss_relics":[{"not_picked":["Velvet Choker","Lizard Tail"],"picked":"Calling Bell"},{"not_picked":["Tiny House","Black Star"],"picked":"Cursed Key"}],"items_purged_floors":[20],"is_endless":false,"potions_floor_spawned":[3,11,12,14,16,22,25,29,30,31,38,47,48],"ascension_level":0}