{"gold_per_floor":[109,121,132,104,104,133,133,160,160,223,286,314,314,294,294,371,371,390,71,90,180,198,198,208,208,208,208,236,255,281,294,294,372,372,386,153,43,43,59,59,94,111,111,141,141,171,188,223,223,223,223],"floor_reached":52,"playtime":2040,"items_purged":["Cleave"],"score":2122,"play_id":"4556855b-b3b1-43fb-a87c-a0d0aed159f3","local_time":"20181022140325","daily_mods":["SealedDeck","Elite Swarm"],"is_ascension_mode":true,"campfire_choices":[{"data":"Inflame","floor":13,"key":"SMITH"},{"data":"Limit Break","floor":15,"key":"SMITH"},{"data":"1","floor":23,"key":"LIFT"},{"data":"2","floor":25,"key":"LIFT"},{"data":"3","floor":27,"key":"LIFT"},{"data":"Exhume","floor":32,"key":"SMITH"},{"floor":40,"key":"REST"},{"floor":49,"key":"REST"}],"neow_cost":"","seed_source_timestamp":0,"circlet_count":0,"master_deck":["AscendersBane","Sword Boomerang","Feel No Pain+1","Shockwave","Pommel Strike","Inflame+1","Shrug It Off+1","Anger","Uppercut","Pummel","Armaments+1","Feed","Offering","Limit Break+1","Reaper","Impervious","Exhume+1","True Grit+1","Spot Weakness+1","Finesse+1","Limit Break+1","Shrug It Off+1"],"relics":["Burning Blood","Ornamental Fan","Blue Candle","War Paint","Gremlin Horn","Tiny Chest","StoneCalendar","Dream Catcher","Mark of Pain","Girya","Frozen Egg 2","Pantograph","Oddly Smooth Stone","Fusion Hammer","Regal Pillow","The Courier","Bottled Flame","Toxic Egg 2","Magic Flower","Du-Vu Doll"],"potions_floor_usage":[10,14,24,41,51],"damage_taken":[{"damage":0,"enemies":"2 Louse","floor":1,"turns":2},{"damage":0,"enemies":"Small Slimes","floor":2,"turns":3},{"damage":9,"enemies":"Jaw Worm","floor":3,"turns":3},{"damage":17,"enemies":"Lagavulin","floor":6,"turns":6},{"damage":1,"enemies":"Gremlin Nob","floor":8,"turns":3},{"damage":11,"enemies":"3 Sentries","floor":10,"turns":4},{"damage":6,"enemies":"3 Sentries","floor":11,"turns":4},{"damage":8,"enemies":"Gremlin Nob","floor":12,"turns":3},{"damage":36,"enemies":"The Guardian","floor":16,"turns":8},{"damage":7,"enemies":"Shell Parasite","floor":18,"turns":4},{"damage":32,"enemies":"Chosen","floor":20,"turns":7},{"damage":29,"enemies":"Snake Plant","floor":22,"turns":4},{"damage":15,"enemies":"Cultist and Chosen","floor":24,"turns":4},{"damage":19,"enemies":"Gremlin Leader","floor":28,"turns":4},{"damage":0,"enemies":"Sentry and Sphere","floor":29,"turns":3},{"damage":7,"enemies":"Slavers","floor":30,"turns":4},{"damage":0,"enemies":"Snecko","floor":31,"turns":2},{"damage":22,"enemies":"Champ","floor":33,"turns":4},{"damage":6,"enemies":"Orb Walker","floor":35,"turns":3},{"damage":15,"enemies":"3 Darklings","floor":39,"turns":2},{"damage":17,"enemies":"Reptomancer","floor":41,"turns":6},{"damage":17,"enemies":"Writhing Mass","floor":42,"turns":4},{"damage":54,"enemies":"Nemesis","floor":44,"turns":3},{"damage":24,"enemies":"Giant Head","floor":46,"turns":6},{"damage":6,"enemies":"Maw","floor":47,"turns":5},{"damage":9,"enemies":"Nemesis","floor":48,"turns":3},{"damage":26,"enemies":"Awakened One","floor":50,"turns":5},{"damage":18,"enemies":"Donu and Deca","floor":51,"turns":4}],"seed_played":"-811044594098537534","potions_obtained":[{"floor":1,"key":"Regen Potion"},{"floor":3,"key":"Swift Potion"},{"floor":11,"key":"Strength Potion"},{"floor":14,"key":"Fruit Juice"},{"floor":16,"key":"BloodPotion"},{"floor":28,"key":"Regen Potion"},{"floor":41,"key":"Ancient Potion"},{"floor":46,"key":"PowerPotion"}],"is_trial":true,"path_per_floor":["M","M","M","$","?","E","?","E","T","E","?","E","R","?","R","B",null,"M","$","M","?","M","R","M","R","T","R","E","M","E","M","R","B",null,"M","$","?","$","M","R","E","M","T","E","?","E","M","E","R","B","B"],"character_chosen":"IRONCLAD","items_purchased":["Armaments","Girya","Regal Pillow"],"campfire_rested":2,"item_purchase_floors":[4,19,36],"current_hp_per_floor":[74,75,72,72,72,61,43,51,51,61,64,62,62,67,67,53,80,85,85,59,43,35,35,53,53,53,53,76,82,81,90,90,83,95,99,99,99,99,94,107,105,112,112,95,95,90,114,114,114,109,122],"gold":223,"neow_bonus":"","is_prod":false,"is_daily":false,"chose_seed":false,"campfire_upgraded":3,"win_rate":0,"timestamp":1540242205,"path_taken":["M","M","M","$","?","E","?","E","T","E","?","E","R","?","R","BOSS","M","$","M","?","M","R","M","R","T","R","E","M","E","M","R","BOSS","M","$","?","?","M","R","E","?","T","E","?","E","?","E","R","BOSS","BOSS"],"build_version":"2018-10-18","purchased_purges":1,"victory":true,"max_hp_per_floor":[75,75,75,75,75,75,75,78,78,81,84,84,84,89,89,89,89,89,89,89,89,89,89,89,89,89,89,92,92,92,95,95,99,99,103,103,103,103,107,107,111,114,114,114,114,114,114,114,114,122,122],"card_choices":[{"not_picked":["Rampage","Second Wind"],"picked":"Pummel","floor":1},{"not_picked":["Anger","Sword Boomerang","Inflame"],"picked":"SKIP","floor":2},{"not_picked":["Havoc","Pommel Strike","Iron Wave"],"picked":"SKIP","floor":3},{"not_picked":["Limit Break","Bludgeon"],"picked":"Feed","floor":6},{"not_picked":["Berserk","Demon Form"],"picked":"Offering","floor":8},{"not_picked":["Juggernaut","Double Tap"],"picked":"Limit Break","floor":10},{"not_picked":["Immolate","Barricade"],"picked":"Reaper","floor":12},{"not_picked":["Exhume","Berserk"],"picked":"Impervious","floor":16},{"not_picked":["Ghostly Armor+1","Metallicize","Fire Breathing"],"picked":"SKIP","floor":18},{"not_picked":["Twin Strike","Heavy Blade","Clothesline+1"],"picked":"SKIP","floor":20},{"not_picked":["Clash+1","Wild Strike","Sentinel"],"picked":"SKIP","floor":22},{"not_picked":["Metallicize","Power Through","Flex"],"picked":"SKIP","floor":24},{"not_picked":["Limit Break","Double Tap","Bludgeon"],"picked":"SKIP","floor":28},{"not_picked":["Metallicize+1","Anger","Armaments"],"picked":"SKIP","floor":29},{"not_picked":["Limit Break","Juggernaut+1"],"picked":"Exhume","floor":30},{"not_picked":["Havoc","Cleave","Entrench+1"],"picked":"SKIP","floor":31},{"not_picked":["Body Slam","Searing Blow+1","Sword Boomerang"],"picked":"SKIP","floor":35},{"not_picked":["Hemokinesis","Iron Wave","Body Slam"],"picked":"SKIP","floor":39},{"not_picked":["Thunderclap","Clothesline"],"picked":"True Grit+1","floor":40},{"not_picked":["Demon Form+1","Barricade+1","Double Tap"],"picked":"SKIP","floor":41},{"not_picked":["Shrug It Off","Perfected Strike"],"picked":"Spot Weakness+1","floor":42},{"not_picked":["Offering","Dark Embrace+1","Barricade+1"],"picked":"SKIP","floor":44},{"not_picked":["Master of Strategy+1","The Bomb+1"],"picked":"Finesse+1","floor":45},{"not_picked":["Exhume+1","Impervious+1"],"picked":"Limit Break+1","floor":46},{"not_picked":["Headbutt","Ghostly Armor+1","Body Slam+1"],"picked":"SKIP","floor":47},{"not_picked":["Limit Break+1","Brutality+1","Juggernaut+1"],"picked":"SKIP","floor":48},{"not_picked":["Sword Boomerang+1","Evolve+1"],"picked":"Shrug It Off+1","floor":49}],"player_experience":1422302,"relics_obtained":[{"floor":6,"key":"Ornamental Fan"},{"floor":8,"key":"War Paint"},{"floor":9,"key":"Gremlin Horn"},{"floor":10,"key":"Tiny Chest"},{"floor":11,"key":"StoneCalendar"},{"floor":12,"key":"Dream Catcher"},{"floor":26,"key":"Frozen Egg 2"},{"floor":28,"key":"Pantograph"},{"floor":30,"key":"Oddly Smooth Stone"},{"floor":41,"key":"The Courier"},{"floor":43,"key":"Bottled Flame"},{"floor":44,"key":"Toxic Egg 2"},{"floor":46,"key":"Magic Flower"},{"floor":48,"key":"Du-Vu Doll"}],"event_choices":[{"damage_healed":0,"gold_gain":0,"player_choice":"Leave","damage_taken":0,"max_hp_gain":0,"max_hp_loss":0,"event_name":"The Cleric","floor":5,"gold_loss":0},{"damage_healed":0,"gold_gain":0,"player_choice":"Success","damage_taken":18,"relics_obtained":["Blue Candle"],"max_hp_gain":0,"max_hp_loss":0,"event_name":"Scrap Ooze","floor":7,"gold_loss":0},{"damage_healed":0,"gold_gain":0,"player_choice":"Searched \u00271\u0027 times","damage_taken":0,"max_hp_gain":0,"max_hp_loss":0,"event_name":"Dead Adventurer","floor":11,"gold_loss":0},{"damage_healed":0,"gold_gain":0,"player_choice":"Bought 1 Potion","damage_taken":0,"max_hp_gain":0,"max_hp_loss":0,"event_name":"The Woman in Blue","floor":14,"gold_loss":0},{"damage_healed":0,"gold_gain":90,"player_choice":"GOLD ","damage_taken":16,"max_hp_gain":0,"max_hp_loss":0,"event_name":"Knowing Skull","floor":21,"potions_obtained":[],"gold_loss":0,"cards_obtained":[]},{"cards_removed":["Iron Wave"],"damage_healed":0,"gold_gain":0,"player_choice":"Upgrade and Remove","damage_taken":0,"max_hp_gain":0,"max_hp_loss":0,"event_name":"Designer","floor":37,"gold_loss":110,"cards_upgraded":["Feel No Pain"]},{"damage_healed":0,"gold_gain":0,"player_choice":"Memory 1","damage_taken":0,"max_hp_gain":0,"max_hp_loss":0,"event_name":"SensoryStone","floor":45,"gold_loss":0}],"is_beta":false,"boss_relics":[{"not_picked":["Ectoplasm","Pandora\u0027s Box"],"picked":"Mark of Pain"},{"not_picked":["Astrolabe","Runic Pyramid"],"picked":"Fusion Hammer"}],"items_purged_floors":[36],"is_endless":false,"potions_floor_spawned":[1,3,8,11,16,20,28,29,31,41,46,48],"ascension_level":20}