{"gold_per_floor":[110,110,125,50,68,68,86,119,119,131,155,177,189,276,288,372,384,415,477,404,416,86,86,118,133,133,26,26,26],"floor_reached":29,"playtime":723,"items_purged":["Pain","Writhe","Strike_B"],"score":434,"play_id":"583bc01a-5d77-4db3-a8ed-aaa93b20593d","local_time":"25620325004448","is_ascension_mode":true,"campfire_choices":[{"data":"Sweeping Beam","floor":6.0,"key":"SMITH"},{"data":"Creative AI","floor":15.0,"key":"SMITH"},{"data":"Buffer","floor":23.0,"key":"SMITH"},{"floor":28,"key":"REST"}],"neow_cost":"NONE","seed_source_timestamp":0,"circlet_count":0,"master_deck":["AscendersBane","Strike_B","Strike_B","Strike_B","Defend_B","Defend_B","Defend_B","Defend_B","Zap","Dualcast","Beam Cell","Sweeping Beam+1","Creative AI+1","Doom and Gloom","Go for the Eyes","Gash","Reinforced Body","Fission","Defragment","Buffer+1","Gash","Defragment","Chill"],"special_seed":0,"relics":["Cracked Core","NeowsBlessing","WarpedTongs","Smiling Mask","MawBank","Nuclear Battery","Ornamental Fan","Bag of Marbles","Vajra","Lantern","Bag of Preparation"],"potions_floor_usage":[24,24,29,29],"damage_taken":[{"damage":0.0,"enemies":"Small Slimes","floor":1.0,"turns":1.0},{"damage":0.0,"enemies":"Cultist","floor":3.0,"turns":1.0},{"damage":0.0,"enemies":"2 Louse","floor":5.0,"turns":1.0},{"damage":1.0,"enemies":"2 Fungi Beasts","floor":7.0,"turns":2.0},{"damage":35.0,"enemies":"Gremlin Nob","floor":8.0,"turns":4.0},{"damage":7.0,"enemies":"Large Slime","floor":11.0,"turns":4.0},{"damage":3.0,"enemies":"Blue Slaver","floor":12.0,"turns":5.0},{"damage":20.0,"enemies":"Hexaghost","floor":16.0,"turns":7.0},{"damage":12.0,"enemies":"Chosen","floor":18.0,"turns":7.0},{"damage":10,"enemies":"Gremlin Leader","floor":24,"turns":6},{"damage":33,"enemies":"Shell Parasite","floor":25,"turns":8},{"damage":39,"enemies":"Book of Stabbing","floor":29,"turns":6}],"seed_played":"-4510752965140900502","potions_obtained":[{"floor":3.0,"key":"GamblersBrew"},{"floor":8.0,"key":"Strength Potion"},{"floor":12.0,"key":"PowerPotion"},{"floor":16.0,"key":"LiquidBronze"},{"floor":18.0,"key":"Fire Potion"},{"floor":25,"key":"Regen Potion"}],"is_trial":false,"path_per_floor":["M","?","M","$","M","R","M","E","T","$","M","M","?","?","R","B",null,"M","?","?","?","$","R","E","M","T","$","R","E"],"character_chosen":"DEFECT","items_purchased":["Vajra","Buffer","Gash","Block Potion"],"campfire_rested":1,"item_purchase_floors":[22,22,22,27],"current_hp_per_floor":[64,64,64,64,64,64,63,28,28,28,21,18,41,30,30,10,56,44,44,44,44,44,44,34,1,1,1,22,0],"gold":26,"neow_bonus":"THREE_ENEMY_KILL","is_prod":false,"is_daily":false,"chose_seed":false,"campfire_upgraded":3,"win_rate":0,"timestamp":1553449488,"path_taken":["M","?","M","$","?","R","M","E","T","$","?","M","?","?","R","BOSS","M","?","?","?","?","R","E","M","T","$","R","E"],"build_version":"2019-01-23","purchased_purges":3,"victory":false,"max_hp_per_floor":[71,71,71,71,71,71,71,71,71,71,71,71,71,71,71,71,71,71,71,71,71,71,71,71,71,71,71,71,71],"card_choices":[{"not_picked":["Hologram","Stack"],"picked":"Beam Cell","floor":1.0},{"not_picked":["Redo","Beam Cell"],"picked":"Sweeping Beam","floor":3.0},{"not_picked":["Self Repair","Melter"],"picked":"Creative AI","floor":5.0},{"not_picked":["Streamline","Conserve Battery"],"picked":"Doom and Gloom","floor":7.0},{"not_picked":["Blizzard","Self Repair"],"picked":"Go for the Eyes","floor":8.0},{"not_picked":["Cold Snap","Beam Cell"],"picked":"Gash","floor":11.0},{"not_picked":["Rebound","Sweeping Beam"],"picked":"Reinforced Body","floor":12.0},{"not_picked":["Biased Cognition","Hyperbeam"],"picked":"Fission","floor":16.0},{"not_picked":["Tempest","Reinforced Body"],"picked":"Defragment","floor":18.0},{"not_picked":["Hologram","Sweeping Beam"],"picked":"Defragment","floor":24},{"not_picked":["Ball Lightning","Barrage"],"picked":"Chill","floor":25}],"player_experience":335936,"relics_obtained":[{"floor":8.0,"key":"Smiling Mask"},{"floor":9.0,"key":"MawBank"},{"floor":24,"key":"Lantern"},{"floor":26,"key":"Bag of Preparation"}],"event_choices":[{"damage_healed":0.0,"max_hp_gain":0.0,"max_hp_loss":0.0,"gold_gain":0.0,"event_name":"Accursed Blacksmith","player_choice":"Rummage","floor":2.0,"gold_loss":0.0,"damage_taken":0.0,"relics_obtained":["WarpedTongs"],"cards_obtained":["Pain"]},{"damage_healed":23.0,"max_hp_gain":0.0,"max_hp_loss":0.0,"gold_gain":0.0,"event_name":"Big Fish","player_choice":"Banana","floor":13.0,"gold_loss":0.0,"damage_taken":0.0},{"damage_healed":0.0,"max_hp_gain":0.0,"max_hp_loss":0.0,"gold_gain":75.0,"event_name":"World of Goop","player_choice":"Gather Gold","floor":14.0,"gold_loss":0.0,"damage_taken":11.0},{"damage_healed":0.0,"max_hp_gain":0.0,"max_hp_loss":0.0,"gold_gain":50.0,"event_name":"Nest","player_choice":"Stole From Cult","floor":19.0,"gold_loss":0.0,"damage_taken":0.0},{"damage_healed":0.0,"max_hp_gain":0.0,"max_hp_loss":0.0,"gold_gain":0.0,"event_name":"Addict","player_choice":"Obtained Relic","floor":20.0,"gold_loss":85.0,"damage_taken":0.0,"relics_obtained":["Ornamental Fan"]},{"damage_healed":0.0,"max_hp_gain":0.0,"max_hp_loss":0.0,"gold_gain":0.0,"event_name":"The Mausoleum","player_choice":"Opened","floor":21.0,"gold_loss":0.0,"damage_taken":0.0,"relics_obtained":["Bag of Marbles"],"cards_obtained":["Writhe"]}],"is_beta":false,"boss_relics":[{"not_picked":["Black Star","Busted Crown"],"picked":"Nuclear Battery"}],"items_purged_floors":[4,22,27],"is_endless":false,"potions_floor_spawned":[3,8,12,16,18,25],"killed_by":"Book of Stabbing","ascension_level":16}