{"gold_per_floor":[111,131,0,20,33,33,33,66,66,100,116,150,150,6,6,84,84,104,104,104,32,44,44,72,90,113,113,141,156,183,213,213,285,285,298,77,94,110,110,110,144,144,144,156,156,172,197,214,214,214],"floor_reached":51,"playtime":2328,"items_purged":["Injury"],"score":1474,"play_id":"34a9eddf-e7a3-443e-bd69-12a3e5e9de60","local_time":"20181019115909","is_ascension_mode":true,"campfire_choices":[{"data":"Zap","floor":6,"key":"SMITH"},{"data":"Dualcast","floor":15,"key":"SMITH"},{"data":"Go for the Eyes","floor":23,"key":"SMITH"},{"data":"Hologram","floor":27,"key":"SMITH"},{"floor":32,"key":"REST"},{"data":"Hologram","floor":40,"key":"SMITH"},{"data":"Seek","floor":42,"key":"SMITH"},{"data":"Coolheaded","floor":45,"key":"SMITH"},{"data":"Glacier","floor":49,"key":"SMITH"}],"neow_cost":"NONE","seed_source_timestamp":0,"circlet_count":0,"master_deck":["Defend_B","Defend_B","Defend_B","Defend_B","Zap+1","Dualcast+1","AscendersBane","Ball Lightning","Barrage","Glacier+1","FTL","Go for the Eyes+1","Leap","All For One+1","Ball Lightning+1","Compile Driver","Self Repair+1","Gash","Biased Cognition+1","Compile Driver","Cold Snap","Bite","Bite","Bite","Bite","Bite","Reinforced Body","Hologram+1","Hologram+1","Gash","Machine Learning+1","Seek+1","Leap+1","Compile Driver+1","Defragment+1","Injury","Coolheaded+1"],"special_seed":0,"relics":["Cracked Core","Pear","Sundial","Vajra","Mango","Frozen Egg 2","Cursed Key","Centennial Puzzle","Whetstone","Ancient Tea Set","Red Mask","Du-Vu Doll","Inserter","DataDisk","Kunai","Darkstone Periapt","Singing Bowl"],"potions_floor_usage":[5,10,12,24,28,30,47,48,50,50],"damage_taken":[{"damage":1,"enemies":"Cultist","floor":1,"turns":3},{"damage":8,"enemies":"Small Slimes","floor":2,"turns":3},{"damage":1,"enemies":"Jaw Worm","floor":4,"turns":3},{"damage":9,"enemies":"Lots of Slimes","floor":5,"turns":4},{"damage":10,"enemies":"Lagavulin","floor":8,"turns":7},{"damage":0,"enemies":"Gremlin Nob","floor":10,"turns":3},{"damage":7,"enemies":"Exordium Thugs","floor":11,"turns":5},{"damage":9,"enemies":"Lagavulin","floor":12,"turns":4},{"damage":24,"enemies":"Slime Boss","floor":16,"turns":9},{"damage":2,"enemies":"Shell Parasite","floor":18,"turns":4},{"damage":13,"enemies":"2 Thieves","floor":22,"turns":3},{"damage":22,"enemies":"Slavers","floor":24,"turns":6},{"damage":9,"enemies":"Shelled Parasite and Fungi","floor":25,"turns":5},{"damage":6,"enemies":"Book of Stabbing","floor":28,"turns":5},{"damage":18,"enemies":"Snake Plant","floor":29,"turns":3},{"damage":33,"enemies":"Masked Bandits","floor":30,"turns":5},{"damage":30,"enemies":"Gremlin Leader","floor":31,"turns":5},{"damage":49,"enemies":"Automaton","floor":33,"turns":9},{"damage":3,"enemies":"3 Shapes","floor":35,"turns":5},{"damage":3,"enemies":"Orb Walker","floor":37,"turns":4},{"damage":11,"enemies":"Sphere and 2 Shapes","floor":38,"turns":3},{"damage":0,"enemies":"Nemesis","floor":41,"turns":7},{"damage":28,"enemies":"Spire Growth","floor":44,"turns":3},{"damage":4,"enemies":"Maw","floor":46,"turns":6},{"damage":4,"enemies":"Giant Head","floor":47,"turns":8},{"damage":5,"enemies":"3 Darklings","floor":48,"turns":4},{"damage":21,"enemies":"Donu and Deca","floor":50,"turns":8}],"seed_played":"2484197503284312399","potions_obtained":[{"floor":5,"key":"Poison Potion"},{"floor":8,"key":"SkillPotion"},{"floor":10,"key":"SkillPotion"},{"floor":24,"key":"EssenceOfSteel"},{"floor":28,"key":"Regen Potion"},{"floor":33,"key":"SneckoOil"},{"floor":37,"key":"Block Potion"},{"floor":47,"key":"Fruit Juice"},{"floor":48,"key":"AttackPotion"}],"is_trial":false,"path_per_floor":["M","M","$","M","M","R","?","E","T","E","M","E","T","$","R","B",null,"M","?","?","$","M","R","E","M","T","R","E","M","?","E","R","B",null,"M","$","M","M","?","R","E","R","T","M","R","M","E","M","R","B"],"character_chosen":"DEFECT","items_purchased":["Glacier","Block Potion","Compile Driver","Self Repair+1","Gash","FocusPotion","DataDisk"],"campfire_rested":1,"item_purchase_floors":[3,3,14,14,14,21,36],"current_hp_per_floor":[70,62,62,61,52,52,52,52,52,52,45,50,50,50,50,36,86,94,94,71,71,70,70,65,71,71,71,71,65,49,41,62,41,64,71,71,71,71,71,71,71,71,71,55,55,69,73,80,80,75],"gold":214,"neow_bonus":"TEN_PERCENT_HP_BONUS","is_prod":false,"is_daily":false,"chose_seed":false,"campfire_upgraded":8,"win_rate":0,"timestamp":1539975549,"path_taken":["M","M","$","?","M","R","?","E","T","E","?","E","?","$","R","BOSS","M","?","?","$","M","R","E","?","T","R","E","M","?","E","R","BOSS","M","$","M","M","?","R","E","R","T","M","R","?","E","M","R","BOSS"],"build_version":"2018-10-18","purchased_purges":1,"victory":true,"max_hp_per_floor":[78,78,78,78,78,78,78,88,88,88,88,102,102,102,102,102,102,102,102,71,71,71,71,71,71,71,71,71,71,71,71,71,71,71,71,71,71,71,71,71,71,71,71,71,71,71,73,80,80,80],"card_choices":[{"not_picked":["Steam","Sweeping Beam"],"picked":"Ball Lightning","floor":1},{"not_picked":["Gash","Reinforced Body"],"picked":"Barrage","floor":2},{"not_picked":["Glacier","Steam"],"picked":"FTL","floor":4},{"not_picked":["Tempest","Streamline"],"picked":"Go for the Eyes","floor":5},{"not_picked":["Hello World","Machine Learning"],"picked":"Leap","floor":8},{"not_picked":["Chaos","Streamline"],"picked":"All For One","floor":10},{"not_picked":["Blizzard","Auto Shields"],"picked":"Ball Lightning","floor":11},{"not_picked":["Rebound","Aggregate","Turbo"],"picked":"SKIP","floor":12},{"not_picked":["Machine Learning+1","Hyperbeam"],"picked":"Biased Cognition+1","floor":16},{"not_picked":["Go for the Eyes","Turbo"],"picked":"Compile Driver","floor":18},{"not_picked":["Redo","Sweeping Beam"],"picked":"Reinforced Body","floor":22},{"not_picked":["Conserve Battery","Chill"],"picked":"Hologram","floor":24},{"not_picked":["Go for the Eyes","Tempest","Sweeping Beam"],"picked":"SKIP","floor":25},{"not_picked":["Compile Driver","Creative AI+1","Tempest"],"picked":"SKIP","floor":28},{"not_picked":["Redo","Ball Lightning+1"],"picked":"Hologram","floor":29},{"not_picked":["Beam Cell","Cold Snap"],"picked":"Gash","floor":30},{"not_picked":["Ball Lightning+1","Stack"],"picked":"Machine Learning+1","floor":31},{"not_picked":["Machine Learning+1","Meteor Strike"],"picked":"Seek","floor":33},{"not_picked":["Blizzard","Stack"],"picked":"Leap+1","floor":35},{"not_picked":["Heatsinks+1","Cold Snap","Redo"],"picked":"SKIP","floor":37},{"not_picked":["Auto Shields","Tempest"],"picked":"Compile Driver+1","floor":38},{"not_picked":["Rebound","Loop+1"],"picked":"Defragment+1","floor":41},{"not_picked":["Storm+1","Double Energy"],"picked":"Coolheaded","floor":44},{"not_picked":["Go for the Eyes","Self Repair+1","Turbo"],"picked":"SKIP","floor":46},{"not_picked":["Reprogram","Compile Driver+1","Turbo"],"picked":"Singing Bowl","floor":47},{"not_picked":["Steam","Machine Learning+1","Barrage"],"picked":"Singing Bowl","floor":48}],"player_experience":1394394,"relics_obtained":[{"floor":8,"key":"Pear"},{"floor":9,"key":"Sundial"},{"floor":10,"key":"Vajra"},{"floor":12,"key":"Mango"},{"floor":13,"key":"Frozen Egg 2"},{"floor":24,"key":"Centennial Puzzle"},{"floor":26,"key":"Whetstone"},{"floor":28,"key":"Ancient Tea Set"},{"floor":30,"key":"Red Mask"},{"floor":31,"key":"Du-Vu Doll"},{"floor":41,"key":"Kunai"},{"floor":43,"key":"Darkstone Periapt"},{"floor":47,"key":"Singing Bowl"}],"event_choices":[{"damage_healed":0,"gold_gain":0,"player_choice":"Ignored","damage_taken":0,"max_hp_gain":0,"max_hp_loss":0,"event_name":"Golden Idol","floor":7,"gold_loss":0},{"damage_healed":0,"gold_gain":0,"player_choice":"Read","damage_taken":0,"max_hp_gain":0,"max_hp_loss":0,"event_name":"The Library","floor":19,"gold_loss":0,"cards_obtained":["Cold Snap"]},{"damage_healed":0,"gold_gain":0,"player_choice":"Became a vampire","damage_taken":0,"max_hp_gain":0,"max_hp_loss":31,"event_name":"Vampires","floor":20,"gold_loss":0,"cards_obtained":["Bite","Bite","Bite","Bite","Bite"]},{"damage_healed":0,"gold_gain":0,"player_choice":"Fought Bandits","damage_taken":0,"max_hp_gain":0,"max_hp_loss":0,"event_name":"Masked Bandits","floor":30,"gold_loss":0},{"damage_healed":0,"gold_gain":0,"player_choice":"Ignored","damage_taken":0,"max_hp_gain":0,"max_hp_loss":0,"event_name":"SecretPortal","floor":39,"gold_loss":0}],"is_beta":false,"boss_relics":[{"not_picked":["FrozenCore","Astrolabe"],"picked":"Cursed Key"},{"not_picked":["Snecko Eye","Orrery"],"picked":"Inserter"}],"items_purged_floors":[36],"is_endless":false,"potions_floor_spawned":[5,8,10,11,22,24,28,29,33,35,37,38,47,48],"ascension_level":15}