{"gold_per_floor":[116,116,134,134,134,134,169,180,256,273,198,228,239,249,249,323,323,338,354,279,309,322,322,322],"floor_reached":24,"playtime":718,"items_purged":["Regret"],"score":466,"play_id":"89903b2b-c1d1-43d8-9fab-770ef2f0b245","local_time":"20180923132158","is_ascension_mode":true,"campfire_choices":[{"data":"Inflame","floor":6.0,"key":"SMITH"},{"data":"Heavy Blade","floor":15.0,"key":"SMITH"},{"floor":23,"key":"REST"}],"neow_cost":"NONE","seed_source_timestamp":2455555497827,"circlet_count":0,"master_deck":["Strike_R","Strike_R","Strike_R","Strike_R","Defend_R","Defend_R","Defend_R+1","Defend_R+1","Bash","AscendersBane","Whirlwind+1","Inflame+1","Heavy Blade+1","Spot Weakness","Rupture","Impervious","Sword Boomerang","Thunderclap+1","Flex"],"special_seed":0,"relics":["Burning Blood","NeowsBlessing","Potion Belt","Thread and Needle","Meat on the Bone","Bottled Lightning","War Paint","White Beast Statue","Red Mask"],"potions_floor_usage":[16,16,19,21,24],"damage_taken":[{"damage":0.0,"enemies":"2 Louse","floor":1.0,"turns":1.0},{"damage":0.0,"enemies":"Cultist","floor":3.0,"turns":1.0},{"damage":0.0,"enemies":"3 Sentries","floor":7.0,"turns":1.0},{"damage":6.0,"enemies":"Small Slimes","floor":8.0,"turns":2.0},{"damage":7.0,"enemies":"Looter","floor":10.0,"turns":3.0},{"damage":12.0,"enemies":"Lagavulin","floor":12.0,"turns":7.0},{"damage":9.0,"enemies":"Blue Slaver","floor":13.0,"turns":2.0},{"damage":8.0,"enemies":"Lots of Slimes","floor":14.0,"turns":2.0},{"damage":14,"enemies":"Slime Boss","floor":16,"turns":8},{"damage":26,"enemies":"Spheric Guardian","floor":18,"turns":6},{"damage":8,"enemies":"3 Byrds","floor":19,"turns":3},{"damage":30,"enemies":"Masked Bandits","floor":21,"turns":3},{"damage":45,"enemies":"Centurion and Healer","floor":22,"turns":8},{"damage":60,"enemies":"Gremlin Leader","floor":24,"turns":4}],"seed_played":"-8519715467330401986","potions_obtained":[{"floor":3.0,"key":"AttackPotion"},{"floor":8.0,"key":"FairyPotion"},{"floor":10.0,"key":"EssenceOfSteel"},{"floor":14.0,"key":"Weak Potion"},{"floor":18,"key":"Energy Potion"},{"floor":19,"key":"Poison Potion"},{"floor":21,"key":"Regen Potion"},{"floor":22,"key":"Dexterity Potion"}],"is_trial":false,"path_per_floor":["M","?","M","?","?","R","E","M","T","M","$","E","M","M","R","B",null,"M","M","?","?","M","R"],"character_chosen":"IRONCLAD","items_purchased":[],"campfire_rested":1,"item_purchase_floors":[],"current_hp_per_floor":[74,74,75,64,64,64,70,70,70,69,69,63,60,58,58,50,69,49,47,47,35,23,45,0],"gold":322,"neow_bonus":"THREE_ENEMY_KILL","is_prod":false,"is_daily":false,"chose_seed":false,"campfire_upgraded":2,"win_rate":0,"timestamp":1537680118,"path_taken":["M","?","M","?","?","R","E","M","T","M","$","E","M","M","R","BOSS","M","M","?","?","M","R","E"],"build_version":"2018-09-20","purchased_purges":1,"victory":false,"max_hp_per_floor":[75,75,75,75,75,75,75,75,75,75,75,75,75,75,75,75,75,75,75,75,75,75,75,75],"card_choices":[{"not_picked":["Perfected Strike","True Grit"],"picked":"Whirlwind","floor":1.0},{"not_picked":["Headbutt","Disarm"],"picked":"Inflame","floor":3.0},{"not_picked":["Iron Wave","Ghostly Armor"],"picked":"Heavy Blade","floor":7.0},{"not_picked":["Clothesline","Pommel Strike"],"picked":"Spot Weakness","floor":8.0},{"not_picked":["Armaments","Thunderclap","Rupture"],"picked":"SKIP","floor":10.0},{"not_picked":["Armaments","Thunderclap"],"picked":"Rupture","floor":10.0},{"not_picked":["Flex","Spot Weakness","Perfected Strike"],"picked":"SKIP","floor":12.0},{"not_picked":["Pommel Strike","Carnage","Perfected Strike"],"picked":"SKIP","floor":13.0},{"not_picked":["Uppercut","Feel No Pain","Flex"],"picked":"SKIP","floor":14.0},{"not_picked":["Berserk","Bludgeon"],"picked":"Impervious","floor":16},{"not_picked":["Pummel","Rampage"],"picked":"Sword Boomerang","floor":18},{"not_picked":["Armaments","Anger"],"picked":"Thunderclap+1","floor":19},{"not_picked":["Havoc","Twin Strike"],"picked":"Flex","floor":22}],"player_experience":1640225,"relics_obtained":[{"floor":7.0,"key":"Meat on the Bone"},{"floor":9.0,"key":"Bottled Lightning"},{"floor":12.0,"key":"War Paint"},{"floor":21,"key":"Red Mask"}],"event_choices":[{"event_name":"Big Fish","player_choice":"Box","floor":2.0,"damage_taken":0.0},{"event_name":"Scrap Ooze","player_choice":"success","floor":4.0,"damage_taken":11.0},{"event_name":"Living Wall","player_choice":"Grow","floor":5.0,"damage_taken":0.0},{"event_name":"Beggar","player_choice":"Gave Gold","floor":20,"damage_taken":0},{"event_name":"Masked Bandits","player_choice":"Fought Bandits","floor":21,"damage_taken":0}],"is_beta":false,"boss_relics":[{"not_picked":["Calling Bell","Ectoplasm"],"picked":"White Beast Statue"}],"items_purged_floors":[11],"is_endless":false,"potions_floor_spawned":[3,8,10,14,18,19,21,22],"killed_by":"Gremlin Leader","ascension_level":20}