{"gold_per_floor":[360,374,374,374,384,384,1,29,29,49,61,96,96,8,8,82,82,97,117,17,33,33,33],"floor_reached":23,"playtime":1423,"items_purged":["Pain","Strike_G"],"score":502,"play_id":"677568c0-47dc-49a2-ab7d-7f4b36c2b922","local_time":"20181224122844","is_ascension_mode":true,"campfire_choices":[{"data":"Predator","floor":6.0,"key":"SMITH"},{"data":"Neutralize","floor":13.0,"key":"SMITH"},{"data":"Noxious Fumes","floor":15.0,"key":"SMITH"}],"neow_cost":"PERCENT_DAMAGE","seed_source_timestamp":8475051697310,"circlet_count":0,"master_deck":["AscendersBane","Defend_G","Defend_G","Defend_G","Defend_G","Defend_G","Strike_G","Survivor","Neutralize+1","Flechettes","Predator+1","Well Laid Plans","Deadly Poison","Noxious Fumes+1","Venomology","Storm of Steel+1","Blur+1","After Image+1","Footwork","Acrobatics"],"special_seed":0,"relics":["Ring of the Snake","WarpedTongs","OrangePellets","Ornamental Fan","Sundial","Orichalcum","Astrolabe"],"potions_floor_usage":[23,23,23],"damage_taken":[{"damage":1.0,"enemies":"Small Slimes","floor":1.0,"turns":5.0},{"damage":2.0,"enemies":"2 Louse","floor":2.0,"turns":3.0},{"damage":0.0,"enemies":"Cultist","floor":5.0,"turns":2.0},{"damage":14.0,"enemies":"3 Sentries","floor":8.0,"turns":9.0},{"damage":15.0,"enemies":"Lots of Slimes","floor":10.0,"turns":5.0},{"damage":0.0,"enemies":"Blue Slaver","floor":11.0,"turns":4.0},{"damage":8.0,"enemies":"Gremlin Nob","floor":12.0,"turns":3.0},{"damage":0.0,"enemies":"Hexaghost","floor":16.0,"turns":9.0},{"damage":10.0,"enemies":"Chosen","floor":18.0,"turns":6.0},{"damage":7.0,"enemies":"Spheric Guardian","floor":19.0,"turns":7.0},{"damage":12.0,"enemies":"Centurion and Healer","floor":21.0,"turns":8.0},{"damage":6,"enemies":"Gremlin Leader","floor":23,"turns":2}],"seed_played":"4279890654164142877","potions_obtained":[{"floor":1.0,"key":"GamblersBrew"},{"floor":10.0,"key":"Energy Potion"},{"floor":11.0,"key":"AttackPotion"},{"floor":16.0,"key":"SteroidPotion"}],"is_trial":false,"path_per_floor":["M","M","?","?","M","R","$","E","T","M","M","E","R","$","R","B",null,"M","M","$","M","?","E"],"character_chosen":"THE_SILENT","items_purchased":["OrangePellets","Well Laid Plans","Noxious Fumes"],"campfire_rested":0,"item_purchase_floors":[7,7,14],"current_hp_per_floor":[43,41,41,41,41,41,41,27,27,12,12,4,4,4,4,4,51,41,34,34,22,4,0],"gold":33,"neow_bonus":"TWO_FIFTY_GOLD","is_prod":false,"is_daily":false,"chose_seed":false,"campfire_upgraded":3,"win_rate":0,"timestamp":1545625724,"path_taken":["M","M","?","?","M","R","$","E","T","?","M","E","R","?","R","BOSS","M","M","$","M","?","E"],"build_version":"2018-12-20","purchased_purges":2,"victory":false,"max_hp_per_floor":[66,66,66,66,66,66,66,66,66,66,66,66,66,66,66,66,66,66,66,66,66,71,71],"card_choices":[{"not_picked":["Sucker Punch","Expertise"],"picked":"Flechettes","floor":1.0},{"not_picked":["Outmaneuver","Prepared"],"picked":"Predator","floor":2.0},{"not_picked":["Dodge and Roll","Accuracy","Caltrops"],"picked":"SKIP","floor":5.0},{"not_picked":["Setup","Masterful Stab","PiercingWail"],"picked":"SKIP","floor":8.0},{"not_picked":["Concentrate","Catalyst"],"picked":"Deadly Poison","floor":10.0},{"not_picked":["Sucker Punch","Well Laid Plans","Prepared"],"picked":"SKIP","floor":11.0},{"not_picked":["Poisoned Stab","Deflect","Flying Knee"],"picked":"SKIP","floor":12.0},{"not_picked":["Poisoned Stab","Deflect","Flying Knee"],"picked":"SKIP","floor":12.0},{"not_picked":["A Thousand Cuts","Storm of Steel"],"picked":"Venomology","floor":16.0},{"not_picked":["Eviscerate","Well Laid Plans"],"picked":"Footwork","floor":18.0},{"not_picked":["Underhanded Strike","Noxious Fumes+1","Poisoned Stab"],"picked":"SKIP","floor":19.0},{"not_picked":["Underhanded Strike","Noxious Fumes+1","Poisoned Stab"],"picked":"SKIP","floor":19.0},{"not_picked":["Caltrops","Sucker Punch"],"picked":"Acrobatics","floor":21.0}],"player_experience":2427396,"relics_obtained":[{"floor":8.0,"key":"Ornamental Fan"},{"floor":9.0,"key":"Sundial"},{"floor":12.0,"key":"Orichalcum"}],"event_choices":[{"damage_healed":0.0,"max_hp_gain":0.0,"max_hp_loss":0.0,"gold_gain":0.0,"event_name":"Liars Game","player_choice":"Ignored","floor":3.0,"gold_loss":0.0,"damage_taken":0.0},{"damage_healed":0.0,"max_hp_gain":0.0,"max_hp_loss":0.0,"gold_gain":0.0,"event_name":"Accursed Blacksmith","player_choice":"Rummage","floor":4.0,"gold_loss":0.0,"damage_taken":0.0,"relics_obtained":["WarpedTongs"],"cards_obtained":["Pain"]},{"damage_healed":0.0,"max_hp_gain":5.0,"max_hp_loss":0.0,"gold_gain":0.0,"event_name":"Forgotten Altar","player_choice":"Shed Blood","floor":22.0,"gold_loss":0.0,"damage_taken":23.0}],"is_beta":false,"boss_relics":[{"not_picked":["HoveringKite","Empty Cage"],"picked":"Astrolabe"}],"items_purged_floors":[7,20],"is_endless":false,"potions_floor_spawned":[1,10,11,16,19],"killed_by":"Gremlin Leader","ascension_level":20}