{"gold_per_floor":[113,113,263,278,278,312,312,331,331,2,29,49,60,91,91,91],"floor_reached":16,"playtime":488,"items_purged":["Doubt"],"score":298,"play_id":"c1d77d31-f77e-43bc-83da-513d3196cd66","local_time":"20190420140745","is_ascension_mode":true,"campfire_choices":[{"data":"Fiend Fire","floor":7,"key":"SMITH"},{"floor":15,"key":"REST"}],"neow_cost":"NONE","seed_source_timestamp":709257869706700,"circlet_count":0,"master_deck":["AscendersBane","Strike_R+1","Strike_R+1","Strike_R","Strike_R","Strike_R+1","Defend_R+1","Defend_R","Defend_R","Defend_R","Bash","Fiend Fire+1","Shockwave","Cleave","Bludgeon","Immolate"],"relics":["Burning Blood","NeowsBlessing","Whetstone","Question Card","Shuriken","Sundial","Ginger"],"potions_floor_usage":[11,13,14],"damage_taken":[{"damage":0,"enemies":"Small Slimes","floor":1,"turns":1},{"damage":0,"enemies":"Jaw Worm","floor":4,"turns":1},{"damage":0,"enemies":"Gremlin Nob","floor":6,"turns":1},{"damage":3,"enemies":"2 Louse","floor":8,"turns":3},{"damage":24,"enemies":"3 Sentries","floor":11,"turns":9},{"damage":19,"enemies":"Lots of Slimes","floor":12,"turns":3},{"damage":15,"enemies":"Gremlin Gang","floor":13,"turns":3},{"damage":0,"enemies":"Gremlin Nob","floor":14,"turns":2},{"damage":61,"enemies":"Hexaghost","floor":16,"turns":9}],"seed_played":"-3107780884427391198","potions_obtained":[{"floor":1,"key":"GamblersBrew"},{"floor":4,"key":"SkillPotion"},{"floor":13,"key":"SteroidPotion"}],"is_trial":false,"path_per_floor":["M","?","?","M","?","E","R","M","T","$","E","M","M","E","R","B"],"character_chosen":"IRONCLAD","items_purchased":["Shuriken"],"campfire_rested":1,"item_purchase_floors":[10],"current_hp_per_floor":[74,51,51,57,62,68,68,71,71,71,53,40,31,37,61,0],"gold":91,"neow_bonus":"THREE_ENEMY_KILL","is_prod":false,"is_daily":false,"chose_seed":false,"campfire_upgraded":1,"win_rate":0,"timestamp":1555758465,"path_taken":["M","?","?","M","?","E","R","M","T","$","E","M","?","E","R","BOSS"],"build_version":"2019-01-23","purchased_purges":1,"victory":false,"max_hp_per_floor":[75,75,75,75,80,80,80,80,80,80,80,80,80,80,80,80],"card_choices":[{"not_picked":["Sever Soul","Thunderclap","Body Slam"],"picked":"SKIP","floor":1},{"not_picked":["Shrug It Off","Body Slam"],"picked":"Fiend Fire","floor":4},{"not_picked":["Sword Boomerang","Iron Wave"],"picked":"Shockwave","floor":6},{"not_picked":["Sword Boomerang","Wild Strike","Shockwave"],"picked":"SKIP","floor":8},{"not_picked":["Corruption","Anger","Wild Strike"],"picked":"Cleave","floor":11},{"not_picked":["Clash","Twin Strike","Iron Wave"],"picked":"Bludgeon","floor":12},{"not_picked":["Pommel Strike","Wild Strike","Rampage","Fire Breathing"],"picked":"SKIP","floor":13},{"not_picked":["Perfected Strike","Hemokinesis","Havoc"],"picked":"Immolate","floor":14}],"player_experience":316372,"relics_obtained":[{"floor":6,"key":"Whetstone"},{"floor":9,"key":"Question Card"},{"floor":11,"key":"Sundial"},{"floor":14,"key":"Ginger"}],"event_choices":[{"damage_healed":0,"gold_gain":0,"player_choice":"Entered Light","damage_taken":23,"max_hp_gain":0,"max_hp_loss":0,"event_name":"Shining Light","floor":2,"gold_loss":0,"cards_upgraded":["Strike_R","Defend_R"]},{"damage_healed":0,"gold_gain":150,"player_choice":"AGREE","damage_taken":0,"max_hp_gain":0,"max_hp_loss":0,"event_name":"Liars Game","floor":3,"gold_loss":0,"cards_obtained":["Doubt"]},{"damage_healed":0,"gold_gain":0,"player_choice":"Donut","damage_taken":0,"max_hp_gain":5,"max_hp_loss":0,"event_name":"Big Fish","floor":5,"gold_loss":0}],"is_beta":false,"boss_relics":[],"items_purged_floors":[10],"is_endless":false,"potions_floor_spawned":[1,4,13],"killed_by":"Hexaghost","ascension_level":15}