{"gold_per_floor":[115,40,55,55,73,73,36,69,69,80,80,80,99,30,30,129,129,113,128,143,161,27,27],"floor_reached":23,"playtime":977,"items_purged":["Shame"],"score":290,"play_id":"784a452c-3c2f-4817-b1cd-ef6f7ca02d46","local_time":"25611218184247","is_ascension_mode":true,"campfire_choices":[{"data":"Defragment","floor":6,"key":"SMITH"},{"floor":12,"key":"REST"},{"data":"Defragment","floor":15,"key":"SMITH"}],"neow_cost":"CURSE","seed_source_timestamp":21759151271104,"circlet_count":0,"master_deck":["AscendersBane","Strike_B","Strike_B","Strike_B","Defend_B","Defend_B","Defend_B","Defend_B","Zap","Dualcast","Echo Form","Defragment+1","Self Repair","Defragment+1","Reinforced Body","Coolheaded","Turbo","Capacitor","Core Surge","Conserve Battery","Ball Lightning","Cold Snap","Rainbow","Capacitor"],"relics":["Cracked Core","Centennial Puzzle","Shuriken","Nuclear Battery"],"potions_floor_usage":[8,16,16,18,20,23,23],"damage_taken":[{"damage":12,"enemies":"Small Slimes","floor":1,"turns":3},{"damage":0,"enemies":"2 Louse","floor":3,"turns":2},{"damage":1,"enemies":"Cultist","floor":5,"turns":3},{"damage":26,"enemies":"Gremlin Nob","floor":8,"turns":4},{"damage":9,"enemies":"Red Slaver","floor":10,"turns":4},{"damage":10,"enemies":"Blue Slaver","floor":13,"turns":5},{"damage":33,"enemies":"Slime Boss","floor":16,"turns":9},{"damage":16,"enemies":"2 Thieves","floor":18,"turns":4},{"damage":5,"enemies":"Spheric Guardian","floor":19,"turns":6},{"damage":17,"enemies":"Snake Plant","floor":20,"turns":5},{"damage":16,"enemies":"Centurion and Healer","floor":21,"turns":10},{"damage":45,"enemies":"Gremlin Leader","floor":23,"turns":5}],"seed_played":"-7946137417959499190","potions_obtained":[{"floor":1,"key":"Fire Potion"},{"floor":5,"key":"Energy Potion"},{"floor":13,"key":"GamblersBrew"},{"floor":16,"key":"FearPotion"},{"floor":18,"key":"Dexterity Potion"},{"floor":20,"key":"Ancient Potion"}],"is_trial":false,"path_per_floor":["M","$","M","?","M","R","?","E","T","M","?","R","M","$","R","B",null,"M","M","M","M","$","E"],"character_chosen":"DEFECT","items_purchased":["Capacitor","Capacitor","Dexterity Potion","Fire Potion"],"campfire_rested":1,"item_purchase_floors":[14,22,22,22],"current_hp_per_floor":[56,56,56,56,62,62,62,43,43,41,34,56,53,53,53,34,65,56,58,48,39,39,0],"gold":27,"neow_bonus":"THREE_RARE_CARDS","is_prod":false,"is_daily":false,"chose_seed":false,"campfire_upgraded":2,"win_rate":0,"timestamp":1545133367,"path_taken":["M","$","M","?","M","R","?","E","T","M","?","R","M","$","R","BOSS","M","M","M","M","$","E"],"build_version":"2018-12-13","purchased_purges":1,"victory":false,"max_hp_per_floor":[75,75,75,75,75,75,75,75,75,75,75,75,75,75,75,75,75,75,75,75,75,75,75],"card_choices":[{"not_picked":["Core Surge","Rainbow"],"picked":"Echo Form","floor":0},{"not_picked":["Chill","Hologram"],"picked":"Defragment","floor":1},{"not_picked":["Darkness","Sweeping Beam"],"picked":"Self Repair","floor":3},{"not_picked":["Barrage","Ball Lightning"],"picked":"Defragment","floor":5},{"not_picked":["Auto Shields","White Noise"],"picked":"Reinforced Body","floor":8},{"not_picked":["Defragment","Leap"],"picked":"Coolheaded","floor":10},{"not_picked":["Consume","Lockon"],"picked":"Turbo","floor":13},{"not_picked":["All For One","Hyperbeam"],"picked":"Core Surge","floor":16},{"not_picked":["Ball Lightning","Coolheaded"],"picked":"Conserve Battery","floor":18},{"not_picked":["Melter","Gash"],"picked":"Ball Lightning","floor":19},{"not_picked":["Gash","Aggregate"],"picked":"Cold Snap","floor":20},{"not_picked":["Blizzard+1","Sweeping Beam"],"picked":"Rainbow","floor":21}],"player_experience":217099,"relics_obtained":[{"floor":8,"key":"Centennial Puzzle"},{"floor":9,"key":"Shuriken"}],"event_choices":[{"damage_healed":0,"gold_gain":0,"player_choice":"Ignored","damage_taken":0,"max_hp_gain":0,"max_hp_loss":0,"event_name":"Liars Game","floor":4,"gold_loss":0},{"damage_healed":0,"gold_gain":0,"player_choice":"Left Gold","damage_taken":0,"max_hp_gain":0,"max_hp_loss":0,"event_name":"World of Goop","floor":7,"gold_loss":37},{"cards_removed":["Strike_B"],"damage_healed":0,"gold_gain":0,"player_choice":"Card Removal","damage_taken":7,"max_hp_gain":0,"max_hp_loss":0,"event_name":"Golden Wing","floor":11,"gold_loss":0}],"is_beta":false,"boss_relics":[{"not_picked":["Tiny House","Black Star"],"picked":"Nuclear Battery"}],"items_purged_floors":[2],"is_endless":false,"potions_floor_spawned":[1,5,13,16,18,20],"killed_by":"Gremlin Leader","ascension_level":10}