{"gold_per_floor":[114,138,29,29,29,29,61,61,114,130,150,150,185,195,195,299,299,313,313,228,228,29,29,29,29,29,94,94,128,140,175,175,278,278,298,298,398,414,463,463,476,495,521,554,554,554,580,580,580,580,580,580,33,64,64],"floor_reached":56,"playtime":3005,"items_purged":["Strike_B","Strike_B"],"score":1522,"play_id":"1b8cde6d-cf03-4877-a281-298ee21b177b","local_time":"20190402214059","is_ascension_mode":true,"campfire_choices":[{"data":"Dualcast","floor":6.0,"key":"SMITH"},{"data":"Lockon","floor":8.0,"key":"SMITH"},{"data":"Loop","floor":12.0,"key":"SMITH"},{"data":"Coolheaded","floor":15.0,"key":"SMITH"},{"data":"Fission","floor":23.0,"key":"SMITH"},{"data":"Aggregate","floor":25.0,"key":"SMITH"},{"data":"Coolheaded","floor":28.0,"key":"SMITH"},{"data":"Recycle","floor":32.0,"key":"SMITH"},{"data":"Coolheaded","floor":40.0,"key":"SMITH"},{"floor":49.0,"key":"RECALL"},{"data":"Skim","floor":52.0,"key":"SMITH"}],"neow_cost":"NONE","seed_source_timestamp":0,"circlet_count":0,"master_deck":["Strike_B+1","Defend_B","Defend_B","Defend_B","Defend_B","Zap+1","Dualcast+1","Skim","FTL","Go for the Eyes","Loop+1","Coolheaded+1","Fission+1","Coolheaded+1","Ball Lightning","Aggregate+1","Tempest","Skim+1","Auto Shields+1","Recycle+1","Coolheaded+1","All For One","Defragment+1","Machine Learning","Panacea","Finesse","Bandage Up","Stack+1","Hologram+1","Chill+1","Darkness+1","Coolheaded+1","Blizzard+1","Loop","Defragment","Jack Of All Trades+1"],"special_seed":0,"relics":["Cracked Core","NeowsBlessing","Symbiotic Virus","Centennial Puzzle","Vajra","Orrery","The Courier","Happy Flower","Matryoshka","Tiny Chest","Sundial","Juzu Bracelet","Sozu","Dead Branch","Anchor","Dream Catcher","Prayer Wheel","Molten Egg 2","Emotion Chip","Turnip","PrismaticShard","Torii","Bronze Scales","Letter Opener"],"potions_floor_usage":[55],"damage_taken":[{"damage":0.0,"enemies":"Cultist","floor":1.0,"turns":1.0},{"damage":0.0,"enemies":"Gremlin Nob","floor":7.0,"turns":1.0},{"damage":0.0,"enemies":"2 Louse","floor":10.0,"turns":1.0},{"damage":0.0,"enemies":"Small Slimes","floor":11.0,"turns":3.0},{"damage":3.0,"enemies":"Lagavulin","floor":13.0,"turns":5.0},{"damage":10.0,"enemies":"Exordium Wildlife","floor":14.0,"turns":2.0},{"damage":9.0,"enemies":"Hexaghost","floor":16.0,"turns":5.0},{"damage":3.0,"enemies":"Shell Parasite","floor":18.0,"turns":4.0},{"damage":0.0,"enemies":"Gremlin Leader","floor":27.0,"turns":3.0},{"damage":15.0,"enemies":"Slavers","floor":29.0,"turns":5.0},{"damage":0.0,"enemies":"2 Thieves","floor":30.0,"turns":3.0},{"damage":1.0,"enemies":"Gremlin Leader","floor":31.0,"turns":4.0},{"damage":21.0,"enemies":"Collector","floor":33.0,"turns":8.0},{"damage":0.0,"enemies":"3 Darklings","floor":35.0,"turns":4.0},{"damage":0.0,"enemies":"Orb Walker","floor":38.0,"turns":2.0},{"damage":21.0,"enemies":"2 Orb Walkers","floor":39.0,"turns":4.0},{"damage":0.0,"enemies":"Writhing Mass","floor":41.0,"turns":5.0},{"damage":7.0,"enemies":"Sphere and 2 Shapes","floor":42.0,"turns":4.0},{"damage":0.0,"enemies":"Giant Head","floor":44.0,"turns":7.0},{"damage":0.0,"enemies":"Reptomancer","floor":47.0,"turns":9.0},{"damage":0.0,"enemies":"Awakened One","floor":50.0,"turns":8.0},{"damage":41,"enemies":"Shield and Spear","floor":54,"turns":6},{"damage":18,"enemies":"The Heart","floor":55,"turns":6}],"seed_played":"-4642233367579216141","potions_obtained":[{"floor":1.0,"key":"FearPotion"},{"floor":7.0,"key":"Swift Potion"},{"floor":14.0,"key":"EssenceOfSteel"},{"floor":16.0,"key":"AttackPotion"},{"floor":27.0,"key":"Explosive Potion"},{"floor":33.0,"key":"GamblersBrew"}],"is_trial":false,"path_per_floor":["M","T","$","?","?","R","E","R","T","M","M","R","E","M","R","B",null,"M","?","?","?","$","R","?","R","T","E","R","E","M","E","R","B",null,"M","?","?","M","?","R","M","M","T","E","T","?","E","?","R","B",null,"R","$","E","B",null],"character_chosen":"DEFECT","items_purchased":["FTL","Happy Flower","PrismaticShard","Torii","Bronze Scales","Defragment"],"campfire_rested":0,"item_purchase_floors":[3,22,53,53,53,53],"current_hp_per_floor":[75,75,75,60,65,65,65,65,65,65,65,65,62,52,52,43,80,77,77,77,77,77,77,77,77,77,77,77,62,62,61,61,40,80,80,70,70,74,57,57,61,58,58,62,62,62,66,66,66,70,80,80,80,39,25],"gold":64,"neow_bonus":"THREE_ENEMY_KILL","is_prod":false,"is_daily":false,"chose_seed":false,"campfire_upgraded":10,"win_rate":0,"timestamp":1554212459,"path_taken":["M","?","$","?","?","R","E","R","T","M","?","R","E","M","R","BOSS","M","?","?","?","$","R","?","R","T","E","R","E","M","E","R","BOSS","M","?","?","M","?","R","M","M","T","E","?","?","E","?","R","BOSS","R","$","E","BOSS"],"build_version":"2019-03-15","purchased_purges":2,"victory":true,"max_hp_per_floor":[75,75,75,75,80,80,80,80,80,80,80,80,80,80,80,80,80,80,80,80,80,80,80,80,80,80,80,80,80,80,80,80,80,80,80,80,80,80,80,80,80,80,80,80,80,80,80,80,80,80,80,80,80,80,80],"card_choices":[{"not_picked":["Aggregate","BootSequence"],"picked":"Skim","floor":1.0},{"not_picked":["Streamline","Gash"],"picked":"Lockon","floor":7.0},{"not_picked":["Hologram","Double Energy"],"picked":"Go for the Eyes","floor":10.0},{"not_picked":["Force Field","Reprogram"],"picked":"Loop","floor":11.0},{"not_picked":["Rebound","Steam","Conserve Battery"],"picked":"SKIP","floor":13.0},{"not_picked":["Reinforced Body","Compile Driver"],"picked":"Coolheaded","floor":14.0},{"not_picked":["Reboot","Machine Learning"],"picked":"Fission","floor":16.0},{"not_picked":["Aggregate","Ball Lightning"],"picked":"Coolheaded","floor":17.0},{"not_picked":["Barrage","Steam"],"picked":"Ball Lightning","floor":17.0},{"not_picked":["Static Discharge","Lockon"],"picked":"Aggregate","floor":17.0},{"not_picked":["Rip and Tear","Blizzard"],"picked":"Tempest","floor":17.0},{"not_picked":["Redo","Gash"],"picked":"Skim","floor":17.0},{"not_picked":["Beam Cell","Leap"],"picked":"Auto Shields+1","floor":18.0},{"not_picked":["Ball Lightning","Genetic Algorithm"],"picked":"Coolheaded","floor":27.0},{"not_picked":["Fusion","Cold Snap+1","Gash"],"picked":"SKIP","floor":29.0},{"not_picked":["Cold Snap","Beam Cell"],"picked":"All For One","floor":30.0},{"not_picked":["Steam","Hologram"],"picked":"Defragment+1","floor":31.0},{"not_picked":["Creative AI","Hyperbeam"],"picked":"Machine Learning","floor":33.0},{"not_picked":["Cold Snap+1","Rebound+1","Ball Lightning+1"],"picked":"SKIP","floor":35.0},{"not_picked":["Madness","Dark Shackles"],"picked":"Panacea","floor":36.0},{"not_picked":["Enlightenment","Mind Blast"],"picked":"Finesse","floor":36.0},{"not_picked":["Trip","Panacea"],"picked":"Bandage Up","floor":36.0},{"not_picked":["Fusion+1","Beam Cell"],"picked":"Stack+1","floor":38.0},{"not_picked":["Undo","Leap+1"],"picked":"Hologram+1","floor":39.0},{"not_picked":["Cold Snap","Go for the Eyes"],"picked":"Chill+1","floor":41.0},{"not_picked":["Buffer","Beam Cell"],"picked":"Darkness+1","floor":42.0},{"not_picked":["Buffer","Streamline"],"picked":"Coolheaded+1","floor":44.0},{"not_picked":["Undo+1","Reinforced Body+1"],"picked":"Blizzard+1","floor":47.0},{"not_picked":["Bane+1","Barrage+1"],"picked":"Jack Of All Trades+1","floor":54}],"player_experience":1325083,"relics_obtained":[{"floor":7.0,"key":"Symbiotic Virus"},{"floor":9.0,"key":"Centennial Puzzle"},{"floor":13.0,"key":"Vajra"},{"floor":26.0,"key":"Matryoshka"},{"floor":27.0,"key":"Tiny Chest"},{"floor":29.0,"key":"Sundial"},{"floor":31.0,"key":"Juzu Bracelet"},{"floor":39.0,"key":"Dead Branch"},{"floor":43.0,"key":"Anchor"},{"floor":43.0,"key":"Dream Catcher"},{"floor":44.0,"key":"Prayer Wheel"},{"floor":45.0,"key":"Molten Egg 2"},{"floor":45.0,"key":"Emotion Chip"},{"floor":47.0,"key":"Turnip"},{"floor":54,"key":"Letter Opener"}],"event_choices":[{"damage_healed":0.0,"max_hp_gain":0.0,"max_hp_loss":0.0,"gold_gain":0.0,"event_name":"Shining Light","player_choice":"Entered Light","floor":4.0,"gold_loss":0.0,"damage_taken":15.0,"cards_upgraded":["Strike_B","Zap"]},{"damage_healed":0.0,"max_hp_gain":5.0,"max_hp_loss":0.0,"gold_gain":0.0,"event_name":"Big Fish","player_choice":"Donut","floor":5.0,"gold_loss":0.0,"damage_taken":0.0},{"damage_healed":0.0,"max_hp_gain":0.0,"max_hp_loss":0.0,"gold_gain":0.0,"event_name":"The Library","player_choice":"Read","floor":19.0,"gold_loss":0.0,"damage_taken":0.0,"cards_obtained":["Recycle"]},{"damage_healed":0.0,"max_hp_gain":0.0,"max_hp_loss":0.0,"gold_gain":0.0,"event_name":"Addict","player_choice":"Obtained Relic","floor":20.0,"gold_loss":85.0,"damage_taken":0.0,"relics_obtained":["The Courier"]},{"damage_healed":0.0,"max_hp_gain":0.0,"max_hp_loss":0.0,"gold_gain":0.0,"event_name":"Ghosts","player_choice":"Ignored","floor":21.0,"gold_loss":0.0,"damage_taken":0.0},{"damage_healed":0.0,"max_hp_gain":0.0,"max_hp_loss":0.0,"gold_gain":0.0,"event_name":"Beggar","player_choice":"Ignored","floor":24.0,"gold_loss":0.0,"damage_taken":0.0},{"damage_healed":0.0,"max_hp_gain":0.0,"max_hp_loss":0.0,"gold_gain":0.0,"event_name":"SensoryStone","player_choice":"Memory 3","floor":36.0,"gold_loss":0.0,"damage_taken":10.0},{"damage_healed":0.0,"max_hp_gain":0.0,"max_hp_loss":0.0,"gold_gain":100.0,"event_name":"Golden Shrine","player_choice":"Pray","floor":37.0,"gold_loss":0.0,"damage_taken":0.0},{"damage_healed":0.0,"max_hp_gain":0.0,"max_hp_loss":0.0,"gold_gain":0.0,"event_name":"Mysterious Sphere","player_choice":"Fight","floor":39.0,"gold_loss":0.0,"damage_taken":0.0},{"cards_removed":["Lockon"],"damage_healed":0.0,"max_hp_gain":0.0,"max_hp_loss":0.0,"gold_gain":0.0,"event_name":"Falling","player_choice":"Removed Attack","floor":46.0,"gold_loss":0.0,"damage_taken":0.0},{"damage_healed":0.0,"max_hp_gain":0.0,"max_hp_loss":0.0,"gold_gain":0.0,"cards_transformed":["Strike_B"],"event_name":"Transmorgrifier","player_choice":"Transformed","floor":48.0,"gold_loss":0.0,"damage_taken":0.0,"cards_obtained":["Loop"]}],"is_beta":true,"boss_relics":[{"not_picked":["Busted Crown","Lizard Tail"],"picked":"Orrery"},{"not_picked":["Astrolabe","Calling Bell"],"picked":"Sozu"}],"items_purged_floors":[3,22],"is_endless":false,"potions_floor_spawned":[1,7,14,16,18,27,33,35,39,41,42,47,54],"ascension_level":1}