{"gold_per_floor":[111,129,147,147,167,167,167,201,227,192,192],"floor_reached":11,"playtime":220,"items_purged":[],"score":110,"play_id":"5e71eee4-cf4d-446c-8c5a-0074ecca5f21","local_time":"25611217164114","is_ascension_mode":true,"campfire_choices":[{"data":"Defragment","floor":6,"key":"SMITH"}],"neow_cost":"NONE","seed_source_timestamp":16033965866341,"circlet_count":0,"master_deck":["AscendersBane","Strike_B","Strike_B","Strike_B","Strike_B","Defend_B","Defend_B","Defend_B","Defend_B","Zap","Dualcast","Gash","Defragment+1","Gash+1","Regret","Leap","Leap"],"relics":["Philosopher\u0027s Stone","Orichalcum","DataDisk","Regal Pillow"],"potions_floor_usage":[8,8],"damage_taken":[{"damage":3,"enemies":"Small Slimes","floor":1,"turns":3},{"damage":9,"enemies":"Jaw Worm","floor":2,"turns":4},{"damage":4,"enemies":"2 Louse","floor":3,"turns":2},{"damage":9,"enemies":"Blue Slaver","floor":5,"turns":3},{"damage":40,"enemies":"Gremlin Nob","floor":8,"turns":6},{"damage":28,"enemies":"3 Sentries","floor":11,"turns":4}],"seed_played":"-3570901303795254093","potions_obtained":[{"floor":3,"key":"Strength Potion"},{"floor":5,"key":"Weak Potion"}],"is_trial":false,"path_per_floor":["M","M","M","?","M","R","?","E","T","?","E"],"character_chosen":"DEFECT","items_purchased":[],"campfire_rested":0,"item_purchase_floors":[],"current_hp_per_floor":[65,56,52,52,43,43,43,3,3,21,0],"gold":192,"neow_bonus":"BOSS_RELIC","is_prod":false,"is_daily":false,"chose_seed":false,"campfire_upgraded":1,"win_rate":0,"timestamp":1545039674,"path_taken":["M","M","M","?","M","R","?","E","T","?","E"],"build_version":"2018-12-13","purchased_purges":0,"victory":false,"max_hp_per_floor":[75,75,75,75,75,75,75,75,75,75,75],"card_choices":[{"not_picked":["Cold Snap","Aggregate"],"picked":"Gash","floor":1},{"not_picked":["White Noise","Fusion"],"picked":"Defragment","floor":2},{"not_picked":["Genetic Algorithm","Beam Cell"],"picked":"Gash","floor":3},{"not_picked":["Gash","Ball Lightning"],"picked":"Leap","floor":5},{"not_picked":["Hologram","Compile Driver"],"picked":"Leap","floor":8}],"player_experience":214647,"relics_obtained":[{"floor":8,"key":"DataDisk"},{"floor":9,"key":"Regal Pillow"}],"event_choices":[{"damage_healed":0,"gold_gain":0,"player_choice":"Box","damage_taken":0,"relics_obtained":["Orichalcum"],"max_hp_gain":0,"max_hp_loss":0,"event_name":"Big Fish","floor":4,"gold_loss":0,"cards_obtained":["Regret"]},{"damage_healed":0,"gold_gain":0,"player_choice":"Grow","damage_taken":0,"max_hp_gain":0,"max_hp_loss":0,"event_name":"Living Wall","floor":7,"gold_loss":0,"cards_upgraded":["Gash"]},{"damage_healed":18,"gold_gain":0,"player_choice":"Healed","damage_taken":0,"max_hp_gain":0,"max_hp_loss":0,"event_name":"The Cleric","floor":10,"gold_loss":35}],"is_beta":false,"boss_relics":[],"items_purged_floors":[],"is_endless":false,"potions_floor_spawned":[3,5],"killed_by":"3 Sentries","ascension_level":10}