{"gold_per_floor":[110,128,128,138,60,89,89,106,106,136,136,169,169,180,180,180],"floor_reached":16,"playtime":742,"items_purged":[],"score":340,"play_id":"eced52e8-704d-459b-821a-fc3462183d23","local_time":"20190409184616","is_ascension_mode":true,"campfire_choices":[{"data":"Bash","floor":7,"key":"SMITH"},{"data":"Heavy Blade","floor":13,"key":"SMITH"},{"floor":15,"key":"REST"}],"neow_cost":"NONE","seed_source_timestamp":1772018592489900,"circlet_count":0,"master_deck":["AscendersBane","Strike_R","Strike_R","Strike_R","Strike_R","Defend_R","Defend_R","Defend_R","Defend_R","Bash+1","Corruption","Pommel Strike","Fire Breathing","Pummel","Inflame+1","Shrug It Off","Feel No Pain","Headbutt","Heavy Blade+1","Metallicize"],"relics":["Burning Blood","Red Skull","Bottled Lightning","Self Forming Clay","Blue Candle","Pen Nib"],"potions_floor_usage":[6,6,10,12],"damage_taken":[{"damage":16,"enemies":"Jaw Worm","floor":1,"turns":4},{"damage":7,"enemies":"Cultist","floor":2,"turns":4},{"damage":4,"enemies":"Small Slimes","floor":4,"turns":4},{"damage":11,"enemies":"3 Sentries","floor":6,"turns":6},{"damage":6,"enemies":"Exordium Wildlife","floor":8,"turns":3},{"damage":29,"enemies":"Gremlin Nob","floor":10,"turns":4},{"damage":20,"enemies":"Lagavulin","floor":12,"turns":5},{"damage":16,"enemies":"Exordium Thugs","floor":14,"turns":4}],"seed_played":"-4025694414781971408","potions_obtained":[{"floor":1,"key":"EssenceOfSteel"},{"floor":2,"key":"SkillPotion"},{"floor":6,"key":"Swift Potion"},{"floor":10,"key":"BloodPotion"}],"is_trial":false,"path_per_floor":["M","M","?","M","$","E","R","M","T","E","?","E","R","M","R","B"],"character_chosen":"IRONCLAD","items_purchased":["Inflame"],"campfire_rested":1,"item_purchase_floors":[5],"current_hp_per_floor":[58,57,57,59,59,54,54,54,54,31,31,24,24,14,36,0],"gold":180,"neow_bonus":"RANDOM_COMMON_RELIC","is_prod":false,"is_daily":false,"chose_seed":false,"campfire_upgraded":2,"win_rate":0,"timestamp":1554831976,"path_taken":["M","M","?","?","$","E","R","M","T","E","?","E","R","M","R","BOSS"],"build_version":"2019-01-23","purchased_purges":0,"victory":false,"max_hp_per_floor":[75,75,75,75,75,75,75,75,75,75,75,75,75,75,75,75],"card_choices":[{"not_picked":["Infernal Blade","Fire Breathing"],"picked":"Corruption","floor":1},{"not_picked":["Warcry","Perfected Strike"],"picked":"Pommel Strike","floor":2},{"not_picked":["Sentinel","Wild Strike"],"picked":"Pummel","floor":4},{"not_picked":["Clothesline","Havoc"],"picked":"Shrug It Off","floor":6},{"not_picked":["Armaments","Bloodletting"],"picked":"Feel No Pain","floor":8},{"not_picked":["Corruption","Carnage"],"picked":"Headbutt","floor":10},{"not_picked":["Berserk","Havoc"],"picked":"Heavy Blade","floor":12},{"not_picked":["Battle Trance","Heavy Blade"],"picked":"Metallicize","floor":14}],"player_experience":2638512,"relics_obtained":[{"floor":6,"key":"Bottled Lightning"},{"floor":9,"key":"Self Forming Clay"},{"floor":10,"key":"Blue Candle"},{"floor":12,"key":"Pen Nib"}],"event_choices":[{"damage_healed":0,"gold_gain":0,"cards_transformed":["Strike_R"],"player_choice":"Transformed","damage_taken":0,"max_hp_gain":0,"max_hp_loss":0,"event_name":"Transmorgrifier","floor":3,"gold_loss":0,"cards_obtained":["Fire Breathing"]},{"damage_healed":0,"gold_gain":0,"player_choice":"Grow","damage_taken":0,"max_hp_gain":0,"max_hp_loss":0,"event_name":"Living Wall","floor":11,"gold_loss":0,"cards_upgraded":["Inflame"]}],"is_beta":false,"boss_relics":[],"items_purged_floors":[],"is_endless":false,"potions_floor_spawned":[1,2,6,10],"killed_by":"The Guardian","ascension_level":20}