{"gold_per_floor":[116,131,146,162,162,192,192,225,225,238,273,292,292,292,292,292],"floor_reached":16,"playtime":684,"items_purged":[],"score":244,"play_id":"66592e58-a9b3-495e-94a5-af317995e02c","local_time":"20190409191233","is_ascension_mode":true,"campfire_choices":[{"floor":7,"key":"REST"},{"data":"Bash","floor":15,"key":"SMITH"}],"neow_cost":"NONE","seed_source_timestamp":1773653678502700,"circlet_count":0,"master_deck":["AscendersBane","Strike_R","Strike_R","Strike_R","Strike_R","Strike_R","Defend_R","Defend_R","Defend_R","Defend_R","Bash+1","Combust","Headbutt","Twin Strike","Blood for Blood","Reaper","Feel No Pain","Reckless Charge","Thunderclap"],"relics":["Burning Blood","Ornamental Fan","Vajra","Dodecahedron","Ginger"],"potions_floor_usage":[6,8,8],"damage_taken":[{"damage":6,"enemies":"Cultist","floor":1,"turns":3},{"damage":17,"enemies":"Small Slimes","floor":2,"turns":6},{"damage":2,"enemies":"2 Louse","floor":3,"turns":2},{"damage":26,"enemies":"Large Slime","floor":4,"turns":5},{"damage":34,"enemies":"Gremlin Nob","floor":6,"turns":4},{"damage":24,"enemies":"Lagavulin","floor":8,"turns":6},{"damage":13,"enemies":"2 Fungi Beasts","floor":10,"turns":3},{"damage":29,"enemies":"Gremlin Nob","floor":11,"turns":4},{"damage":2,"enemies":"Looter","floor":12,"turns":2},{"damage":51,"enemies":"The Guardian","floor":16,"turns":10}],"seed_played":"-769087275534213001","potions_obtained":[{"floor":1,"key":"Energy Potion"},{"floor":2,"key":"Poison Potion"},{"floor":6,"key":"Energy Potion"}],"is_trial":false,"path_per_floor":["M","M","M","M","?","E","R","E","T","M","E","M","?","?","R","B"],"character_chosen":"IRONCLAD","items_purchased":[],"campfire_rested":1,"item_purchase_floors":[],"current_hp_per_floor":[75,64,68,48,48,20,44,32,32,35,12,16,16,43,43,0],"gold":292,"neow_bonus":"TEN_PERCENT_HP_BONUS","is_prod":false,"is_daily":false,"chose_seed":false,"campfire_upgraded":1,"win_rate":0,"timestamp":1554833553,"path_taken":["M","M","M","M","?","E","R","E","T","M","E","M","?","?","R","BOSS"],"build_version":"2019-01-23","purchased_purges":0,"victory":false,"max_hp_per_floor":[82,82,82,82,82,82,82,82,82,82,82,82,82,82,82,82],"card_choices":[{"not_picked":["Warcry","Infernal Blade"],"picked":"Combust","floor":1},{"not_picked":["Combust","Clash"],"picked":"Headbutt","floor":2},{"not_picked":["Disarm","Clash"],"picked":"Twin Strike","floor":3},{"not_picked":["Metallicize","Warcry"],"picked":"Blood for Blood","floor":4},{"not_picked":["Twin Strike","Metallicize"],"picked":"Reaper","floor":6},{"not_picked":["Entrench","Infernal Blade"],"picked":"Feel No Pain","floor":8},{"not_picked":["Evolve","Sever Soul"],"picked":"Reckless Charge","floor":10},{"not_picked":["Iron Wave","Headbutt","Twin Strike"],"picked":"SKIP","floor":11},{"not_picked":["Flex","Twin Strike"],"picked":"Thunderclap","floor":12}],"player_experience":2640116,"relics_obtained":[{"floor":6,"key":"Ornamental Fan"},{"floor":8,"key":"Vajra"},{"floor":9,"key":"Dodecahedron"},{"floor":11,"key":"Ginger"}],"event_choices":[{"damage_healed":0,"gold_gain":0,"player_choice":"Ignored","damage_taken":0,"max_hp_gain":0,"max_hp_loss":0,"event_name":"Liars Game","floor":5,"gold_loss":0},{"damage_healed":0,"gold_gain":0,"player_choice":"Ignored","damage_taken":0,"max_hp_gain":0,"max_hp_loss":0,"event_name":"Shining Light","floor":13,"gold_loss":0},{"damage_healed":27,"gold_gain":0,"player_choice":"Banana","damage_taken":0,"max_hp_gain":0,"max_hp_loss":0,"event_name":"Big Fish","floor":14,"gold_loss":0}],"is_beta":false,"boss_relics":[],"items_purged_floors":[],"is_endless":false,"potions_floor_spawned":[1,2,3,6],"killed_by":"The Guardian","ascension_level":20}