{"gold_per_floor":[15,27,40,55,69,69,87,118,164,164,196,206,216,234,234,309,309,319,39,54,54],"floor_reached":21,"playtime":825,"items_purged":[],"score":325,"play_id":"e1ef49c4-4735-4114-8642-f4c987b18556","local_time":"25611114170700","is_ascension_mode":true,"campfire_choices":[{"data":"True Grit","floor":6.0,"key":"SMITH"},{"data":"True Grit","floor":10.0,"key":"SMITH"},{"floor":15.0,"key":"REST"}],"neow_cost":"NO_GOLD","seed_source_timestamp":13900536779732,"circlet_count":0,"master_deck":["AscendersBane","Strike_R","Strike_R","Strike_R","Strike_R","Defend_R","Defend_R","Defend_R","Bash","Thunderclap","Disarm","Cleave","Battle Trance","True Grit+1","Carnage","Power Through","True Grit+1","Pommel Strike","Wild Strike","Berserk","Decay","Regret","Decay","Burning Pact","Fiend Fire"],"special_seed":0,"relics":["Burning Blood","Dodecahedron","Bag of Marbles","Kunai","Calling Bell","Blood Vial","Frozen Egg 2","Prayer Wheel","Medical Kit"],"potions_floor_usage":[20],"damage_taken":[{"damage":3.0,"enemies":"Cultist","floor":1.0,"turns":4.0},{"damage":10.0,"enemies":"Jaw Worm","floor":2.0,"turns":4.0},{"damage":0.0,"enemies":"Small Slimes","floor":3.0,"turns":2.0},{"damage":7.0,"enemies":"3 Louse","floor":4.0,"turns":2.0},{"damage":7.0,"enemies":"2 Fungi Beasts","floor":5.0,"turns":4.0},{"damage":7.0,"enemies":"Red Slaver","floor":7.0,"turns":3.0},{"damage":26.0,"enemies":"Lagavulin","floor":8.0,"turns":7.0},{"damage":21.0,"enemies":"Gremlin Nob","floor":11.0,"turns":5.0},{"damage":0.0,"enemies":"Exordium Thugs","floor":12.0,"turns":3.0},{"damage":8.0,"enemies":"3 Louse","floor":13.0,"turns":3.0},{"damage":0.0,"enemies":"Looter","floor":14.0,"turns":2.0},{"damage":10.0,"enemies":"The Guardian","floor":16.0,"turns":13.0},{"damage":58.0,"enemies":"Spheric Guardian","floor":18.0,"turns":7.0},{"damage":23,"enemies":"Chosen","floor":20,"turns":4},{"damage":23,"enemies":"3 Cultists","floor":21,"turns":4}],"seed_played":"1444536989228714160","potions_obtained":[{"floor":4.0,"key":"SkillPotion"},{"floor":7.0,"key":"Block Potion"},{"floor":8.0,"key":"Weak Potion"},{"floor":12.0,"key":"Ancient Potion"},{"floor":14.0,"key":"PowerPotion"}],"is_trial":false,"path_per_floor":["M","M","M","M","M","R","M","E","T","R","E","M","M","M","R","B",null,"M","$","M","M"],"character_chosen":"IRONCLAD","items_purchased":["Medical Kit","BloodPotion"],"campfire_rested":1,"item_purchase_floors":[19,19],"current_hp_per_floor":[75,71,77,76,75,75,74,54,54,54,39,45,43,49,73,69,77,27,27,20,0],"gold":54,"neow_bonus":"TRANSFORM_TWO_CARDS","is_prod":false,"is_daily":false,"chose_seed":false,"campfire_upgraded":2,"win_rate":0,"timestamp":1542190020,"path_taken":["M","M","M","M","?","R","M","E","T","R","E","M","M","M","R","BOSS","M","$","M","M"],"build_version":"2018-11-08","purchased_purges":0,"victory":false,"max_hp_per_floor":[80,80,80,80,80,80,80,80,80,80,80,80,80,80,80,80,80,80,80,80,80],"card_choices":[{"not_picked":["Warcry","Perfected Strike"],"picked":"Cleave","floor":1.0},{"not_picked":["Ghostly Armor","Cleave"],"picked":"Battle Trance","floor":2.0},{"not_picked":["Entrench","Offering"],"picked":"True Grit","floor":3.0},{"not_picked":["Perfected Strike","Rupture"],"picked":"Carnage","floor":4.0},{"not_picked":["Thunderclap","Wild Strike"],"picked":"Power Through","floor":5.0},{"not_picked":["Cleave","Corruption"],"picked":"True Grit","floor":7.0},{"not_picked":["Clash","Rupture","Hemokinesis"],"picked":"SKIP","floor":8.0},{"not_picked":["Dark Embrace","Anger"],"picked":"Pommel Strike","floor":11.0},{"not_picked":["Reckless Charge","Blood for Blood"],"picked":"Wild Strike","floor":12.0},{"not_picked":["Sword Boomerang","Bloodletting","Fire Breathing"],"picked":"SKIP","floor":13.0},{"not_picked":["Wild Strike","True Grit","Headbutt"],"picked":"SKIP","floor":14.0},{"not_picked":["Juggernaut","Impervious"],"picked":"Berserk","floor":16.0},{"not_picked":["Power Through","Warcry"],"picked":"Burning Pact","floor":18.0},{"not_picked":["Clash","Heavy Blade+1","Perfected Strike"],"picked":"SKIP","floor":18.0},{"not_picked":["Clash","Heavy Blade"],"picked":"Fiend Fire","floor":20},{"not_picked":["Entrench+1","Pommel Strike","Iron Wave"],"picked":"SKIP","floor":20}],"player_experience":130719,"relics_obtained":[{"floor":8.0,"key":"Dodecahedron"},{"floor":9.0,"key":"Bag of Marbles"},{"floor":11.0,"key":"Kunai"},{"floor":17.0,"key":"Blood Vial"},{"floor":17.0,"key":"Frozen Egg 2"},{"floor":17.0,"key":"Prayer Wheel"}],"event_choices":[],"is_beta":false,"boss_relics":[{"not_picked":["Runic Cube","Velvet Choker"],"picked":"Calling Bell"}],"items_purged_floors":[],"is_endless":false,"potions_floor_spawned":[4,7,8,12,14],"killed_by":"3 Cultists","ascension_level":13}