{"gold_per_floor":[115,126,138,148,168,168,201,217,217,217],"floor_reached":10,"playtime":753,"items_purged":[],"score":144,"play_id":"7376f996-2827-4e0f-8b72-f03957d34046","local_time":"20190415075736","is_ascension_mode":true,"campfire_choices":[{"data":"Bash","floor":6,"key":"SMITH"}],"neow_cost":"NONE","seed_source_timestamp":2251488128432000,"circlet_count":0,"master_deck":["AscendersBane","Strike_R","Strike_R","Strike_R","Strike_R","Strike_R","Defend_R","Defend_R","Defend_R","Defend_R","Bash+1","True Grit","Thunderclap","Feel No Pain","Headbutt","Hemokinesis","Inflame","Shrug It Off"],"relics":["Burning Blood","Regal Pillow","Happy Flower","Gremlin Horn"],"potions_floor_usage":[5,8,10],"damage_taken":[{"damage":6,"enemies":"Cultist","floor":1,"turns":3},{"damage":4,"enemies":"Small Slimes","floor":2,"turns":7},{"damage":4,"enemies":"2 Louse","floor":3,"turns":4},{"damage":6,"enemies":"Looter","floor":4,"turns":4},{"damage":35,"enemies":"Exordium Thugs","floor":5,"turns":6},{"damage":34,"enemies":"Gremlin Nob","floor":7,"turns":4},{"damage":9,"enemies":"Red Slaver","floor":8,"turns":3},{"damage":12,"enemies":"3 Sentries","floor":10,"turns":2}],"seed_played":"1784647848929493928","potions_obtained":[{"floor":1,"key":"PowerPotion"},{"floor":2,"key":"Poison Potion"},{"floor":5,"key":"FearPotion"}],"is_trial":false,"path_per_floor":["M","M","M","M","M","R","E","M","T","E"],"character_chosen":"IRONCLAD","items_purchased":[],"campfire_rested":0,"item_purchase_floors":[],"current_hp_per_floor":[68,70,72,72,43,43,15,12,12,0],"gold":217,"neow_bonus":"RANDOM_COMMON_RELIC","is_prod":false,"is_daily":false,"chose_seed":false,"campfire_upgraded":1,"win_rate":0,"timestamp":1555311456,"path_taken":["M","?","M","M","M","R","E","M","T","E"],"build_version":"2019-01-23","purchased_purges":0,"victory":false,"max_hp_per_floor":[75,75,75,75,75,75,75,75,75,75],"card_choices":[{"not_picked":["Burning Pact","Flex"],"picked":"True Grit","floor":1},{"not_picked":["Evolve","Heavy Blade"],"picked":"Thunderclap","floor":2},{"not_picked":["Fire Breathing","Sword Boomerang"],"picked":"Feel No Pain","floor":3},{"not_picked":["Sword Boomerang","Pummel"],"picked":"Headbutt","floor":4},{"not_picked":["Perfected Strike","Bloodletting"],"picked":"Hemokinesis","floor":5},{"not_picked":["Combust","Sword Boomerang"],"picked":"Inflame","floor":7},{"not_picked":["Ghostly Armor","Hemokinesis"],"picked":"Shrug It Off","floor":8}],"player_experience":2746794,"relics_obtained":[{"floor":7,"key":"Happy Flower"},{"floor":9,"key":"Gremlin Horn"}],"event_choices":[],"is_beta":false,"boss_relics":[],"items_purged_floors":[],"is_endless":false,"potions_floor_spawned":[1,2,5],"killed_by":"3 Sentries","ascension_level":20}