{"gold_per_floor":[11,26,39,39,89,89,116,116,116,126,126,126,139,154,154,233,233,251,265,275,58,58,89,89,100,123,137,137,137,148,174,174,248,248,260,26,26,40,51,51,77,92,143,182,213,257,269,297,309,321],"floor_reached":51,"playtime":3486,"items_purged":["Strike_R","Strike_R"],"score":1436,"play_id":"8c3bbe4f-6ce2-4ef8-8b81-ff4359fb2775","local_time":"20180724172340","is_ascension_mode":true,"campfire_choices":[{"data":"Immolate","floor":6.0,"key":"SMITH"},{"data":"Bash","floor":8.0,"key":"SMITH"},{"data":"Anger","floor":12.0,"key":"SMITH"},{"floor":15.0,"key":"REST"},{"data":"Havoc","floor":24.0,"key":"SMITH"},{"data":"Shrug It Off","floor":28,"key":"SMITH"},{"data":"Feel No Pain","floor":32,"key":"SMITH"},{"floor":40,"key":"REST"},{"data":"Strike_R","floor":47,"key":"PURGE"},{"data":"Strike_R","floor":49,"key":"PURGE"}],"neow_cost":"NO_GOLD","seed_source_timestamp":17441146434261,"circlet_count":0,"master_deck":["Strike_R","Defend_R","Defend_R","Defend_R+1","Defend_R","Bash+1","AscendersBane","Immolate+1","Armaments+1","Anger+1","Pommel Strike","Flame Barrier","Offering","Inflame","Sever Soul","Evolve","Disarm","Havoc+1","Feel No Pain+1","Shrug It Off+1","RitualDagger","Entrench+1","Impervious","Fiend Fire","Corruption","Havoc","Shockwave","Disarm","Entrench+1","Havoc+1","Shrug It Off","True Grit+1","Burning Pact"],"special_seed":0,"relics":["Burning Blood","Incense Burner","Nunchaku","Dead Branch","Mark of Pain","Centennial Puzzle","Potion Belt","Bird Faced Urn","Fusion Hammer","Paper Frog","MawBank","Lantern","Peace Pipe"],"potions_floor_usage":[33,35,50,50,50],"damage_taken":[{"damage":0.0,"enemies":"2 Louse","floor":1.0,"turns":1.0},{"damage":0.0,"enemies":"Jaw Worm","floor":2.0,"turns":3.0},{"damage":1.0,"enemies":"Cultist","floor":3.0,"turns":3.0},{"damage":19.0,"enemies":"Lagavulin","floor":7.0,"turns":4.0},{"damage":11.0,"enemies":"Large Slime","floor":10.0,"turns":5.0},{"damage":7.0,"enemies":"2 Fungi Beasts","floor":13.0,"turns":2.0},{"damage":28.0,"enemies":"Gremlin Gang","floor":14.0,"turns":3.0},{"damage":25.0,"enemies":"Hexaghost","floor":16.0,"turns":8.0},{"damage":2.0,"enemies":"3 Byrds","floor":18.0,"turns":3.0},{"damage":11.0,"enemies":"Spheric Guardian","floor":19.0,"turns":3.0},{"damage":5.0,"enemies":"Centurion and Healer","floor":20.0,"turns":3.0},{"damage":13.0,"enemies":"Book of Stabbing","floor":23.0,"turns":4.0},{"damage":28.0,"enemies":"Snake Plant","floor":25.0,"turns":4.0},{"damage":0,"enemies":"3 Cultists","floor":27,"turns":4},{"damage":5,"enemies":"Chosen and Byrds","floor":30,"turns":5},{"damage":3,"enemies":"Gremlin Leader","floor":31,"turns":4},{"damage":38,"enemies":"Collector","floor":33,"turns":10},{"damage":5,"enemies":"Flame Bruiser 1 Orb","floor":35,"turns":2},{"damage":12,"enemies":"3 Shapes","floor":38,"turns":4},{"damage":6,"enemies":"Sphere and 2 Shapes","floor":39,"turns":3},{"damage":8,"enemies":"Giant Head","floor":41,"turns":4},{"damage":0,"enemies":"Transient","floor":42,"turns":5},{"damage":30,"enemies":"2 Orb Walkers","floor":44,"turns":4},{"damage":5,"enemies":"Flame Bruiser 2 Orb","floor":45,"turns":4},{"damage":5,"enemies":"Nemesis","floor":46,"turns":3},{"damage":8,"enemies":"3 Darklings","floor":48,"turns":2},{"damage":22,"enemies":"Time Eater","floor":50,"turns":7}],"seed_played":"-799490469725332770","potions_obtained":[{"floor":2.0,"key":"FearPotion"},{"floor":14.0,"key":"EssenceOfSteel"},{"floor":19.0,"key":"Fire Potion"},{"floor":31,"key":"BloodPotion"},{"floor":33,"key":"Fruit Juice"},{"floor":38,"key":"SteroidPotion"},{"floor":39,"key":"SpeedPotion"},{"floor":44,"key":"LiquidBronze"},{"floor":45,"key":"PowerPotion"},{"floor":48,"key":"Strength Potion"}],"is_trial":false,"path_per_floor":["M","M","M","?","?","R","E","R","T","M","?","R","M","M","R","B",null,"M","M","M","$","?","E","R","M","T","M","R","?","M","E","R","B",null,"M","$","?","M","M","R","E","M","T","E","M","E","R","M","R","B"],"character_chosen":"IRONCLAD","items_purchased":["Evolve","Disarm","Corruption","Havoc"],"campfire_rested":2,"item_purchase_floors":[21,21,36,36],"current_hp_per_floor":[74,75,75,52,52,52,39,39,39,34,34,34,33,11,33,14,60,64,59,60,60,60,53,53,31,31,55,55,49,62,65,65,48,68,76,76,80,78,80,80,80,80,80,60,80,80,80,83,83,83],"gold":333,"neow_bonus":"THREE_RARE_CARDS","is_prod":false,"is_daily":false,"chose_seed":false,"campfire_upgraded":6,"win_rate":0,"timestamp":1532478220,"path_taken":["M","M","M","?","?","R","E","R","T","M","?","R","M","M","R","BOSS","M","M","M","$","?","E","R","M","T","M","R","?","M","E","R","BOSS","M","$","?","M","M","R","E","M","T","E","M","E","R","M","R","BOSS"],"build_version":"2018-07-19v2","purchased_purges":2,"victory":true,"max_hp_per_floor":[75,75,75,75,75,75,75,75,75,75,75,75,75,75,75,75,75,75,75,75,75,75,75,75,75,75,75,75,75,75,75,75,75,75,80,80,80,80,80,80,80,80,80,80,80,80,80,83,83,83],"card_choices":[{"not_picked":["Double Tap","Exhume"],"picked":"Immolate","floor":0.0},{"not_picked":["Infernal Blade","Twin Strike"],"picked":"Armaments","floor":1.0},{"not_picked":["Perfected Strike","Whirlwind"],"picked":"Anger","floor":2.0},{"not_picked":["Twin Strike","Flex","Body Slam"],"picked":"SKIP","floor":3.0},{"not_picked":["Iron Wave","Entrench","Pummel"],"picked":"SKIP","floor":7.0},{"not_picked":["Heavy Blade","Cleave"],"picked":"Pommel Strike","floor":10.0},{"not_picked":["Hemokinesis","Evolve","Clothesline"],"picked":"SKIP","floor":13.0},{"not_picked":["Evolve","Combust"],"picked":"Flame Barrier","floor":14.0},{"not_picked":["Brutality","Berserk"],"picked":"Offering","floor":16.0},{"not_picked":["Cleave","Thunderclap"],"picked":"Inflame","floor":18.0},{"not_picked":["Reckless Charge+1","Clash","Fire Breathing"],"picked":"SKIP","floor":19.0},{"not_picked":["Anger","Pommel Strike"],"picked":"Sever Soul","floor":20.0},{"not_picked":["Carnage","Anger"],"picked":"Havoc","floor":23.0},{"not_picked":["Wild Strike+1","Havoc"],"picked":"Feel No Pain","floor":25.0},{"not_picked":["Pommel Strike","Iron Wave"],"picked":"Shrug It Off","floor":27},{"not_picked":["Blood for Blood","Clothesline"],"picked":"Entrench+1","floor":30},{"not_picked":["Iron Wave+1","Infernal Blade"],"picked":"Impervious","floor":31},{"not_picked":["Demon Form","Offering"],"picked":"Fiend Fire","floor":33},{"not_picked":["Perfected Strike+1","Whirlwind","Armaments"],"picked":"SKIP","floor":35},{"not_picked":["Heavy Blade+1","Thunderclap+1"],"picked":"Shockwave","floor":38},{"not_picked":["Shockwave+1","Pommel Strike+1"],"picked":"Disarm","floor":39},{"not_picked":["Clothesline","Rampage+1","Perfected Strike"],"picked":"SKIP","floor":41},{"not_picked":["Clash","Dropkick"],"picked":"Entrench+1","floor":42},{"not_picked":["Spot Weakness+1","Iron Wave"],"picked":"Havoc+1","floor":44},{"not_picked":["Inflame","Flame Barrier"],"picked":"Shrug It Off","floor":45},{"not_picked":["Havoc","Reckless Charge"],"picked":"True Grit+1","floor":46},{"not_picked":["Combust+1","Shrug It Off"],"picked":"Burning Pact","floor":48}],"player_experience":870077,"relics_obtained":[{"floor":7.0,"key":"Incense Burner"},{"floor":9.0,"key":"Nunchaku"},{"floor":23.0,"key":"Centennial Puzzle"},{"floor":26.0,"key":"Potion Belt"},{"floor":31,"key":"Bird Faced Urn"},{"floor":41,"key":"Paper Frog"},{"floor":43,"key":"MawBank"},{"floor":44,"key":"Lantern"},{"floor":46,"key":"Peace Pipe"}],"event_choices":[{"event_name":"Shining Light","player_choice":"Entered Light","floor":4.0,"damage_taken":0.0},{"event_name":"Golden Shrine","player_choice":"Pray","floor":5.0,"damage_taken":0.0},{"event_name":"Wheel of Change","player_choice":"Relic","floor":11.0,"damage_taken":0.0},{"event_name":"The Mausoleum","player_choice":"No","floor":22.0,"damage_taken":0.0},{"event_name":"Nest","player_choice":"Joined the Cult","floor":29,"damage_taken":0},{"event_name":"Wheel of Change","player_choice":"Full Heal","floor":37,"damage_taken":0}],"is_beta":false,"boss_relics":[{"not_picked":["Pandora\u0027s Box","Sozu"],"picked":"Mark of Pain"},{"not_picked":["Coffee Dripper","Tiny House"],"picked":"Fusion Hammer"}],"items_purged_floors":[21,36],"is_endless":false,"potions_floor_spawned":[2,14,19,31,33,38,39,44,45,46,48],"ascension_level":15}