{"gold_per_floor":[111,127,3,3,26,26,62,143,143,143,143,166,209,72,72,165,165,180,201,251,376,397,437,437,437,437,462,462,505,519,540,540,635,635,660,674,422,422,437,471,31,55,134,165,165,190,210,16,16,16],"floor_reached":51,"playtime":3064,"items_purged":["Strike_R","Strike_R","Strike_R","Strike_R"],"score":1331,"play_id":"fec1fe28-5b08-4ad9-882b-aed6b014716a","local_time":"20190328091034","is_ascension_mode":true,"campfire_choices":[{"data":"Bash","floor":6.0,"key":"SMITH"},{"floor":11.0,"key":"REST"},{"floor":15.0,"key":"REST"},{"data":"Heavy Blade","floor":24.0,"key":"SMITH"},{"data":"Shockwave","floor":28.0,"key":"SMITH"},{"data":"Iron Wave","floor":32.0,"key":"SMITH"},{"data":"Defend_R","floor":45,"key":"SMITH"},{"data":"Headbutt","floor":49,"key":"SMITH"}],"neow_cost":"NONE","seed_source_timestamp":3430082096371,"circlet_count":0,"master_deck":["AscendersBane","Strike_R","Defend_R","Defend_R+1","Defend_R+1","Defend_R+1","Bash+1","Combust+1","Iron Wave+1","Shockwave+1","Reckless Charge","Spot Weakness+1","Heavy Blade+1","Shrug It Off+1","Finesse+1","Reaper","Havoc+1","Battle Trance+1","Shrug It Off+1","Shrug It Off+1","Warcry+1","True Grit+1","Impervious+1","Discovery+1","True Grit+1","Headbutt+1","Burning Pact+1","Second Wind+1","True Grit+1","Carnage"],"special_seed":0,"relics":["Burning Blood","Lantern","Golden Idol","Gambling Chip","Smiling Mask","Toxic Egg 2","Strawberry","Coffee Dripper","Unceasing Top","Blue Candle","Singing Bowl","Matryoshka","Boot","Mark of Pain","Anchor","Pantograph","Pen Nib","Letter Opener","War Paint","Gremlin Horn","Omamori"],"potions_floor_usage":[44,50,50],"damage_taken":[{"damage":0.0,"enemies":"Small Slimes","floor":1.0,"turns":3.0},{"damage":9.0,"enemies":"Jaw Worm","floor":2.0,"turns":3.0},{"damage":16.0,"enemies":"2 Louse","floor":5.0,"turns":3.0},{"damage":13.0,"enemies":"Gremlin Nob","floor":7.0,"turns":4.0},{"damage":16.0,"enemies":"Lagavulin Event","floor":8.0,"turns":5.0},{"damage":10.0,"enemies":"2 Fungi Beasts","floor":12.0,"turns":3.0},{"damage":23.0,"enemies":"3 Sentries","floor":13.0,"turns":4.0},{"damage":45.0,"enemies":"The Guardian","floor":16.0,"turns":12.0},{"damage":2.0,"enemies":"Chosen","floor":18.0,"turns":3.0},{"damage":14.0,"enemies":"2 Thieves","floor":19.0,"turns":4.0},{"damage":29.0,"enemies":"Colosseum Slavers","floor":21.0,"turns":5.0},{"damage":2.0,"enemies":"Colosseum Nobs","floor":21.0,"turns":4.0},{"damage":37.0,"enemies":"Snake Plant","floor":22.0,"turns":5.0},{"damage":30.0,"enemies":"Book of Stabbing","floor":23.0,"turns":5.0},{"damage":7.0,"enemies":"Snecko","floor":27.0,"turns":5.0},{"damage":21.0,"enemies":"Gremlin Leader","floor":29.0,"turns":5.0},{"damage":0.0,"enemies":"Chosen and Byrds","floor":30.0,"turns":4.0},{"damage":15.0,"enemies":"Centurion and Healer","floor":31.0,"turns":5.0},{"damage":84.0,"enemies":"Collector","floor":33.0,"turns":15.0},{"damage":26,"enemies":"3 Darklings","floor":35,"turns":6},{"damage":4,"enemies":"3 Shapes","floor":36,"turns":5},{"damage":37,"enemies":"Writhing Mass","floor":39,"turns":8},{"damage":19,"enemies":"Nemesis","floor":40,"turns":9},{"damage":6,"enemies":"Sphere and 2 Shapes","floor":42,"turns":6},{"damage":57,"enemies":"Giant Head","floor":44,"turns":9},{"damage":1,"enemies":"4 Shapes","floor":46,"turns":4},{"damage":33,"enemies":"Jaw Worm Horde","floor":47,"turns":6},{"damage":83,"enemies":"Donu and Deca","floor":50,"turns":9}],"seed_played":"500559819019767305","potions_obtained":[{"floor":5.0,"key":"Block Potion"},{"floor":13.0,"key":"Energy Potion"},{"floor":22.0,"key":"Energy Potion"},{"floor":23.0,"key":"Ancient Potion"},{"floor":29.0,"key":"Block Potion"},{"floor":31.0,"key":"BloodPotion"},{"floor":33.0,"key":"BloodPotion"},{"floor":35,"key":"SteroidPotion"},{"floor":47,"key":"SpeedPotion"}],"is_trial":false,"path_per_floor":["M","M","$","?","M","R","E","?","T","?","R","M","E","$","R","B",null,"M","M","?","?","M","E","R","?","T","M","R","E","M","M","R","B",null,"M","M","$","?","M","E","$","M","T","E","R","M","M","$","R","B",null],"character_chosen":"IRONCLAD","items_purchased":["Shockwave","Strength Potion","Finesse+1","Swift Potion","Anchor","Pen Nib","Letter Opener","PowerPotion","True Grit+1","Carnage"],"campfire_rested":2,"item_purchase_floors":[3,3,14,37,37,41,41,48,48,48],"current_hp_per_floor":[74,71,71,68,58,58,51,41,41,21,41,37,27,27,49,10,59,71,75,75,75,47,44,44,44,44,49,49,52,76,70,70,23,65,81,83,83,83,64,58,58,82,82,47,47,85,84,84,84,25],"gold":16,"neow_bonus":"RANDOM_COMMON_RELIC","is_prod":false,"is_daily":false,"chose_seed":false,"campfire_upgraded":6,"win_rate":0,"timestamp":1553789434,"path_taken":["M","M","$","?","M","R","E","?","T","?","R","M","E","$","R","BOSS","M","M","?","?","M","E","R","?","T","M","R","E","?","M","R","BOSS","M","M","$","?","M","E","$","M","T","E","R","M","M","$","R","BOSS"],"build_version":"2019-01-23","purchased_purges":4,"victory":true,"max_hp_per_floor":[75,75,75,68,68,68,68,68,68,68,68,68,75,75,75,75,75,75,75,75,75,75,75,75,75,75,75,75,77,77,79,79,79,79,81,83,83,83,83,85,85,85,85,85,85,85,87,87,87,87],"card_choices":[{"not_picked":["Wild Strike","Warcry"],"picked":"Combust","floor":1.0},{"not_picked":["Shrug It Off","Thunderclap"],"picked":"Iron Wave","floor":2.0},{"not_picked":["Body Slam","Cleave"],"picked":"Reckless Charge","floor":5.0},{"not_picked":["Entrench","Headbutt"],"picked":"Spot Weakness","floor":7.0},{"not_picked":["Power Through+1","Fire Breathing"],"picked":"Heavy Blade","floor":12.0},{"not_picked":["Brutality","Burning Pact+1"],"picked":"Shrug It Off+1","floor":13.0},{"not_picked":["Feed","Double Tap+1"],"picked":"Reaper","floor":16.0},{"not_picked":["Flex+1","Fire Breathing"],"picked":"Havoc+1","floor":18.0},{"not_picked":["Body Slam+1","Rupture"],"picked":"Battle Trance+1","floor":19.0},{"not_picked":["Body Slam","Heavy Blade"],"picked":"Shrug It Off+1","floor":22.0},{"not_picked":["Feed","Rupture"],"picked":"Shrug It Off+1","floor":23.0},{"not_picked":["Twin Strike","Armaments+1"],"picked":"Warcry+1","floor":27.0},{"not_picked":["Warcry+1","Headbutt","Flex+1"],"picked":"Singing Bowl","floor":29.0},{"not_picked":["Pommel Strike","Clothesline"],"picked":"True Grit+1","floor":30.0},{"not_picked":["Warcry+1","Havoc+1","Berserk"],"picked":"Singing Bowl","floor":31.0},{"not_picked":["Feed","Dark Embrace"],"picked":"Impervious+1","floor":33.0},{"not_picked":["Fire Breathing","Cleave+1","Clothesline"],"picked":"Singing Bowl","floor":35},{"not_picked":["Cleave+1","Pommel Strike","Armaments+1"],"picked":"Singing Bowl","floor":36},{"not_picked":["Violence+1","Master of Strategy+1"],"picked":"Discovery+1","floor":38},{"not_picked":["Twin Strike","Power Through+1"],"picked":"True Grit+1","floor":39},{"not_picked":["Pommel Strike","Warcry+1","Searing Blow"],"picked":"Singing Bowl","floor":40},{"not_picked":["Shrug It Off+1","Clash+1"],"picked":"Headbutt","floor":42},{"not_picked":["Iron Wave","Immolate"],"picked":"Burning Pact+1","floor":44},{"not_picked":["Fire Breathing+1","Dual Wield+1"],"picked":"Second Wind+1","floor":46},{"not_picked":["Anger","Uppercut","Sentinel+1"],"picked":"Singing Bowl","floor":47}],"player_experience":2389022,"relics_obtained":[{"floor":7.0,"key":"Gambling Chip"},{"floor":8.0,"key":"Smiling Mask"},{"floor":9.0,"key":"Toxic Egg 2"},{"floor":13.0,"key":"Strawberry"},{"floor":21.0,"key":"Unceasing Top"},{"floor":21.0,"key":"Blue Candle"},{"floor":23.0,"key":"Singing Bowl"},{"floor":26.0,"key":"Matryoshka"},{"floor":29.0,"key":"Boot"},{"floor":40,"key":"Pantograph"},{"floor":43,"key":"War Paint"},{"floor":43,"key":"Gremlin Horn"},{"floor":44,"key":"Omamori"}],"event_choices":[{"damage_healed":0.0,"max_hp_gain":0.0,"max_hp_loss":7.0,"gold_gain":0.0,"event_name":"Golden Idol","player_choice":"Lose Max HP","floor":4.0,"gold_loss":0.0,"damage_taken":0.0,"relics_obtained":["Golden Idol"]},{"damage_healed":0.0,"max_hp_gain":0.0,"max_hp_loss":0.0,"gold_gain":0.0,"event_name":"Dead Adventurer","player_choice":"Searched \u00271\u0027 times","floor":8.0,"gold_loss":0.0,"damage_taken":0.0},{"damage_healed":0.0,"max_hp_gain":0.0,"max_hp_loss":0.0,"gold_gain":0.0,"event_name":"Shining Light","player_choice":"Entered Light","floor":10.0,"gold_loss":0.0,"damage_taken":20.0,"cards_upgraded":["Combust","Spot Weakness"]},{"damage_healed":0.0,"max_hp_gain":0.0,"max_hp_loss":0.0,"gold_gain":50.0,"event_name":"Nest","player_choice":"Stole From Cult","floor":20.0,"gold_loss":0.0,"damage_taken":0.0},{"damage_healed":0.0,"max_hp_gain":0.0,"max_hp_loss":0.0,"gold_gain":0.0,"event_name":"Colosseum","player_choice":"Fight","floor":21.0,"gold_loss":0.0,"damage_taken":0.0},{"damage_healed":0.0,"max_hp_gain":0.0,"max_hp_loss":0.0,"gold_gain":0.0,"event_name":"Colosseum","player_choice":"Fought Nobs","floor":21.0,"gold_loss":0.0,"damage_taken":0.0},{"damage_healed":0.0,"max_hp_gain":0.0,"max_hp_loss":0.0,"gold_gain":0.0,"event_name":"N\u0027loth","player_choice":"Ignored","floor":25.0,"gold_loss":0.0,"damage_taken":0.0},{"damage_healed":0,"gold_gain":0,"player_choice":"Memory 1","damage_taken":0,"max_hp_gain":0,"max_hp_loss":0,"event_name":"SensoryStone","floor":38,"gold_loss":0}],"is_beta":false,"boss_relics":[{"not_picked":["Astrolabe","Runic Pyramid"],"picked":"Coffee Dripper"},{"not_picked":["Runic Cube","White Beast Statue"],"picked":"Mark of Pain"}],"items_purged_floors":[14,37,41,48],"is_endless":false,"potions_floor_spawned":[5,7,13,21,22,23,29,30,31,33,35,39,42,47],"ascension_level":15}