{"gold_per_floor":[113,113,130,145,165,165,185,185,185,185,212,212,8,35,35,137,137,153,172,172,192,192],"floor_reached":22,"playtime":1725,"items_purged":[],"score":294,"play_id":"fffe6186-ac3b-4879-83d0-8e74a04f93d4","local_time":"20181227142532","is_ascension_mode":true,"campfire_choices":[{"data":"Go for the Eyes","floor":6.0,"key":"SMITH"},{"data":"Dualcast","floor":8.0,"key":"SMITH"},{"data":"Self Repair","floor":10,"key":"SMITH"},{"floor":15,"key":"REST"}],"neow_cost":"NONE","seed_source_timestamp":3343158927311,"circlet_count":0,"master_deck":["AscendersBane","Strike_B","Strike_B","Strike_B","Strike_B","Defend_B","Defend_B","Defend_B","Defend_B+1","Zap+1","Dualcast+1","Go for the Eyes+1","Self Repair+1","Gash","Rebound+1","Rainbow","Defragment+1","Thunder Strike","Injury","Clumsy","Writhe","Hologram+1","Undo+1","Melter"],"special_seed":0,"relics":["Cracked Core","Happy Flower","Bottled Lightning","Gremlin Horn","Toolbox","Mercury Hourglass","Calling Bell","Bag of Marbles","Toxic Egg 2","Girya"],"potions_floor_usage":[14,16,18,22],"damage_taken":[{"damage":1.0,"enemies":"Cultist","floor":1.0,"turns":3.0},{"damage":0.0,"enemies":"2 Louse","floor":3.0,"turns":2.0},{"damage":7.0,"enemies":"Jaw Worm","floor":4.0,"turns":3.0},{"damage":3.0,"enemies":"Blue Slaver","floor":5.0,"turns":4.0},{"damage":10.0,"enemies":"Red Slaver","floor":7.0,"turns":3.0},{"damage":34,"enemies":"Lagavulin","floor":11,"turns":7},{"damage":5,"enemies":"Gremlin Nob","floor":14,"turns":3},{"damage":38,"enemies":"The Guardian","floor":16,"turns":10},{"damage":24,"enemies":"Shell Parasite","floor":18,"turns":4},{"damage":21,"enemies":"Spheric Guardian","floor":19,"turns":5},{"damage":10,"enemies":"Shelled Parasite and Fungi","floor":21,"turns":9},{"damage":31,"enemies":"3 Cultists","floor":22,"turns":4}],"seed_played":"5585054996514461385","potions_obtained":[{"floor":4.0,"key":"Weak Potion"},{"floor":14,"key":"Fire Potion"},{"floor":16,"key":"AttackPotion"},{"floor":21,"key":"Energy Potion"}],"is_trial":false,"path_per_floor":["M","?","M","M","M","R","M","R","R","E","?","$","E","R","B",null,"M","M","?","M","M"],"character_chosen":"DEFECT","items_purchased":["Toolbox"],"campfire_rested":1,"item_purchase_floors":[13],"current_hp_per_floor":[67,67,67,67,71,71,68,68,68,68,44,29,29,34,56,28,63,49,28,28,28,0],"gold":192,"neow_bonus":"RANDOM_COMMON_RELIC","is_prod":false,"is_daily":false,"chose_seed":false,"campfire_upgraded":3,"win_rate":0,"timestamp":1545917132,"path_taken":["M","?","?","M","M","R","M","R","T","R","E","?","?","E","R","BOSS","M","M","?","?","?"],"build_version":"2018-12-25","purchased_purges":0,"victory":false,"max_hp_per_floor":[75,75,75,75,75,75,75,75,75,75,75,75,75,75,75,75,75,75,75,75,75,75],"card_choices":[{"not_picked":["Cold Snap","Compile Driver"],"picked":"Go for the Eyes","floor":1.0},{"not_picked":["Force Field","Turbo"],"picked":"Self Repair","floor":3.0},{"not_picked":["Go for the Eyes","Cold Snap"],"picked":"Gash","floor":4.0},{"not_picked":["Steam","Compile Driver","Reprogram"],"picked":"SKIP","floor":5.0},{"not_picked":["Cold Snap","Beam Cell"],"picked":"Rebound","floor":7.0},{"not_picked":["Streamline","Leap"],"picked":"Rainbow","floor":11},{"not_picked":["Hyperbeam","Lockon"],"picked":"Defragment","floor":14},{"not_picked":["Rainbow","Meteor Strike"],"picked":"Thunder Strike","floor":16},{"not_picked":["Redo+1","Streamline"],"picked":"Hologram+1","floor":18},{"not_picked":["Gash","Darkness+1"],"picked":"Undo+1","floor":19},{"not_picked":["Self Repair","Beam Cell"],"picked":"Melter","floor":21}],"player_experience":312913,"relics_obtained":[{"floor":9,"key":"Bottled Lightning"},{"floor":11,"key":"Gremlin Horn"},{"floor":14,"key":"Mercury Hourglass"},{"floor":17,"key":"Bag of Marbles"},{"floor":17,"key":"Toxic Egg 2"},{"floor":17,"key":"Girya"}],"event_choices":[{"damage_healed":0.0,"max_hp_gain":0.0,"max_hp_loss":0.0,"gold_gain":0.0,"event_name":"Upgrade Shrine","player_choice":"Upgraded","floor":2.0,"gold_loss":0.0,"damage_taken":0.0,"cards_upgraded":["Zap"]},{"damage_healed":0,"gold_gain":0,"player_choice":"Entered Light","damage_taken":15,"max_hp_gain":0,"max_hp_loss":0,"event_name":"Shining Light","floor":12,"gold_loss":0,"cards_upgraded":["Rebound","Defend_B"]},{"damage_healed":0,"gold_gain":0,"player_choice":"Forge","damage_taken":0,"max_hp_gain":0,"max_hp_loss":0,"event_name":"Accursed Blacksmith","floor":20,"gold_loss":0,"cards_upgraded":["Defragment"]}],"is_beta":true,"boss_relics":[{"not_picked":["Eternal Feather","Coffee Dripper"],"picked":"Calling Bell"}],"items_purged_floors":[],"is_endless":false,"potions_floor_spawned":[4,14,16,21],"killed_by":"3 Cultists","ascension_level":10}