{"gold_per_floor":[115,115,65,81,81,112,112,126,126,126,126,28,57,57,57,156,156,175,175,175,194,194,194,209,229,299,219,251,196,196,207,207,207],"floor_reached":33,"playtime":2278,"items_purged":["Defend_R","Decay"],"score":285,"play_id":"d5417beb-153e-479f-a3d6-d55d717a174d","local_time":"20190327233430","is_ascension_mode":true,"campfire_choices":[{"floor":7,"key":"REST"},{"floor":10,"key":"REST"},{"data":"Armaments","floor":15,"key":"SMITH"},{"floor":23,"key":"REST"},{"floor":32,"key":"REST"}],"neow_cost":"NONE","seed_source_timestamp":35469078187789,"circlet_count":0,"master_deck":["Strike_R","Strike_R","Strike_R","Defend_R","Defend_R","Defend_R","Bash","Panacea+1","Carnage","Sword Boomerang","Shrug It Off","Cleave","Armaments+1","Double Tap","Inflame+1","Metallicize+1","Twin Strike+1","Clothesline","Writhe","Dual Wield+1"],"relics":["Burning Blood","The Courier","PreservedInsect","StoneCalendar","Eternal Feather","Enchiridion","Shuriken","Centennial Puzzle","Tiny Chest","Kunai"],"potions_floor_usage":[24,24,28,28],"damage_taken":[{"damage":2,"enemies":"2 Louse","floor":1,"turns":4},{"damage":6,"enemies":"Jaw Worm","floor":4,"turns":3},{"damage":37,"enemies":"Lagavulin","floor":6,"turns":7},{"damage":2,"enemies":"Small Slimes","floor":8,"turns":3},{"damage":6,"enemies":"Gremlin Nob","floor":13,"turns":3},{"damage":54,"enemies":"Hexaghost","floor":16,"turns":8},{"damage":39,"enemies":"Shell Parasite","floor":18,"turns":6},{"damage":10,"enemies":"Spheric Guardian","floor":21,"turns":4},{"damage":15,"enemies":"Snake Plant","floor":24,"turns":5},{"damage":9,"enemies":"Snecko","floor":25,"turns":4},{"damage":32,"enemies":"Book of Stabbing","floor":28,"turns":5},{"damage":19,"enemies":"Cultist and Chosen","floor":31,"turns":7},{"damage":71,"enemies":"Collector","floor":33,"turns":6}],"seed_played":"-7040445392390423538","potions_obtained":[{"floor":4,"key":"Strength Potion"},{"floor":13,"key":"Weak Potion"},{"floor":21,"key":"SteroidPotion"},{"floor":24,"key":"Energy Potion"}],"is_trial":false,"path_per_floor":["M","?","?","M","?","E","R","M","T","R","?","$","E","$","R","B",null,"M","?","?","M","?","R","M","M","T","$","E","?","?","M","R","B"],"character_chosen":"IRONCLAD","items_purchased":["Armaments"],"campfire_rested":4,"item_purchase_floors":[12],"current_hp_per_floor":[80,73,73,73,73,42,66,70,70,80,80,80,80,80,80,32,80,47,73,57,53,53,80,71,68,68,68,42,42,42,29,65,0],"gold":207,"neow_bonus":"RANDOM_COLORLESS","is_prod":false,"is_daily":false,"chose_seed":false,"campfire_upgraded":1,"win_rate":0,"timestamp":1553729670,"path_taken":["M","?","?","M","?","E","R","?","T","R","?","$","E","$","R","BOSS","M","?","?","M","?","R","M","M","T","?","E","?","?","?","R","BOSS"],"build_version":"2019-01-23","purchased_purges":2,"victory":false,"max_hp_per_floor":[80,80,80,80,80,80,80,80,80,80,80,80,80,80,80,80,80,80,80,80,80,80,80,80,80,80,80,80,80,80,80,80,80],"card_choices":[{"not_picked":["Rupture","Havoc"],"picked":"Carnage","floor":1},{"not_picked":["True Grit","Wild Strike"],"picked":"Sword Boomerang","floor":4},{"not_picked":["Brutality","Second Wind"],"picked":"Shrug It Off","floor":6},{"not_picked":["Burning Pact","Wild Strike"],"picked":"Cleave","floor":8},{"not_picked":["Entrench","Sword Boomerang","Cleave"],"picked":"SKIP","floor":13},{"not_picked":["Reaper","Fiend Fire"],"picked":"Double Tap","floor":16},{"not_picked":["Thunderclap","Flex+1"],"picked":"Inflame+1","floor":18},{"not_picked":["Dropkick","Flex"],"picked":"Metallicize+1","floor":21},{"not_picked":["Sword Boomerang","Fire Breathing"],"picked":"Twin Strike+1","floor":24},{"not_picked":["Intimidate","Headbutt","Clash"],"picked":"SKIP","floor":25},{"not_picked":["Havoc","Wild Strike"],"picked":"Clothesline","floor":28},{"not_picked":["True Grit","Iron Wave"],"picked":"Dual Wield+1","floor":31}],"player_experience":431522,"relics_obtained":[{"floor":6,"key":"The Courier"},{"floor":9,"key":"PreservedInsect"},{"floor":13,"key":"StoneCalendar"},{"floor":20,"key":"Enchiridion"},{"floor":26,"key":"Shuriken"},{"floor":28,"key":"Centennial Puzzle"}],"event_choices":[{"cards_removed":["Strike_R"],"damage_healed":0,"gold_gain":0,"player_choice":"Card Removal","damage_taken":7,"max_hp_gain":0,"max_hp_loss":0,"event_name":"Golden Wing","floor":2,"gold_loss":0},{"cards_removed":["Strike_R"],"damage_healed":0,"gold_gain":0,"player_choice":"Card Removal","damage_taken":0,"max_hp_gain":0,"max_hp_loss":0,"event_name":"The Cleric","floor":3,"gold_loss":50},{"damage_healed":0,"gold_gain":0,"player_choice":"Grow","damage_taken":0,"max_hp_gain":0,"max_hp_loss":0,"event_name":"Living Wall","floor":5,"gold_loss":0,"cards_upgraded":["Panacea"]},{"damage_healed":0,"gold_gain":0,"player_choice":"Bought 0 Potions","damage_taken":0,"max_hp_gain":0,"max_hp_loss":0,"event_name":"The Woman in Blue","floor":11,"gold_loss":0},{"damage_healed":26,"gold_gain":0,"player_choice":"Heal","damage_taken":0,"max_hp_gain":0,"max_hp_loss":0,"event_name":"The Library","floor":19,"gold_loss":0},{"damage_healed":0,"gold_gain":0,"player_choice":"Obtained Book","damage_taken":16,"max_hp_gain":0,"max_hp_loss":0,"event_name":"Cursed Tome","floor":20,"gold_loss":0},{"damage_healed":0,"gold_gain":0,"player_choice":"Smashed Altar","damage_taken":0,"max_hp_gain":0,"max_hp_loss":0,"event_name":"Forgotten Altar","floor":22,"gold_loss":0,"cards_obtained":["Decay"]},{"damage_healed":0,"gold_gain":0,"player_choice":"Obtained Relic","damage_taken":0,"relics_obtained":["Tiny Chest"],"max_hp_gain":0,"max_hp_loss":0,"event_name":"Addict","floor":29,"gold_loss":85},{"damage_healed":0,"gold_gain":0,"player_choice":"Opened","damage_taken":0,"relics_obtained":["Kunai"],"max_hp_gain":0,"max_hp_loss":0,"event_name":"The Mausoleum","floor":30,"gold_loss":0,"cards_obtained":["Writhe"]}],"is_beta":false,"boss_relics":[{"not_picked":["Runic Dome","Pandora\u0027s Box"],"picked":"Eternal Feather"}],"items_purged_floors":[12,27],"is_endless":false,"potions_floor_spawned":[4,13,21,24],"killed_by":"Collector","ascension_level":1}