{"gold_per_floor":[114,114,127,127,127,158,158,196,196,20,36,70,106,106],"floor_reached":14,"playtime":684,"items_purged":[],"score":212,"play_id":"0bcb656d-fecc-4bba-80ab-ac251d479221","local_time":"20180912155401","daily_mods":["Draft"],"is_ascension_mode":true,"campfire_choices":[{"data":"Coolheaded","floor":7.0,"key":"SMITH"}],"neow_cost":"","seed_source_timestamp":0,"circlet_count":0,"master_deck":["AscendersBane","Recycle","Go for the Eyes","Genetic Algorithm","Capacitor","Ball Lightning","Coolheaded+1","Ball Lightning","Sweeping Beam","Turbo","Stack","Steam","Ball Lightning","Reinforced Body","BootSequence","Beam Cell","Skim","Cold Snap","Conserve Battery"],"special_seed":0,"relics":["Cracked Core","Golden Idol","Singing Bowl","Pear","Question Card","Omamori","Dodecahedron","Odd Mushroom"],"potions_floor_usage":[],"damage_taken":[{"damage":1.0,"enemies":"2 Louse","floor":1.0,"turns":3.0},{"damage":0.0,"enemies":"Small Slimes","floor":3.0,"turns":2.0},{"damage":13.0,"enemies":"3 Sentries","floor":6.0,"turns":6.0},{"damage":12.0,"enemies":"Lagavulin","floor":8.0,"turns":8.0},{"damage":0.0,"enemies":"Jaw Worm","floor":11.0,"turns":2.0},{"damage":12.0,"enemies":"3 Sentries","floor":12.0,"turns":7.0},{"damage":0.0,"enemies":"The Mushroom Lair","floor":13.0,"turns":3.0},{"damage":31,"enemies":"Gremlin Gang","floor":14,"turns":3}],"seed_played":"-8198672961547412095","potions_obtained":[{"floor":1.0,"key":"SkillPotion"},{"floor":13.0,"key":"SpeedPotion"}],"is_trial":true,"path_per_floor":["M","?","M","$","?","E","R","E","T","$","M","E","?"],"character_chosen":"DEFECT","items_purchased":["Omamori"],"campfire_rested":0,"item_purchase_floors":[10],"current_hp_per_floor":[63,39,39,39,39,26,26,26,26,26,28,18,18,0],"gold":106,"neow_bonus":"","is_prod":false,"is_daily":false,"chose_seed":false,"campfire_upgraded":1,"win_rate":0,"timestamp":1536792841,"path_taken":["M","?","M","$","?","E","R","E","T","$","M","E","?","?"],"build_version":"2018-09-06","purchased_purges":0,"victory":false,"max_hp_per_floor":[71,71,71,71,71,71,71,83,83,83,85,87,87,87],"card_choices":[{"not_picked":["Self Repair","Stack"],"picked":"Recycle","floor":0.0},{"not_picked":["Reinforced Body","Rebound"],"picked":"Go for the Eyes","floor":0.0},{"not_picked":["Barrage","Stack"],"picked":"Genetic Algorithm","floor":0.0},{"not_picked":["Rebound","Turbo"],"picked":"Capacitor","floor":0.0},{"not_picked":["Melter","Cold Snap"],"picked":"Ball Lightning","floor":0.0},{"not_picked":["Streamline","Steam"],"picked":"Coolheaded","floor":0.0},{"not_picked":["Tempest","Compile Driver"],"picked":"Ball Lightning","floor":0.0},{"not_picked":["Melter","Rebound"],"picked":"Sweeping Beam","floor":0.0},{"not_picked":["Redo","Hello World"],"picked":"Turbo","floor":0.0},{"not_picked":["Rebound","Darkness"],"picked":"Stack","floor":0.0},{"not_picked":["Redo","Gash"],"picked":"Steam","floor":0.0},{"not_picked":["Stack","Turbo"],"picked":"Ball Lightning","floor":0.0},{"not_picked":["Beam Cell","Hologram"],"picked":"Reinforced Body","floor":0.0},{"not_picked":["Go for the Eyes","Gash"],"picked":"BootSequence","floor":0.0},{"not_picked":["Steam","Ball Lightning"],"picked":"Beam Cell","floor":0.0},{"not_picked":["Stack","Sunder","Turbo"],"picked":"SKIP","floor":1.0},{"not_picked":["Redo","Gash"],"picked":"Skim","floor":3.0},{"not_picked":["Beam Cell","Blizzard"],"picked":"Cold Snap","floor":6.0},{"not_picked":["Turbo","Gash","Thunder Strike"],"picked":"Singing Bowl","floor":8.0},{"not_picked":["Sunder","Scrape","Streamline","Redo"],"picked":"Singing Bowl","floor":11.0},{"not_picked":["Ball Lightning","Cold Snap","Storm","Beam Cell"],"picked":"Singing Bowl","floor":12.0},{"not_picked":["Go for the Eyes","Recycle","Self Repair"],"picked":"Conserve Battery","floor":13.0}],"player_experience":1116789,"relics_obtained":[{"floor":6.0,"key":"Singing Bowl"},{"floor":8.0,"key":"Pear"},{"floor":9.0,"key":"Question Card"},{"floor":12.0,"key":"Dodecahedron"},{"floor":13.0,"key":"Odd Mushroom"}],"event_choices":[{"event_name":"Golden Idol","player_choice":"Take Damage","floor":2.0,"damage_taken":0.0},{"event_name":"Scrap Ooze","player_choice":"unsuccessful","floor":5.0,"damage_taken":0.0},{"event_name":"Mushrooms","player_choice":"Fought Mushrooms","floor":13.0,"damage_taken":0.0}],"is_beta":false,"boss_relics":[],"items_purged_floors":[],"is_endless":false,"potions_floor_spawned":[1,13],"killed_by":"Gremlin Gang","ascension_level":20}