{"gold_per_floor":[214,225,243,256,256,256,272,272,272,282,313,332,392,417,417,491,491,507,140,190,253,103,103,252,252,252,269,282,312,312],"floor_reached":30,"playtime":2205,"items_purged":["Strike_G","Strike_G"],"score":449,"play_id":"2d439afe-6b8d-443b-bc6d-71ebee862762","local_time":"20180713154324","is_ascension_mode":true,"campfire_choices":[{"data":"Neutralize","floor":6,"key":"SMITH"},{"data":"Dagger Spray","floor":8,"key":"SMITH"},{"data":"Terror","floor":15,"key":"SMITH"},{"floor":23,"key":"REST"},{"floor":25,"key":"REST"}],"neow_cost":"NONE","seed_source_timestamp":28346455508593,"circlet_count":0,"master_deck":["Defend_G","Defend_G","Defend_G","Defend_G","Defend_G","Strike_G","Strike_G","Strike_G","Survivor","Neutralize+1","AscendersBane","Dagger Spray+1","Endless Agony","PiercingWail","Quick Slash","Deadly Poison","Terror+1","Noxious Fumes","Dodge and Roll","Backflip","Backflip","Burst","PiercingWail+1","Well Laid Plans","Dagger Spray+1","Sucker Punch","Footwork+1","Outmaneuver+1","Dagger Throw"],"relics":["Ring of the Snake","SsserpentHead","Potion Belt","Omamori","Pantograph","Fusion Hammer","Paper Crane","Question Card","Frozen Egg 2","Bottled Tornado"],"potions_floor_usage":[4,11,13,27,27,29,29],"damage_taken":[{"damage":0,"enemies":"2 Louse","floor":1,"turns":3},{"damage":2,"enemies":"Cultist","floor":2,"turns":5},{"damage":0,"enemies":"Jaw Worm","floor":3,"turns":3},{"damage":9,"enemies":"Gremlin Gang","floor":4,"turns":6},{"damage":3,"enemies":"Lots of Slimes","floor":7,"turns":4},{"damage":0,"enemies":"Red Slaver","floor":10,"turns":4},{"damage":5,"enemies":"Gremlin Nob","floor":11,"turns":4},{"damage":0,"enemies":"3 Louse","floor":12,"turns":2},{"damage":6,"enemies":"Exordium Wildlife","floor":13,"turns":5},{"damage":15,"enemies":"3 Sentries","floor":14,"turns":8},{"damage":33,"enemies":"The Guardian","floor":16,"turns":11},{"damage":15,"enemies":"Spheric Guardian","floor":18,"turns":6},{"damage":8,"enemies":"Chosen","floor":21,"turns":5},{"damage":8,"enemies":"3 Cultists","floor":27,"turns":5},{"damage":8,"enemies":"Slaver and Parasite","floor":28,"turns":8},{"damage":40,"enemies":"Slavers","floor":29,"turns":8},{"damage":18,"enemies":"Cultist and Chosen","floor":30,"turns":5}],"seed_played":"7468663301497731775","potions_obtained":[{"floor":1,"key":"SpeedPotion"},{"floor":2,"key":"SteroidPotion"},{"floor":7,"key":"GhostInAJar"},{"floor":10,"key":"Weak Potion"},{"floor":16,"key":"SteroidPotion"},{"floor":21,"key":"AttackPotion"},{"floor":27,"key":"AttackPotion"}],"is_trial":false,"path_per_floor":["M","M","M","M","?","R","M","R","T","M","E","M","M","E","R","B",null,"M","$","T","M","$","R","?","R","T","M","M","E"],"character_chosen":"THE_SILENT","items_purchased":["Well Laid Plans","Paper Crane","Sucker Punch"],"campfire_rested":2,"item_purchase_floors":[19,19,22],"current_hp_per_floor":[59,57,57,48,48,48,45,45,45,45,40,40,34,19,19,11,52,37,37,37,29,29,48,48,66,66,58,50,10,0],"gold":312,"neow_bonus":"HUNDRED_GOLD","is_prod":false,"is_daily":false,"chose_seed":false,"campfire_upgraded":3,"win_rate":0,"timestamp":1531521804,"path_taken":["M","M","M","M","?","R","M","R","T","M","E","M","?","E","R","BOSS","M","$","?","?","$","R","?","R","T","M","M","E","M"],"build_version":"2018-07-12","purchased_purges":2,"victory":false,"max_hp_per_floor":[66,66,66,66,66,66,66,66,66,66,66,66,66,66,66,66,66,66,66,66,66,66,66,66,66,66,66,66,66,66],"card_choices":[{"not_picked":["PiercingWail","Finisher"],"picked":"Dagger Spray","floor":1},{"not_picked":["Poisoned Stab","PiercingWail"],"picked":"Endless Agony","floor":2},{"not_picked":["Calculated Gamble","Choke"],"picked":"PiercingWail","floor":3},{"not_picked":["Slice","Flying Knee"],"picked":"Quick Slash","floor":4},{"not_picked":["Riddle With Holes","Outmaneuver"],"picked":"Deadly Poison","floor":7},{"not_picked":["Choke","Eviscerate"],"picked":"Terror","floor":10},{"not_picked":["Prepared","Distraction"],"picked":"Noxious Fumes","floor":11},{"not_picked":["Slice","Flying Knee"],"picked":"Dodge and Roll","floor":12},{"not_picked":["Slice","Distraction"],"picked":"Backflip","floor":13},{"not_picked":["Noxious Fumes","Finisher"],"picked":"Backflip","floor":14},{"not_picked":["Unload","Storm of Steel"],"picked":"Burst","floor":16},{"not_picked":["Predator","Concentrate"],"picked":"PiercingWail+1","floor":18},{"not_picked":["Heel Hook","Deflect+1","Well Laid Plans"],"picked":"Dagger Spray+1","floor":21},{"not_picked":["Infinite Blades+1","Prepared","Dagger Spray"],"picked":"Footwork+1","floor":27},{"not_picked":["Expertise","All Out Attack","Infinite Blades+1"],"picked":"Outmaneuver+1","floor":28},{"not_picked":["Choke","Deadly Poison","Underhanded Strike"],"picked":"Dagger Throw","floor":29}],"player_experience":750295,"relics_obtained":[{"floor":9,"key":"Potion Belt"},{"floor":11,"key":"Omamori"},{"floor":14,"key":"Pantograph"},{"floor":20,"key":"Question Card"},{"floor":26,"key":"Frozen Egg 2"},{"floor":29,"key":"Bottled Tornado"}],"event_choices":[{"event_name":"FaceTrader","player_choice":"Trade","floor":5,"damage_taken":0},{"event_name":"Nest","player_choice":"Stole From Cult","floor":24,"damage_taken":0}],"boss_relics":[{"not_picked":["Runic Dome","Snecko Eye"],"picked":"Fusion Hammer"}],"items_purged_floors":[19,22],"is_endless":false,"potions_floor_spawned":[1,2,7,10,16,21,27],"killed_by":"Cultist and Chosen","ascension_level":14}