{"gold_per_floor":[114,114,129,79,94,94,124,124,199,214,214,194,194,209,209,309,309,324,339,264,264,264,264,279,309,309,309,324,0,0,15,15,115,115,130,145,25,0,100,100,115,115,115,130,7,7,22,37,37,37],"floor_reached":51,"playtime":1339,"items_purged":[],"score":742,"play_id":"3c1d3d93-a4ff-4296-9e17-0d14729ef59b","local_time":"25611117194511","daily_mods":["Heirloom","Hoarder","Night Terrors"],"is_ascension_mode":false,"campfire_choices":[{"data":"Juggernaut","floor":6,"key":"SMITH"},{"data":"Juggernaut","floor":8,"key":"SMITH"},{"data":"Sentinel","floor":11,"key":"SMITH"},{"data":"Juggernaut","floor":13,"key":"SMITH"},{"floor":15,"key":"REST"},{"floor":23,"key":"REST"},{"floor":27,"key":"REST"},{"data":"Apotheosis","floor":32,"key":"SMITH"},{"data":"Apotheosis","floor":40,"key":"SMITH"},{"floor":49,"key":"REST"}],"neow_cost":"","seed_source_timestamp":0,"circlet_count":0,"master_deck":["Strike_R","Strike_R","Strike_R","Defend_R","Defend_R","Defend_R","Defend_R","Bash","Flex","Flex","Flex","Spot Weakness","Spot Weakness","Spot Weakness","Thunderclap","Thunderclap","Thunderclap","Juggernaut+1","Juggernaut+1","Juggernaut+1","Sentinel+1","Sentinel","Sentinel","Corruption","Corruption","Corruption","Pummel","Pummel","Pummel","Immolate","Immolate","Immolate","Apotheosis+1","Apotheosis+1","Apotheosis","True Grit","True Grit","True Grit","Feel No Pain","Feel No Pain","Feel No Pain","Armaments","Armaments","Demon Form","Demon Form","Demon Form","Pommel Strike+1","Pommel Strike+1","Pommel Strike+1","Disarm","Disarm","Disarm","Seeing Red","Seeing Red","Seeing Red","Dual Wield+1","Dual Wield+1","Dual Wield+1","Bandage Up+1","Bandage Up+1","Bandage Up+1","Inflame","Inflame","Inflame"],"special_seed":17852,"relics":["Burning Blood","Ice Cream","Mercury Hourglass","The Courier","Busted Crown","MutagenicStrength","Calipers","Pen Nib","Mark of Pain","Strawberry","Red Mask","Charon\u0027s Ashes","Toxic Egg 2","FaceOfCleric"],"potions_floor_usage":[14,16,18,31,31,33,33,33,36,39,50,50],"damage_taken":[{"damage":0,"enemies":"2 Louse","floor":1,"turns":4},{"damage":6,"enemies":"Cultist","floor":3,"turns":4},{"damage":6,"enemies":"Jaw Worm","floor":5,"turns":3},{"damage":39,"enemies":"3 Sentries","floor":7,"turns":6},{"damage":0,"enemies":"3 Louse","floor":10,"turns":3},{"damage":15,"enemies":"Red Slaver","floor":14,"turns":3},{"damage":38,"enemies":"The Guardian","floor":16,"turns":8},{"damage":22,"enemies":"2 Thieves","floor":18,"turns":3},{"damage":15,"enemies":"Chosen","floor":19,"turns":4},{"damage":3,"enemies":"Snecko","floor":24,"turns":3},{"damage":57,"enemies":"Slavers","floor":25,"turns":4},{"damage":32,"enemies":"Snake Plant","floor":28,"turns":4},{"damage":10,"enemies":"Chosen and Byrds","floor":31,"turns":4},{"damage":35,"enemies":"Collector","floor":33,"turns":5},{"damage":9,"enemies":"3 Shapes","floor":35,"turns":3},{"damage":5,"enemies":"Orb Walker","floor":36,"turns":3},{"damage":22,"enemies":"Mind Bloom Boss Battle","floor":39,"turns":6},{"damage":23,"enemies":"Writhing Mass","floor":41,"turns":5},{"damage":6,"enemies":"Jaw Worm Horde","floor":44,"turns":3},{"damage":12,"enemies":"3 Darklings","floor":47,"turns":3},{"damage":32,"enemies":"Sphere and 2 Shapes","floor":48,"turns":4},{"damage":73,"enemies":"Time Eater","floor":50,"turns":9}],"seed_played":"-3427943864636333063","potions_obtained":[{"floor":3,"key":"Weak Potion"},{"floor":12,"key":"Dexterity Potion"},{"floor":16,"key":"Explosive Potion"},{"floor":31,"key":"Strength Potion"},{"floor":33,"key":"LiquidBronze"},{"floor":35,"key":"Fruit Juice"},{"floor":44,"key":"Dexterity Potion"},{"floor":48,"key":"Poison Potion"}],"is_trial":false,"path_per_floor":["M","?","M","?","M","R","E","R","T","M","R","?","R","M","R","B",null,"M","M","?","?","?","R","M","E","T","R","M","$","?","M","R","B",null,"M","M","$","?","?","R","M","?","T","M","$","?","M","M","R","B",null],"character_chosen":"IRONCLAD","items_purchased":["EntropicBrew","Apotheosis","True Grit","Feel No Pain","Strawberry","Bandage Up+1","Inflame"],"campfire_rested":4,"item_purchase_floors":[29,29,29,29,37,45,45],"current_hp_per_floor":[80,80,80,80,80,80,47,47,47,53,53,53,53,44,75,43,75,59,50,50,36,36,75,75,24,24,70,44,44,44,40,40,11,70,67,73,80,80,64,64,47,47,47,47,47,47,42,17,79,31],"gold":37,"neow_bonus":"","is_prod":false,"is_daily":true,"chose_seed":false,"campfire_upgraded":6,"win_rate":0,"timestamp":1542458711,"path_taken":["M","?","?","?","M","R","E","R","T","M","R","?","R","?","R","BOSS","M","M","?","?","?","R","M","E","T","R","?","$","?","M","R","BOSS","M","?","$","?","?","R","M","?","T","?","$","?","M","M","R","BOSS"],"build_version":"2018-11-15","purchased_purges":0,"victory":true,"max_hp_per_floor":[80,80,80,80,80,80,80,80,80,80,80,80,80,80,75,75,75,75,75,75,80,80,75,75,75,75,70,70,70,70,70,70,70,70,70,75,82,82,82,82,82,82,82,82,82,82,83,84,79,80],"card_choices":[{"not_picked":["Body Slam","Clothesline"],"picked":"Flex","floor":1},{"not_picked":["Clash","Body Slam"],"picked":"Thunderclap","floor":3},{"not_picked":["Heavy Blade","Sword Boomerang"],"picked":"Juggernaut","floor":5},{"not_picked":["Cleave","Spot Weakness"],"picked":"Sentinel","floor":7},{"not_picked":["Iron Wave","Heavy Blade"],"picked":"Corruption","floor":10},{"not_picked":["Infernal Blade","Warcry"],"picked":"Pummel","floor":14},{"not_picked":["Feed","Limit Break"],"picked":"Immolate","floor":16},{"not_picked":["Havoc"],"picked":"SKIP","floor":18},{"not_picked":["Havoc"],"picked":"SKIP","floor":19},{"not_picked":["Corruption"],"picked":"SKIP","floor":24},{"not_picked":["Cleave"],"picked":"SKIP","floor":25},{"not_picked":["Hemokinesis"],"picked":"SKIP","floor":28},{"not_picked":[],"picked":"Armaments","floor":31},{"not_picked":[],"picked":"Demon Form","floor":33},{"not_picked":[],"picked":"Pommel Strike+1","floor":35},{"not_picked":[],"picked":"Disarm","floor":36},{"not_picked":[],"picked":"Seeing Red","floor":39},{"not_picked":["Clash+1"],"picked":"SKIP","floor":41},{"not_picked":[],"picked":"Dual Wield+1","floor":44},{"not_picked":["Perfected Strike"],"picked":"SKIP","floor":47},{"not_picked":["Carnage"],"picked":"SKIP","floor":48}],"player_experience":159310,"relics_obtained":[{"floor":7,"key":"Mercury Hourglass"},{"floor":9,"key":"The Courier"},{"floor":25,"key":"Calipers"},{"floor":26,"key":"Pen Nib"},{"floor":39,"key":"Charon\u0027s Ashes"},{"floor":43,"key":"Toxic Egg 2"}],"event_choices":[{"damage_healed":0,"gold_gain":0,"player_choice":"1 cards matched","damage_taken":0,"max_hp_gain":0,"max_hp_loss":0,"event_name":"Match and Keep!","floor":2,"gold_loss":0,"cards_obtained":["Spot Weakness"]},{"cards_removed":["Strike_R"],"damage_healed":0,"gold_gain":0,"player_choice":"Card Removal","damage_taken":0,"max_hp_gain":0,"max_hp_loss":0,"event_name":"The Cleric","floor":4,"gold_loss":50},{"damage_healed":0,"gold_gain":0,"player_choice":"Bought 1 Potion","damage_taken":0,"max_hp_gain":0,"max_hp_loss":0,"event_name":"The Woman in Blue","floor":12,"gold_loss":0},{"cards_removed":["Strike_R"],"damage_healed":0,"gold_gain":0,"player_choice":"Gave Gold","damage_taken":0,"max_hp_gain":0,"max_hp_loss":0,"event_name":"Beggar","floor":20,"gold_loss":75},{"damage_healed":0,"gold_gain":0,"player_choice":"Shed Blood","damage_taken":19,"max_hp_gain":5,"max_hp_loss":0,"event_name":"Forgotten Altar","floor":21,"gold_loss":0},{"damage_healed":0,"gold_gain":0,"player_choice":"Inject Mutagens","damage_taken":0,"relics_obtained":["MutagenicStrength"],"max_hp_gain":0,"max_hp_loss":0,"event_name":"Drug Dealer","floor":22,"gold_loss":0},{"damage_healed":0,"gold_gain":0,"player_choice":"Ignored","damage_taken":0,"max_hp_gain":0,"max_hp_loss":0,"event_name":"N\u0027loth","floor":30,"gold_loss":0},{"damage_healed":0,"gold_gain":0,"player_choice":"Paid","damage_taken":0,"relics_obtained":["Red Mask"],"max_hp_gain":0,"max_hp_loss":0,"event_name":"Tomb of Lord Red Mask","floor":38,"gold_loss":25},{"damage_healed":0,"gold_gain":0,"player_choice":"Fight","damage_taken":0,"max_hp_gain":0,"max_hp_loss":0,"event_name":"MindBloom","floor":39,"gold_loss":0},{"cards_removed":["Armaments"],"damage_healed":0,"gold_gain":0,"player_choice":"Removed Skill","damage_taken":0,"max_hp_gain":0,"max_hp_loss":0,"event_name":"Falling","floor":42,"gold_loss":0},{"damage_healed":0,"gold_gain":0,"player_choice":"Trade","damage_taken":0,"relics_obtained":["FaceOfCleric"],"max_hp_gain":0,"max_hp_loss":0,"event_name":"FaceTrader","floor":46,"gold_loss":0}],"is_beta":false,"boss_relics":[{"not_picked":["Lizard Tail","Calling Bell"],"picked":"Busted Crown"},{"not_picked":["Runic Cube","Coffee Dripper"],"picked":"Mark of Pain"}],"items_purged_floors":[],"is_endless":false,"potions_floor_spawned":[3,16,31,33,35,44,48],"ascension_level":0}