{"gold_per_floor":[115,85,104,117,117,145,164,164,190,50,76,1,1,16,16,120,120,139,153,163,63,63,89,89,104,104,104,129,129,129,164,164,268,268,286,299,399,309,21,21,49,49,74,74,89,120,133,167,167,167,167,167,42,76,76],"floor_reached":56,"playtime":2935,"items_purged":["Strike_G","Strike_G","Outmaneuver+1"],"score":1820,"play_id":"4bc394f8-ae69-40d9-88f7-45582b1e46ca","local_time":"20190314210037","is_ascension_mode":true,"campfire_choices":[{"data":"Neutralize","floor":8.0,"key":"SMITH"},{"data":"Acrobatics","floor":13.0,"key":"SMITH"},{"data":"Reflex","floor":15.0,"key":"SMITH"},{"data":"Concentrate","floor":24.0,"key":"SMITH"},{"data":"Grand Finale","floor":27.0,"key":"SMITH"},{"data":"Outmaneuver","floor":30.0,"key":"SMITH"},{"floor":32.0,"key":"RECALL"},{"data":"Strike_G+1","floor":40.0,"key":"PURGE"},{"data":"All Out Attack+1","floor":42.0,"key":"PURGE"},{"data":"Defend_G","floor":44.0,"key":"PURGE"},{"data":"Defend_G","floor":49,"key":"PURGE"},{"data":"Defend_G","floor":52,"key":"PURGE"}],"neow_cost":"TEN_PERCENT_HP_LOSS","seed_source_timestamp":0,"circlet_count":0,"master_deck":["Survivor+1","Neutralize+1","Grand Finale+1","Acrobatics+1","Reflex+1","Malaise","Concentrate+1","Prepared+1","Backflip+1","After Image","Escape Plan+1"],"special_seed":0,"relics":["Ring of the Snake","Ice Cream","Blood Vial","Orichalcum","Whetstone","Runic Pyramid","Bottled Lightning","Juzu Bracelet","Pen Nib","Bag of Preparation","Anchor","Empty Cage","Torii","Peace Pipe","Oddly Smooth Stone","Blue Candle","Bottled Flame","Kunai"],"potions_floor_usage":[],"damage_taken":[{"damage":0.0,"enemies":"Cultist","floor":1.0,"turns":4.0},{"damage":0.0,"enemies":"2 Louse","floor":3.0,"turns":3.0},{"damage":0.0,"enemies":"Jaw Worm","floor":4.0,"turns":3.0},{"damage":17.0,"enemies":"3 Sentries","floor":6.0,"turns":10.0},{"damage":8.0,"enemies":"Large Slime","floor":7.0,"turns":11.0},{"damage":26.0,"enemies":"Lagavulin","floor":11.0,"turns":9.0},{"damage":0.0,"enemies":"2 Fungi Beasts","floor":14.0,"turns":3.0},{"damage":21.0,"enemies":"The Guardian","floor":16.0,"turns":16.0},{"damage":0.0,"enemies":"3 Byrds","floor":18.0,"turns":2.0},{"damage":0.0,"enemies":"Shell Parasite","floor":19.0,"turns":5.0},{"damage":0.0,"enemies":"Sentry and Sphere","floor":20.0,"turns":2.0},{"damage":24.0,"enemies":"Slavers","floor":23.0,"turns":2.0},{"damage":0.0,"enemies":"Snake Plant","floor":25.0,"turns":4.0},{"damage":0.0,"enemies":"Gremlin Leader","floor":28.0,"turns":5.0},{"damage":0.0,"enemies":"Slavers","floor":31.0,"turns":1.0},{"damage":0.0,"enemies":"Champ","floor":33.0,"turns":4.0},{"damage":0.0,"enemies":"3 Shapes","floor":35.0,"turns":1.0},{"damage":0.0,"enemies":"Orb Walker","floor":36.0,"turns":2.0},{"damage":0.0,"enemies":"Mind Bloom Boss Battle","floor":37.0,"turns":4.0},{"damage":0.0,"enemies":"Nemesis","floor":41.0,"turns":1.0},{"damage":0.0,"enemies":"Transient","floor":45.0,"turns":2.0},{"damage":0.0,"enemies":"Reptomancer","floor":46.0,"turns":1.0},{"damage":0.0,"enemies":"Writhing Mass","floor":47.0,"turns":1.0},{"damage":0.0,"enemies":"Nemesis","floor":48.0,"turns":1.0},{"damage":0,"enemies":"Time Eater","floor":50,"turns":2},{"damage":0,"enemies":"Shield and Spear","floor":54,"turns":1},{"damage":0,"enemies":"The Heart","floor":55,"turns":3}],"seed_played":"-3997495068455099643","potions_obtained":[{"floor":1.0,"key":"AttackPotion"},{"floor":2.0,"key":"Swift Potion"},{"floor":2.0,"key":"Ancient Potion"},{"floor":4.0,"key":"Regen Potion"},{"floor":6.0,"key":"Poison Potion"},{"floor":14.0,"key":"Regen Potion"},{"floor":23.0,"key":"FearPotion"},{"floor":31.0,"key":"Regen Potion"},{"floor":41.0,"key":"Poison Potion"},{"floor":47.0,"key":"SkillPotion"}],"is_trial":false,"path_per_floor":["M","?","M","M","?","E","M","R","T","$","E","$","R","M","R","B",null,"M","M","M","$","?","E","R","M","T","R","E","T","R","E","R","B",null,"M","M","?","?","$","R","E","R","T","R","M","E","M","E","R","B",null,"R","$","E","B",null],"character_chosen":"THE_SILENT","items_purchased":["Grand Finale","Peace Pipe"],"campfire_rested":0,"item_purchase_floors":[10,39],"current_hp_per_floor":[63,63,63,63,63,58,52,52,52,52,28,28,28,30,30,11,63,63,63,63,63,52,30,30,32,32,32,48,48,48,50,50,52,68,68,68,68,68,68,68,68,68,68,68,68,68,68,68,68,68,68,68,68,68,68],"gold":76,"neow_bonus":"ONE_RARE_RELIC","is_prod":false,"is_daily":false,"chose_seed":false,"campfire_upgraded":6,"win_rate":0,"timestamp":1552568437,"path_taken":["M","?","?","?","?","E","M","R","T","$","E","?","R","M","R","BOSS","M","?","?","$","?","E","R","M","T","R","E","?","R","E","R","BOSS","M","M","?","?","$","R","E","R","T","R","M","E","M","E","R","BOSS","R","$","E","BOSS"],"build_version":"2019-01-23","purchased_purges":3,"victory":true,"max_hp_per_floor":[63,63,63,63,63,63,63,63,63,63,63,63,63,63,63,63,63,63,63,63,63,68,68,68,68,68,68,68,68,68,68,68,68,68,68,68,68,68,68,68,68,68,68,68,68,68,68,68,68,68,68,68,68,68,68],"card_choices":[{"not_picked":["Concentrate","Blur"],"picked":"All Out Attack","floor":1.0},{"not_picked":["Reflex","Bane","Underhanded Strike"],"picked":"SKIP","floor":3.0},{"not_picked":["Choke","Blade Dance","Slice"],"picked":"SKIP","floor":4.0},{"not_picked":["Choke","Blade Dance","Slice"],"picked":"SKIP","floor":4.0},{"not_picked":["Choke","Blade Dance","Slice"],"picked":"SKIP","floor":4.0},{"not_picked":["Quick Slash","Reflex","Expertise"],"picked":"SKIP","floor":6.0},{"not_picked":["Finisher","Dagger Spray"],"picked":"Outmaneuver","floor":7.0},{"not_picked":["Quick Slash","Underhanded Strike"],"picked":"Acrobatics","floor":11.0},{"not_picked":["Bane","Bouncing Flask"],"picked":"Reflex","floor":14.0},{"not_picked":["Corpse Explosion","Phantasmal Killer"],"picked":"Malaise","floor":16.0},{"not_picked":["Crippling Poison","Masterful Stab","Dodge and Roll"],"picked":"SKIP","floor":18.0},{"not_picked":["Flying Knee+1","Outmaneuver","PiercingWail+1"],"picked":"SKIP","floor":19.0},{"not_picked":["Flying Knee+1","Outmaneuver","PiercingWail+1"],"picked":"SKIP","floor":19.0},{"not_picked":["Expertise+1","Flying Knee"],"picked":"Concentrate","floor":20.0},{"not_picked":["Endless Agony+1","After Image"],"picked":"Prepared+1","floor":23.0},{"not_picked":["Dodge and Roll","Flying Knee+1","PiercingWail"],"picked":"SKIP","floor":25.0},{"not_picked":["Deflect","Predator+1"],"picked":"Backflip+1","floor":28.0},{"not_picked":["Backflip","Accuracy+1","Dagger Throw"],"picked":"SKIP","floor":31.0},{"not_picked":["Backflip","Accuracy+1","Dagger Throw"],"picked":"SKIP","floor":31.0},{"not_picked":["Phantasmal Killer","A Thousand Cuts"],"picked":"After Image","floor":33.0},{"not_picked":["Poisoned Stab+1","Flying Knee"],"picked":"Escape Plan+1","floor":35.0},{"not_picked":["Underhanded Strike","Dagger Throw+1","Blade Dance+1"],"picked":"SKIP","floor":36.0},{"not_picked":["Cloak And Dagger+1","Prepared","Expertise"],"picked":"SKIP","floor":41.0},{"not_picked":["Prepared+1","Dodge and Roll+1","Burst"],"picked":"SKIP","floor":45.0},{"not_picked":["Deadly Poison","Underhanded Strike","Escape Plan+1"],"picked":"SKIP","floor":46.0},{"not_picked":["All Out Attack+1","Caltrops+1","Leg Sweep"],"picked":"SKIP","floor":47.0},{"not_picked":["Cloak And Dagger","Riddle With Holes+1","Bullet Time"],"picked":"SKIP","floor":48.0},{"not_picked":["Slice+1","Endless Agony+1","Bane+1"],"picked":"SKIP","floor":54}],"player_experience":2834131,"relics_obtained":[{"floor":6.0,"key":"Blood Vial"},{"floor":9.0,"key":"Orichalcum"},{"floor":11.0,"key":"Whetstone"},{"floor":23.0,"key":"Bottled Lightning"},{"floor":26.0,"key":"Juzu Bracelet"},{"floor":28.0,"key":"Pen Nib"},{"floor":29.0,"key":"Bag of Preparation"},{"floor":31.0,"key":"Anchor"},{"floor":37.0,"key":"Torii"},{"floor":41.0,"key":"Oddly Smooth Stone"},{"floor":46.0,"key":"Blue Candle"},{"floor":48.0,"key":"Bottled Flame"},{"floor":54,"key":"Kunai"}],"event_choices":[{"damage_healed":0.0,"max_hp_gain":0.0,"max_hp_loss":0.0,"gold_gain":0.0,"event_name":"The Woman in Blue","player_choice":"Bought 2 Potions","floor":2.0,"gold_loss":0.0,"damage_taken":0.0},{"cards_removed":["Strike_G"],"damage_healed":0.0,"max_hp_gain":0.0,"max_hp_loss":0.0,"gold_gain":0.0,"event_name":"Bonfire Elementals","player_choice":"Offered Basic","floor":5.0,"gold_loss":0.0,"damage_taken":0.0},{"damage_healed":0.0,"max_hp_gain":5.0,"max_hp_loss":0.0,"gold_gain":0.0,"event_name":"Forgotten Altar","player_choice":"Shed Blood","floor":22.0,"gold_loss":0.0,"damage_taken":16.0},{"damage_healed":0.0,"max_hp_gain":0.0,"max_hp_loss":0.0,"gold_gain":0.0,"event_name":"MindBloom","player_choice":"Fight","floor":37.0,"gold_loss":0.0,"damage_taken":0.0},{"cards_removed":["Defend_G"],"damage_healed":0.0,"max_hp_gain":0.0,"max_hp_loss":0.0,"gold_gain":0.0,"event_name":"Designer","player_choice":"Upgrade and Remove","floor":38.0,"gold_loss":90.0,"damage_taken":0.0,"cards_upgraded":["Survivor"]}],"is_beta":false,"boss_relics":[{"not_picked":["Ring of the Serpent","Coffee Dripper"],"picked":"Runic Pyramid"},{"not_picked":["Sozu","Runic Dome"],"picked":"Empty Cage"}],"items_purged_floors":[12,21,53],"is_endless":false,"potions_floor_spawned":[1,4,6,14,23,31,41,45,47],"ascension_level":1}