{"gold_per_floor":[114,132,144,164,164,164,199,199,199,199,213,213,227,254,254,332,332,343,372,422,501,519,519,534,534,534,534,566,566,566,600,600,679,679,689,371,371,382,294,294,101,101,128,145,145,62,62,80,80,80],"floor_reached":51,"playtime":3543,"items_purged":["Defend_B","Defend_B","Strike_B","Decay"],"score":1191,"play_id":"29147185-af68-4711-b4f0-32e25e639ca4","local_time":"20180802093427","is_ascension_mode":true,"campfire_choices":[{"data":"Sunder","floor":6,"key":"SMITH"},{"data":"Conserve Battery","floor":8,"key":"SMITH"},{"data":"Dualcast","floor":10,"key":"SMITH"},{"floor":12,"key":"REST"},{"data":"FTL","floor":15,"key":"SMITH"},{"floor":23,"key":"REST"},{"floor":25,"key":"REST"},{"data":"Biased Cognition","floor":27,"key":"SMITH"},{"floor":30,"key":"REST"},{"floor":32,"key":"REST"},{"data":"Capacitor","floor":40,"key":"SMITH"},{"data":"Ball Lightning","floor":45,"key":"SMITH"},{"data":"White Noise","floor":47,"key":"SMITH"},{"floor":49,"key":"REST"}],"neow_cost":"NONE","seed_source_timestamp":2362632426969,"circlet_count":0,"master_deck":["Defend_B","Zap+1","Dualcast+1","AscendersBane","Coolheaded","Conserve Battery+1","Sunder+1","Biased Cognition+1","FTL+1","Conserve Battery","Compile Driver","Core Surge","Auto Shields","Reinforced Body","Compile Driver","Cold Snap","BootSequence","Undo+1","Reboot","Steam Power+1","Machine Learning+1","Ball Lightning+1","Glacier","Capacitor+1","White Noise+1","White Noise+1"],"relics":["Cracked Core","Gremlin Horn","Smiling Mask","Singing Bowl","Orrery","Red Mask","Bottled Lightning","Bottled Tornado","Cables","Meat on the Bone","Astrolabe","Question Card","DataDisk","Ginger","Bronze Scales"],"potions_floor_usage":[16,19,28,50],"damage_taken":[{"damage":4,"enemies":"Jaw Worm","floor":1,"turns":3},{"damage":9,"enemies":"2 Louse","floor":2,"turns":3},{"damage":0,"enemies":"Cultist","floor":3,"turns":4},{"damage":0,"enemies":"Exordium Thugs","floor":4,"turns":3},{"damage":20,"enemies":"Gremlin Nob","floor":7,"turns":4},{"damage":0,"enemies":"3 Louse","floor":11,"turns":3},{"damage":0,"enemies":"Large Slime","floor":13,"turns":4},{"damage":3,"enemies":"3 Sentries","floor":14,"turns":6},{"damage":29,"enemies":"Hexaghost","floor":16,"turns":12},{"damage":16,"enemies":"Spheric Guardian","floor":18,"turns":4},{"damage":16,"floor":19,"turns":4},{"damage":10,"enemies":"2 Thieves","floor":22,"turns":4},{"damage":8,"enemies":"3 Cultists","floor":24,"turns":6},{"damage":28,"enemies":"Gremlin Leader","floor":28,"turns":7},{"damage":0,"enemies":"Book of Stabbing","floor":31,"turns":8},{"damage":43,"enemies":"Automaton","floor":33,"turns":15},{"damage":4,"enemies":"Flame Bruiser 1 Orb","floor":35,"turns":8},{"damage":0,"enemies":"3 Shapes","floor":38,"turns":2},{"damage":0,"floor":42,"turns":10},{"damage":1,"enemies":"Spire Growth","floor":44,"turns":6},{"damage":16,"enemies":"3 Darklings","floor":48,"turns":5},{"damage":31,"enemies":"Donu and Deca","floor":50,"turns":15}],"seed_played":"-7068622229779009810","potions_obtained":[{"floor":4,"key":"Ancient Potion"},{"floor":7,"key":"Ancient Potion"},{"floor":11,"key":"Weak Potion"},{"floor":16,"key":"SkillPotion"},{"floor":24,"key":"Dexterity Potion"},{"floor":28,"key":"SteroidPotion"},{"floor":33,"key":"Weak Potion"}],"is_trial":false,"path_per_floor":["M","M","M","M","?","R","E","R","T","R","M","R","M","E","R","B",null,"M","?","?","T","M","R","M","R","T","R","E","?","R","E","R","B",null,"M","$","?","M","$","R","$","?","T","M","R","$","R","M","R","B"],"character_chosen":"DEFECT","items_purchased":["Ball Lightning","Question Card","Capacitor","DataDisk","White Noise"],"campfire_rested":6,"item_purchase_floors":[36,36,39,41,46],"current_hp_per_floor":[60,51,51,51,51,51,31,31,31,31,31,52,52,49,49,20,60,44,30,30,30,22,45,39,62,62,62,34,34,57,59,81,50,73,71,71,71,71,71,71,71,73,73,72,72,72,72,58,84,60],"gold":80,"neow_bonus":"REMOVE_CARD","is_prod":false,"is_daily":false,"chose_seed":false,"campfire_upgraded":8,"win_rate":0,"timestamp":1533227667,"path_taken":["M","M","M","M","?","R","E","R","T","R","?","R","M","E","R","BOSS","M","?","?","?","M","R","M","R","T","R","E","?","R","E","R","BOSS","M","$","?","M","$","R","?","?","T","M","R","$","R","M","R","BOSS"],"build_version":"2018-07-26","purchased_purges":4,"victory":true,"max_hp_per_floor":[71,71,71,71,71,71,71,71,71,71,71,71,71,71,71,71,73,73,75,75,75,77,77,79,79,79,79,79,79,79,81,81,81,81,83,83,83,83,83,83,83,85,85,85,85,85,85,87,87,87],"card_choices":[{"not_picked":["Stack","Hologram"],"picked":"Coolheaded","floor":1},{"not_picked":["Coolheaded","Barrage"],"picked":"Conserve Battery","floor":2},{"not_picked":["Rebound","Coolheaded"],"picked":"Sunder","floor":3},{"not_picked":["Redo","Turbo"],"picked":"Biased Cognition","floor":4},{"not_picked":["Skim","Stack","Beam Cell"],"picked":"SKIP","floor":7},{"not_picked":["Double Energy","Lockon"],"picked":"FTL","floor":11},{"not_picked":["Recycle","Double Energy"],"picked":"Conserve Battery","floor":13},{"not_picked":["Rebound","Skim"],"picked":"Compile Driver","floor":14},{"not_picked":["All For One","Electrodynamics"],"picked":"Core Surge","floor":16},{"not_picked":["Turbo","Fusion"],"picked":"Auto Shields","floor":17},{"not_picked":["Tempest","Leap"],"picked":"Reinforced Body","floor":17},{"not_picked":["Streamline","Coolheaded"],"picked":"Compile Driver","floor":17},{"not_picked":["Creative AI","Gash"],"picked":"Cold Snap","floor":17},{"not_picked":["Steam Power","Rebound","Genetic Algorithm"],"picked":"Singing Bowl","floor":17},{"not_picked":["Gash","Consume"],"picked":"BootSequence","floor":18},{"not_picked":["Turbo","Conserve Battery","Go for the Eyes"],"picked":"Singing Bowl","floor":19},{"not_picked":["Sweeping Beam+1","Doom and Gloom","Force Field"],"picked":"Singing Bowl","floor":22},{"not_picked":["Sweeping Beam","Undo","Leap"],"picked":"Singing Bowl","floor":24},{"not_picked":["Barrage","Loop"],"picked":"Undo+1","floor":28},{"not_picked":["Leap","Fusion","Recycle"],"picked":"Singing Bowl","floor":31},{"not_picked":["Biased Cognition","Thunder Strike"],"picked":"Reboot","floor":33},{"not_picked":["Sunder","Static Discharge+1","Double Energy"],"picked":"Singing Bowl","floor":35},{"not_picked":["Reprogram+1","Conserve Battery","Compile Driver+1"],"picked":"Glacier","floor":38},{"not_picked":["Chaos","Conserve Battery","Coolheaded+1","Rip and Tear"],"picked":"Singing Bowl","floor":42},{"not_picked":["Coolheaded","Heatsinks","Buffer"],"picked":"White Noise+1","floor":44},{"not_picked":["Beam Cell","Coolheaded","Aggregate+1","Streamline"],"picked":"Singing Bowl","floor":48}],"player_experience":976283,"relics_obtained":[{"floor":7,"key":"Gremlin Horn"},{"floor":9,"key":"Smiling Mask"},{"floor":14,"key":"Singing Bowl"},{"floor":19,"key":"Red Mask"},{"floor":21,"key":"Bottled Lightning"},{"floor":26,"key":"Bottled Tornado"},{"floor":28,"key":"Cables"},{"floor":31,"key":"Meat on the Bone"},{"floor":42,"key":"Ginger"},{"floor":43,"key":"Bronze Scales"}],"event_choices":[{"event_name":"Living Wall","player_choice":"Grow","floor":5,"damage_taken":0},{"event_name":"Masked Bandits","player_choice":"Fought over 343 gold","floor":19,"damage_taken":0},{"event_name":"The Joust","player_choice":"Bet on Murderer","floor":20,"damage_taken":0},{"event_name":"Forgotten Altar","player_choice":"Smashed Altar","floor":29,"damage_taken":0},{"event_name":"Falling","player_choice":"Removed Power","floor":37,"damage_taken":0},{"event_name":"MindBloom","player_choice":"Fight","floor":42,"damage_taken":0}],"is_beta":false,"boss_relics":[{"not_picked":["Tiny House","White Beast Statue"],"picked":"Orrery"},{"not_picked":["Runic Pyramid","Pandora\u0027s Box"],"picked":"Astrolabe"}],"items_purged_floors":[36,39,41,46],"is_endless":false,"potions_floor_spawned":[4,7,11,16,24,28,33,42,48],"ascension_level":15}