{"gold_per_floor":[110,129,145,33,44,44,60,60,109,125,155,165,165,180,180,284,284,300,400,33,33,47,73,73,73,73,84,84,97,112,37,37,132,132,147,19,34,53,64,64,92,103,157,157,157,187,187,221,221,221],"floor_reached":51,"playtime":2675,"items_purged":["Normality"],"score":926,"play_id":"29ff03d6-e288-479e-9921-8a73d7a6c0b6","local_time":"20180823214834","is_ascension_mode":true,"campfire_choices":[{"floor":6,"key":"DIG"},{"data":"Defragment","floor":8,"key":"SMITH"},{"floor":13,"key":"DIG"},{"data":"Storm","floor":15,"key":"SMITH"},{"floor":24,"key":"DIG"},{"floor":28,"key":"DIG"},{"floor":32,"key":"DIG"},{"floor":40,"key":"REST"},{"floor":44,"key":"DIG"},{"floor":46,"key":"DIG"},{"floor":49,"key":"REST"}],"neow_cost":"CURSE","seed_source_timestamp":357220325756502,"circlet_count":0,"master_deck":["Strike_B","Strike_B","Strike_B","Strike_B","Defend_B","Defend_B","Defend_B+1","Defend_B","Zap+1","Dualcast","Defragment+1","Hologram","Storm+1","Self Repair","White Noise","Ball Lightning","Heatsinks","Double Energy","Creative AI","Steam","Defragment","Turbo","Leap","Auto Shields","Fission","Leap+1","BootSequence+1","Hello World","Electrodynamics","Steam+1","Static Discharge","Hello World+1","Machine Learning","Conserve Battery+1","Steam Power+1","Hologram+1","Dark Shackles+1","Static Discharge"],"relics":["Cracked Core","Shovel","Kunai","Potion Belt","Lantern","War Paint","Snecko Eye","Symbiotic Virus","Oddly Smooth Stone","Omamori","Question Card","Toxic Egg 2","Darkstone Periapt","Fusion Hammer","Gambling Chip","Boot","Mummified Hand","Tiny Chest","Ancient Tea Set"],"potions_floor_usage":[11,18,23,23,27,29,39,39,42,50,50],"damage_taken":[{"damage":5,"enemies":"Cultist","floor":1,"turns":5},{"damage":9,"enemies":"2 Louse","floor":2,"turns":2},{"damage":7,"enemies":"Jaw Worm","floor":3,"turns":3},{"damage":11,"enemies":"Large Slime","floor":5,"turns":6},{"damage":9,"enemies":"3 Louse","floor":7,"turns":5},{"damage":6,"enemies":"Blue Slaver","floor":10,"turns":4},{"damage":15,"enemies":"Lagavulin","floor":11,"turns":7},{"damage":16,"enemies":"Exordium Wildlife","floor":12,"turns":3},{"damage":9,"enemies":"Exordium Thugs","floor":14,"turns":4},{"damage":9,"enemies":"Hexaghost","floor":16,"turns":8},{"damage":12,"enemies":"Chosen","floor":18,"turns":3},{"damage":0,"enemies":"Spheric Guardian","floor":22,"turns":3},{"damage":28,"enemies":"Book of Stabbing","floor":23,"turns":4},{"damage":11,"enemies":"Chosen and Byrds","floor":27,"turns":5},{"damage":0,"enemies":"Centurion and Healer","floor":29,"turns":2},{"damage":2,"enemies":"Snecko","floor":30,"turns":4},{"damage":21,"enemies":"Collector","floor":33,"turns":7},{"damage":20,"enemies":"3 Shapes","floor":35,"turns":3},{"damage":0,"enemies":"3 Darklings","floor":37,"turns":3},{"damage":4,"enemies":"Spire Growth","floor":38,"turns":4},{"damage":10,"enemies":"Transient","floor":39,"turns":5},{"damage":18,"enemies":"Giant Head","floor":41,"turns":7},{"damage":8,"enemies":"3 Darklings","floor":42,"turns":3},{"damage":19,"enemies":"2 Orb Walkers","floor":48,"turns":3},{"damage":36,"enemies":"Time Eater","floor":50,"turns":8}],"seed_played":"6096199349381228460","potions_obtained":[{"floor":3,"key":"FocusPotion"},{"floor":10,"key":"LiquidBronze"},{"floor":11,"key":"Energy Potion"},{"floor":14,"key":"Swift Potion"},{"floor":18,"key":"Swift Potion"},{"floor":22,"key":"LiquidBronze"},{"floor":27,"key":"Energy Potion"},{"floor":33,"key":"LiquidBronze"},{"floor":38,"key":"FocusPotion"},{"floor":48,"key":"Block Potion"}],"is_trial":false,"path_per_floor":["M","M","M","$","M","R","M","R","T","M","E","M","R","M","R","B",null,"M","?","$","?","M","E","R","?","T","M","R","M","M","$","R","B",null,"M","$","M","M","M","R","E","M","T","R","?","R","?","E","R","B"],"character_chosen":"DEFECT","items_purchased":["Self Repair","Symbiotic Virus","Defragment","Turbo","Hello World","Static Discharge","SkillPotion"],"campfire_rested":2,"item_purchase_floors":[4,20,20,20,31,36,36],"current_hp_per_floor":[70,61,54,54,50,50,48,48,48,49,41,32,32,23,23,21,62,57,57,57,43,50,29,29,29,29,18,18,25,30,30,30,16,64,44,44,44,47,37,61,50,49,49,49,49,49,69,50,74,45],"gold":221,"neow_bonus":"ONE_RARE_RELIC","is_prod":false,"is_daily":false,"chose_seed":false,"campfire_upgraded":2,"win_rate":0,"timestamp":1535053714,"path_taken":["M","M","?","$","M","R","M","R","T","?","E","M","R","M","R","BOSS","M","?","$","?","M","E","R","?","T","M","R","M","?","?","R","BOSS","M","$","M","?","M","R","E","M","T","R","?","R","?","E","R","BOSS"],"build_version":"2018-08-16","purchased_purges":1,"victory":true,"max_hp_per_floor":[75,75,75,75,75,75,75,75,75,75,75,75,75,75,75,75,75,75,75,75,80,80,80,80,80,80,80,80,80,80,80,80,80,80,80,80,80,80,80,80,80,80,80,80,80,80,80,80,80,80],"card_choices":[{"not_picked":["Gash","Glacier"],"picked":"Defragment","floor":1},{"not_picked":["Gash","Blizzard"],"picked":"Hologram","floor":2},{"not_picked":["Seek","Sweeping Beam"],"picked":"Storm","floor":3},{"not_picked":["Sweeping Beam","Capacitor"],"picked":"White Noise","floor":5},{"not_picked":["Lockon","Reinforced Body"],"picked":"Ball Lightning","floor":7},{"not_picked":["Sweeping Beam","Blizzard"],"picked":"Heatsinks","floor":10},{"not_picked":["Fusion","Darkness","Gash"],"picked":"SKIP","floor":11},{"not_picked":["Stack","Sunder","Scrape"],"picked":"SKIP","floor":12},{"not_picked":["Chaos","Redo"],"picked":"Double Energy","floor":14},{"not_picked":["Rainbow","Reboot"],"picked":"Creative AI","floor":16},{"not_picked":["Compile Driver","Cold Snap"],"picked":"Steam","floor":18},{"not_picked":["Melter+1","Streamline"],"picked":"Leap","floor":22},{"not_picked":["Sunder","Steam Power"],"picked":"Auto Shields","floor":23},{"not_picked":["Consume","Scrape+1","Rip and Tear"],"picked":"Fission","floor":27},{"not_picked":["Sweeping Beam","Barrage","Gash"],"picked":"Leap+1","floor":29},{"not_picked":["Reprogram+1","Ball Lightning","Hologram+1"],"picked":"BootSequence+1","floor":30},{"not_picked":["Fission+1","All For One","Machine Learning"],"picked":"Electrodynamics","floor":33},{"not_picked":["Stack+1","Chaos+1","Go for the Eyes+1"],"picked":"Steam+1","floor":35},{"not_picked":["Conserve Battery+1","Rebound","Cold Snap"],"picked":"Hello World+1","floor":37},{"not_picked":["Go for the Eyes","Turbo+1","Streamline+1"],"picked":"Machine Learning","floor":38},{"not_picked":["Leap+1","Go for the Eyes","Rebound"],"picked":"Conserve Battery+1","floor":39},{"not_picked":["Cold Snap+1","Genetic Algorithm+1","Chaos+1"],"picked":"Steam Power+1","floor":41},{"not_picked":["Compile Driver+1","Coolheaded+1","Undo+1"],"picked":"Hologram+1","floor":42},{"not_picked":["Good Instincts+1","Flash of Steel","PanicButton+1"],"picked":"Dark Shackles+1","floor":45},{"not_picked":["Redo+1","Cold Snap+1","Scrape+1"],"picked":"Static Discharge","floor":48}],"player_experience":253892,"relics_obtained":[{"floor":6,"key":"Kunai"},{"floor":9,"key":"Potion Belt"},{"floor":11,"key":"Lantern"},{"floor":13,"key":"War Paint"},{"floor":23,"key":"Oddly Smooth Stone"},{"floor":24,"key":"Omamori"},{"floor":26,"key":"Question Card"},{"floor":28,"key":"Toxic Egg 2"},{"floor":32,"key":"Darkstone Periapt"},{"floor":41,"key":"Gambling Chip"},{"floor":43,"key":"Boot"},{"floor":44,"key":"Mummified Hand"},{"floor":46,"key":"Tiny Chest"},{"floor":48,"key":"Ancient Tea Set"}],"event_choices":[{"event_name":"Golden Shrine","player_choice":"Pray","floor":19,"damage_taken":0},{"event_name":"Forgotten Altar","player_choice":"Shed Blood","floor":21,"damage_taken":0},{"event_name":"Addict","player_choice":"Ignored","floor":25,"damage_taken":0},{"event_name":"SensoryStone","player_choice":"Memory 1","floor":45,"damage_taken":0},{"event_name":"Winding Halls","player_choice":"Writhe","floor":47,"damage_taken":0}],"is_beta":false,"boss_relics":[{"not_picked":["Empty Cage","Sozu"],"picked":"Snecko Eye"},{"not_picked":["Velvet Choker","Philosopher\u0027s Stone"],"picked":"Fusion Hammer"}],"items_purged_floors":[4],"is_endless":false,"potions_floor_spawned":[3,10,11,14,18,22,27,33,38,48],"ascension_level":5}