{"gold_per_floor":[113,133,143,143,163,163,163,194,241,283,310,322,334,195,195,266,266,284,302,315,333,333,364,364,395,395,412,462,496,496,496,496,572,572,587,343,363,377,389,389,415,515,515,539,539,539,539,573,573,573],"floor_reached":51,"playtime":1548,"items_purged":[],"score":1340,"play_id":"c4e968d1-56e3-4f95-9041-0d5c93834e6e","local_time":"20181228112026","is_ascension_mode":true,"campfire_choices":[{"data":"Shockwave","floor":6.0,"key":"SMITH"},{"data":"Corruption","floor":12.0,"key":"SMITH"},{"data":"Demon Form","floor":15.0,"key":"SMITH"},{"floor":24.0,"key":"REST"},{"floor":30.0,"key":"REST"},{"floor":32,"key":"REST"},{"floor":40,"key":"REST"},{"floor":45,"key":"REST"},{"floor":47,"key":"DIG"},{"floor":49,"key":"DIG"}],"neow_cost":"NONE","seed_source_timestamp":9378404046922,"circlet_count":0,"master_deck":["AscendersBane","Bash","Shockwave+1","Headbutt","Feel No Pain","Demon Form+1","Twin Strike+1","Twin Strike+1","Corruption+1","Limit Break","Flame Barrier","Immolate+1","Anger+1","Twin Strike+1","Thunderclap+1","Body Slam+1","Sentinel","Feel No Pain","Double Tap","Shrug It Off","Offering","Double Tap","Evolve","Uppercut+1","Whirlwind+1","Armaments+1","Fire Breathing","Second Wind","Body Slam+1","Shrug It Off+1","Havoc","Whirlwind+1","Impervious","Dark Shackles","Disarm"],"special_seed":0,"relics":["Burning Blood","Molten Egg 2","MawBank","Orichalcum","Fusion Hammer","Bottled Flame","Mummified Hand","Vajra","Sundial","Red Skull","Pandora\u0027s Box","Chemical X","Shovel","Calipers","Paper Frog","Regal Pillow","Smiling Mask","Blue Candle","War Paint"],"potions_floor_usage":[50,50],"damage_taken":[{"damage":1.0,"enemies":"Small Slimes","floor":1.0,"turns":4.0},{"damage":1.0,"enemies":"2 Louse","floor":2.0,"turns":3.0},{"damage":1.0,"enemies":"Cultist","floor":3.0,"turns":3.0},{"damage":11.0,"enemies":"2 Fungi Beasts","floor":5.0,"turns":4.0},{"damage":30.0,"enemies":"3 Sentries","floor":8.0,"turns":7.0},{"damage":15.0,"enemies":"Lagavulin","floor":10.0,"turns":7.0},{"damage":19.0,"enemies":"Exordium Thugs","floor":11.0,"turns":4.0},{"damage":11.0,"enemies":"The Guardian","floor":16.0,"turns":8.0},{"damage":0.0,"enemies":"3 Byrds","floor":18.0,"turns":4.0},{"damage":6.0,"enemies":"Chosen","floor":19.0,"turns":3.0},{"damage":18.0,"enemies":"Snake Plant","floor":20.0,"turns":4.0},{"damage":5.0,"enemies":"Sentry and Sphere","floor":21.0,"turns":3.0},{"damage":36.0,"enemies":"Slavers","floor":23.0,"turns":3.0},{"damage":26.0,"enemies":"Book of Stabbing","floor":25.0,"turns":4.0},{"damage":6.0,"enemies":"Chosen and Byrds","floor":27.0,"turns":4.0},{"damage":24.0,"enemies":"Gremlin Leader","floor":29.0,"turns":5.0},{"damage":28,"enemies":"Champ","floor":33,"turns":9},{"damage":6,"enemies":"3 Shapes","floor":35,"turns":1},{"damage":13,"enemies":"3 Darklings","floor":37,"turns":2},{"damage":12,"enemies":"Sphere and 2 Shapes","floor":38,"turns":1},{"damage":27,"enemies":"Transient","floor":39,"turns":5},{"damage":39,"enemies":"Reptomancer","floor":41,"turns":5},{"damage":0,"enemies":"Mind Bloom Boss Battle","floor":42,"turns":4},{"damage":13,"enemies":"Giant Head","floor":48,"turns":6},{"damage":52,"enemies":"Donu and Deca","floor":50,"turns":5}],"seed_played":"1463159079681514255","potions_obtained":[{"floor":2.0,"key":"Strength Potion"},{"floor":8.0,"key":"Strength Potion"},{"floor":10.0,"key":"SneckoOil"},{"floor":25.0,"key":"FearPotion"},{"floor":29.0,"key":"SmokeBomb"},{"floor":42,"key":"SteroidPotion"}],"is_trial":false,"path_per_floor":["M","M","M","?","M","R","?","E","T","E","M","R","?","$","R","B",null,"M","M","M","M","T","E","R","E","T","M","?","E","R","?","R","B",null,"M","$","M","M","M","R","E","?","T","T","R","?","R","E","R","B",null],"character_chosen":"IRONCLAD","items_purchased":["Limit Break","Flame Barrier","Chemical X","Havoc"],"campfire_rested":5,"item_purchase_floors":[14,14,36,36],"current_hp_per_floor":[80,82,82,82,77,77,77,53,53,44,31,31,36,36,36,31,69,75,75,63,64,64,34,58,38,38,38,38,20,44,44,68,46,73,73,73,66,60,39,63,30,36,36,36,75,75,75,68,68,22],"gold":573,"neow_bonus":"TEN_PERCENT_HP_BONUS","is_prod":false,"is_daily":false,"chose_seed":false,"campfire_upgraded":3,"win_rate":0,"timestamp":1546024826,"path_taken":["M","M","M","?","M","R","?","E","T","E","?","R","?","?","R","BOSS","M","?","?","M","?","E","R","E","T","M","?","E","R","?","R","BOSS","M","$","M","M","M","R","E","?","T","?","R","?","R","E","R","BOSS"],"build_version":"2018-12-20","purchased_purges":0,"victory":true,"max_hp_per_floor":[82,82,82,82,82,82,82,82,82,82,82,82,82,82,82,82,82,82,82,82,82,82,82,82,82,82,82,82,82,82,82,82,82,82,82,82,82,82,82,82,82,82,82,82,82,82,82,82,82,82],"card_choices":[{"not_picked":["Heavy Blade","Warcry"],"picked":"Perfected Strike","floor":1.0},{"not_picked":["Sever Soul","Clash"],"picked":"Shockwave","floor":2.0},{"not_picked":["Body Slam","Power Through"],"picked":"Headbutt","floor":3.0},{"not_picked":["Flame Barrier","Pummel"],"picked":"Feel No Pain","floor":5.0},{"not_picked":["Armaments","Pommel Strike"],"picked":"Twin Strike","floor":8.0},{"not_picked":["Armaments","Blood for Blood+1"],"picked":"Twin Strike+1","floor":10.0},{"not_picked":["Second Wind","Barricade"],"picked":"Corruption","floor":11.0},{"not_picked":["Limit Break","Feed+1"],"picked":"Immolate+1","floor":16.0},{"not_picked":["Iron Wave+1","Wild Strike+1","Second Wind"],"picked":"SKIP","floor":18.0},{"not_picked":["Cleave+1","Shockwave"],"picked":"Anger+1","floor":19.0},{"not_picked":["Flex","Intimidate"],"picked":"Twin Strike+1","floor":20.0},{"not_picked":["Rampage+1","Spot Weakness"],"picked":"Thunderclap+1","floor":21.0},{"not_picked":["Second Wind","Searing Blow+1"],"picked":"Body Slam+1","floor":23.0},{"not_picked":["Shockwave","Wild Strike+1"],"picked":"Sentinel","floor":25.0},{"not_picked":["Sentinel","Heavy Blade+1"],"picked":"Feel No Pain","floor":27.0},{"not_picked":["Anger+1","Feel No Pain+1"],"picked":"Double Tap","floor":29.0},{"not_picked":["Immolate+1","Double Tap"],"picked":"Offering","floor":33},{"not_picked":["Fire Breathing","Evolve"],"picked":"Shrug It Off","floor":35},{"not_picked":["Warcry","Headbutt+1"],"picked":"Whirlwind+1","floor":37},{"not_picked":["Thunderclap+1","Infernal Blade","Clash+1"],"picked":"SKIP","floor":38},{"not_picked":["Ghostly Armor","Clothesline+1","Spot Weakness"],"picked":"SKIP","floor":39},{"not_picked":["Uppercut+1","Perfected Strike+1"],"picked":"Impervious","floor":41},{"not_picked":["Finesse","Mayhem"],"picked":"Dark Shackles","floor":46},{"not_picked":["Clash+1","True Grit"],"picked":"Disarm","floor":48}],"player_experience":1905797,"relics_obtained":[{"floor":8.0,"key":"Molten Egg 2"},{"floor":9.0,"key":"MawBank"},{"floor":10.0,"key":"Orichalcum"},{"floor":22.0,"key":"Bottled Flame"},{"floor":23.0,"key":"Mummified Hand"},{"floor":25.0,"key":"Vajra"},{"floor":26.0,"key":"Sundial"},{"floor":29.0,"key":"Red Skull"},{"floor":41,"key":"Shovel"},{"floor":42,"key":"Calipers"},{"floor":43,"key":"Paper Frog"},{"floor":44,"key":"Regal Pillow"},{"floor":47,"key":"Smiling Mask"},{"floor":48,"key":"Blue Candle"},{"floor":49,"key":"War Paint"}],"event_choices":[{"damage_healed":0.0,"max_hp_gain":0.0,"max_hp_loss":0.0,"gold_gain":0.0,"event_name":"Golden Wing","player_choice":"Ignored","floor":4.0,"gold_loss":0.0,"damage_taken":0.0},{"damage_healed":0.0,"max_hp_gain":0.0,"max_hp_loss":0.0,"gold_gain":0.0,"cards_transformed":["Strike_R"],"event_name":"Transmorgrifier","player_choice":"Transformed","floor":7.0,"gold_loss":0.0,"damage_taken":0.0,"cards_obtained":["Demon Form"]},{"cards_removed":["Perfected Strike"],"damage_healed":5.0,"max_hp_gain":0.0,"max_hp_loss":0.0,"gold_gain":0.0,"event_name":"Bonfire Elementals","player_choice":"Offered Common","floor":13.0,"gold_loss":0.0,"damage_taken":0.0},{"cards_removed":["Perfected Strike"],"damage_healed":5.0,"max_hp_gain":0.0,"max_hp_loss":0.0,"gold_gain":0.0,"event_name":"Bonfire Elementals","player_choice":"Offered Special","floor":13.0,"gold_loss":0.0,"damage_taken":0.0},{"damage_healed":0.0,"max_hp_gain":0.0,"max_hp_loss":0.0,"gold_gain":50.0,"event_name":"Nest","player_choice":"Stole From Cult","floor":28.0,"gold_loss":0.0,"damage_taken":0.0},{"damage_healed":0,"gold_gain":0,"player_choice":"Read","damage_taken":0,"max_hp_gain":0,"max_hp_loss":0,"event_name":"The Library","floor":31,"gold_loss":0,"cards_obtained":["Shrug It Off"]},{"damage_healed":0,"gold_gain":0,"player_choice":"Fight","damage_taken":0,"max_hp_gain":0,"max_hp_loss":0,"event_name":"MindBloom","floor":42,"gold_loss":0},{"damage_healed":0,"gold_gain":0,"player_choice":"Memory 1","damage_taken":0,"max_hp_gain":0,"max_hp_loss":0,"event_name":"SensoryStone","floor":46,"gold_loss":0}],"is_beta":false,"boss_relics":[{"not_picked":["Coffee Dripper","Calling Bell"],"picked":"Fusion Hammer"},{"not_picked":["Black Star","Sozu"],"picked":"Pandora\u0027s Box"}],"items_purged_floors":[],"is_endless":false,"potions_floor_spawned":[2,8,10,18,20,25,29,38,42],"ascension_level":15}