{"gold_per_floor":[113,130,130,55,55,55,93,118,144,144,144,144,167,190,190,289,289,314,334,234,257,257,257,382,382,453,491,491,516,537,575,575,673,673,696,696,696,717,742,773,773,812,812,812,843,843,879,905,917,929,941,953,343,384,384],"floor_reached":56,"playtime":3196,"items_purged":["Strike_R","Strike_R","Burning Pact"],"score":2351,"play_id":"5c6e5e78-dc9e-4094-8595-688b05b17bae","local_time":"20190303011419","is_ascension_mode":true,"campfire_choices":[{"data":"Metallicize","floor":6,"key":"SMITH"},{"data":"Hemokinesis","floor":11,"key":"SMITH"},{"data":"Spot Weakness","floor":15,"key":"SMITH"},{"data":"Burning Pact","floor":23,"key":"SMITH"},{"floor":25,"key":"REST"},{"floor":28,"key":"DIG"},{"data":"Corruption","floor":32,"key":"SMITH"},{"floor":41,"key":"DIG"},{"floor":44,"key":"DIG"},{"floor":46,"key":"DIG"},{"floor":49,"key":"RECALL"},{"floor":52,"key":"DIG"}],"neow_cost":"NONE","seed_source_timestamp":14129776111900,"circlet_count":0,"master_deck":["AscendersBane","Defend_R","Defend_R","Defend_R","Bash","Metallicize+1","Spot Weakness+1","Pummel","Reaper","Offering","Fire Breathing+1","Infernal Blade+1","Dropkick+1","Shrug It Off+1","Burning Pact+1","Dual Wield+1","Second Wind+1","Corruption+1","Dark Embrace","Shockwave"],"relics":["Burning Blood","NeowsBlessing","Golden Idol","Art of War","Regal Pillow","Prayer Wheel","Astrolabe","Shovel","Dodecahedron","Blue Candle","Ornamental Fan","Letter Opener","Red Mask","Fusion Hammer","Calipers","Toxic Egg 2","Paper Frog","Omamori","MawBank","Shuriken","Nunchaku","Bronze Scales","Bag of Marbles"],"potions_floor_usage":[10,24,27,31,31,47,54],"damage_taken":[{"damage":0,"enemies":"Small Slimes","floor":1,"turns":1},{"damage":0,"enemies":"Jaw Worm","floor":2,"turns":1},{"damage":0,"enemies":"Lagavulin","floor":7,"turns":1},{"damage":3,"enemies":"2 Louse","floor":8,"turns":3},{"damage":14,"enemies":"Gremlin Nob","floor":10,"turns":3},{"damage":20,"enemies":"Exordium Thugs","floor":13,"turns":4},{"damage":16,"enemies":"Exordium Wildlife","floor":14,"turns":3},{"damage":34,"enemies":"The Guardian","floor":16,"turns":14},{"damage":10,"enemies":"Chosen","floor":18,"turns":3},{"damage":14,"enemies":"Shell Parasite","floor":19,"turns":4},{"damage":19,"enemies":"Snecko","floor":21,"turns":4},{"damage":25,"enemies":"Colosseum Slavers","floor":24,"turns":3},{"damage":22,"enemies":"Colosseum Nobs","floor":24,"turns":5},{"damage":35,"enemies":"Book of Stabbing","floor":27,"turns":5},{"damage":38,"enemies":"Shelled Parasite and Fungi","floor":29,"turns":6},{"damage":21,"enemies":"Centurion and Healer","floor":30,"turns":5},{"damage":6,"enemies":"Masked Bandits","floor":31,"turns":3},{"damage":6,"enemies":"Champ","floor":33,"turns":3},{"damage":7,"enemies":"3 Shapes","floor":35,"turns":2},{"damage":6,"enemies":"3 Darklings","floor":38,"turns":4},{"damage":6,"enemies":"Spire Growth","floor":39,"turns":2},{"damage":6,"enemies":"Giant Head","floor":40,"turns":3},{"damage":6,"enemies":"Nemesis","floor":42,"turns":3},{"damage":6,"enemies":"Giant Head","floor":45,"turns":3},{"damage":15,"enemies":"Jaw Worm Horde","floor":47,"turns":3},{"damage":6,"enemies":"Transient","floor":48,"turns":3},{"damage":27,"enemies":"Donu and Deca","floor":50,"turns":3},{"damage":44,"enemies":"Shield and Spear","floor":54,"turns":4},{"damage":22,"enemies":"The Heart","floor":55,"turns":4}],"seed_played":"239488610009903947","potions_obtained":[{"floor":1,"key":"GamblersBrew"},{"floor":2,"key":"SmokeBomb"},{"floor":16,"key":"Block Potion"},{"floor":24,"key":"EssenceOfSteel"},{"floor":30,"key":"Regen Potion"},{"floor":31,"key":"Regen Potion"},{"floor":33,"key":"Regen Potion"}],"is_trial":false,"path_per_floor":["M","M","?","$","?","R","E","M","T","E","R","T","M","M","R","B",null,"M","M","$","M","?","R","?","R","T","E","R","M","M","?","R","B",null,"M","?","?","M","M","E","R","E","T","R","E","R","M","M","R","B",null,"R","$","E","B",null],"character_chosen":"IRONCLAD","items_purchased":["Nunchaku","Bronze Scales","SteroidPotion"],"campfire_rested":1,"item_purchase_floors":[53,53,53],"current_hp_per_floor":[74,75,80,80,52,52,58,61,61,53,53,53,39,29,29,13,63,71,75,75,68,68,68,41,80,80,57,57,37,22,55,55,61,75,74,74,74,80,80,80,80,80,80,80,80,80,80,80,80,65,76,76,76,50,34],"gold":384,"neow_bonus":"THREE_ENEMY_KILL","is_prod":false,"is_daily":false,"chose_seed":false,"campfire_upgraded":5,"win_rate":0,"timestamp":1551546859,"path_taken":["M","M","?","$","?","R","E","M","T","E","R","?","M","M","R","BOSS","M","M","$","M","?","R","?","R","T","E","R","M","M","?","R","BOSS","M","?","?","M","M","E","R","E","T","R","E","R","?","M","R","BOSS","R","$","E","BOSS"],"build_version":"2019-01-23","purchased_purges":3,"victory":true,"max_hp_per_floor":[75,75,80,80,80,80,80,80,80,80,80,80,80,80,80,80,80,80,80,80,80,80,80,80,80,80,80,80,80,80,80,80,80,80,80,80,80,80,80,80,80,80,80,80,80,80,80,80,80,80,80,80,80,80,80],"card_choices":[{"not_picked":["Seeing Red","Cleave"],"picked":"Metallicize","floor":1},{"not_picked":["Body Slam","Havoc","Rupture"],"picked":"SKIP","floor":2},{"not_picked":["Second Wind","Wild Strike"],"picked":"Hemokinesis","floor":7},{"not_picked":["Body Slam","True Grit"],"picked":"Spot Weakness","floor":8},{"not_picked":["Wild Strike","Iron Wave"],"picked":"Pummel","floor":13},{"not_picked":["Pommel Strike","Body Slam","Perfected Strike"],"picked":"SKIP","floor":13},{"not_picked":["Feel No Pain","True Grit"],"picked":"Reaper","floor":14},{"not_picked":["Metallicize","Anger","Reckless Charge"],"picked":"SKIP","floor":14},{"not_picked":["Brutality","Fiend Fire"],"picked":"Offering","floor":16},{"not_picked":["True Grit","Rage","Perfected Strike"],"picked":"SKIP","floor":18},{"not_picked":["Headbutt+1","Ghostly Armor","Body Slam"],"picked":"SKIP","floor":18},{"not_picked":["True Grit","Rage","Perfected Strike"],"picked":"SKIP","floor":18},{"not_picked":["Headbutt+1","Ghostly Armor","Body Slam"],"picked":"SKIP","floor":18},{"not_picked":["Heavy Blade+1","Blood for Blood+1"],"picked":"Shrug It Off+1","floor":19},{"not_picked":["Clothesline","Body Slam","Carnage"],"picked":"SKIP","floor":19},{"not_picked":["Second Wind","Reckless Charge"],"picked":"Burning Pact","floor":21},{"not_picked":["Twin Strike","Shrug It Off","Barricade"],"picked":"SKIP","floor":21},{"not_picked":["Inflame","Wild Strike+1","Armaments"],"picked":"SKIP","floor":27},{"not_picked":["Sword Boomerang","Flame Barrier+1"],"picked":"Dual Wield","floor":29},{"not_picked":["Disarm","Anger","Flex+1"],"picked":"SKIP","floor":29},{"not_picked":["Disarm","Anger","Flex+1"],"picked":"SKIP","floor":29},{"not_picked":["Clothesline","Pommel Strike"],"picked":"Second Wind+1","floor":30},{"not_picked":["Perfected Strike","Burning Pact","Searing Blow"],"picked":"SKIP","floor":30},{"not_picked":["Flex","Armaments"],"picked":"Corruption","floor":31},{"not_picked":["Brutality","Impervious"],"picked":"Dark Embrace","floor":33},{"not_picked":["Clothesline+1","Flame Barrier","Headbutt"],"picked":"SKIP","floor":35},{"not_picked":["Burning Pact+1","Havoc","Inflame"],"picked":"SKIP","floor":35},{"not_picked":["Iron Wave","Rage"],"picked":"Shockwave","floor":38},{"not_picked":["Flame Barrier+1","Ghostly Armor+1","Combust"],"picked":"SKIP","floor":38},{"not_picked":["Body Slam","Inflame+1","Thunderclap+1"],"picked":"SKIP","floor":39},{"not_picked":["Clothesline+1","Body Slam","Battle Trance+1"],"picked":"SKIP","floor":39},{"not_picked":["Dropkick","Disarm","Feed"],"picked":"SKIP","floor":40},{"not_picked":["Flame Barrier+1","Fiend Fire","Limit Break+1"],"picked":"SKIP","floor":42},{"not_picked":["Clash+1","Havoc+1","Shrug It Off+1"],"picked":"SKIP","floor":45},{"not_picked":["Clash+1","Havoc+1","Shrug It Off+1"],"picked":"SKIP","floor":45},{"not_picked":["Wild Strike","Havoc+1","Rampage"],"picked":"SKIP","floor":47},{"not_picked":["Bloodletting+1","Corruption","Carnage"],"picked":"SKIP","floor":47},{"not_picked":["Heavy Blade","Power Through+1","Searing Blow"],"picked":"SKIP","floor":48},{"not_picked":["Headbutt","Shrug It Off+1","Clash"],"picked":"SKIP","floor":48},{"not_picked":["Combust","Second Wind+1","Cleave"],"picked":"SKIP","floor":54}],"player_experience":2682900,"relics_obtained":[{"floor":7,"key":"Art of War"},{"floor":9,"key":"Regal Pillow"},{"floor":12,"key":"Prayer Wheel"},{"floor":24,"key":"Shovel"},{"floor":24,"key":"Dodecahedron"},{"floor":26,"key":"Blue Candle"},{"floor":27,"key":"Ornamental Fan"},{"floor":28,"key":"Letter Opener"},{"floor":31,"key":"Red Mask"},{"floor":40,"key":"Calipers"},{"floor":41,"key":"Toxic Egg 2"},{"floor":42,"key":"Paper Frog"},{"floor":45,"key":"Omamori"},{"floor":46,"key":"MawBank"},{"floor":52,"key":"Shuriken"},{"floor":54,"key":"Bag of Marbles"}],"event_choices":[{"damage_healed":0,"gold_gain":0,"player_choice":"Donut","damage_taken":0,"max_hp_gain":5,"max_hp_loss":0,"event_name":"Big Fish","floor":3,"gold_loss":0},{"damage_healed":0,"gold_gain":0,"player_choice":"Take Damage","damage_taken":28,"relics_obtained":["Golden Idol"],"max_hp_gain":0,"max_hp_loss":0,"event_name":"Golden Idol","floor":5,"gold_loss":0},{"damage_healed":0,"gold_gain":0,"cards_transformed":["Hemokinesis","Defend_R"],"player_choice":"Became Test Subject","damage_taken":0,"max_hp_gain":0,"max_hp_loss":0,"event_name":"Drug Dealer","floor":22,"gold_loss":0,"cards_obtained":["Burning Pact","Sword Boomerang"]},{"damage_healed":0,"gold_gain":0,"player_choice":"Fight","damage_taken":0,"max_hp_gain":0,"max_hp_loss":0,"event_name":"Colosseum","floor":24,"gold_loss":0},{"damage_healed":0,"gold_gain":0,"player_choice":"Fought Nobs","damage_taken":0,"max_hp_gain":0,"max_hp_loss":0,"event_name":"Colosseum","floor":24,"gold_loss":0},{"damage_healed":0,"gold_gain":0,"player_choice":"Fought Bandits","damage_taken":0,"max_hp_gain":0,"max_hp_loss":0,"event_name":"Masked Bandits","floor":31,"gold_loss":0},{"cards_removed":["Sword Boomerang"],"damage_healed":0,"gold_gain":0,"player_choice":"Removed Attack","damage_taken":0,"max_hp_gain":0,"max_hp_loss":0,"event_name":"Falling","floor":36,"gold_loss":0},{"damage_healed":0,"gold_gain":0,"player_choice":"Upgraded","damage_taken":0,"max_hp_gain":0,"max_hp_loss":0,"event_name":"Upgrade Shrine","floor":37,"gold_loss":0,"cards_upgraded":["Dual Wield"]}],"is_beta":false,"boss_relics":[{"not_picked":["Calling Bell","Lizard Tail"],"picked":"Astrolabe"},{"not_picked":["Black Star","Orrery"],"picked":"Fusion Hammer"}],"items_purged_floors":[4,20,53],"is_endless":false,"potions_floor_spawned":[1,2,7,8,16,21,24,24,30,31,33,35,39,42,45],"ascension_level":15}