{"gold_per_floor":[17,33,208,208,283,283,42,42,42,58,58,86,86,119,119,220,220,231,93,107,107,107,138,153,169,193,193,74,74,91,102,102,197,197,207,207,307,307,60,60],"floor_reached":40,"playtime":1321,"items_purged":["Regret","Doubt"],"score":558,"play_id":"e01a1c6a-d08c-4654-a7f0-9727c2c61434","local_time":"25611113222323","is_ascension_mode":true,"campfire_choices":[{"data":"Streamline","floor":6.0,"key":"SMITH"},{"data":"Self Repair","floor":8.0,"key":"SMITH"},{"data":"Electrodynamics","floor":11.0,"key":"SMITH"},{"floor":15.0,"key":"REST"},{"floor":32,"key":"REST"}],"neow_cost":"NO_GOLD","seed_source_timestamp":18260383334985,"circlet_count":0,"master_deck":["Zap","Dualcast","Electrodynamics+1","Streamline+1","FTL","Self Repair+1","Glacier","Rebound+1","Genetic Algorithm","Loop","Zap","Defragment","Amplify","Defragment","Turbo","Static Discharge","Gash+1","Streamline","Barrage","Hologram","Force Field+1","Defragment","Force Field","Echo Form","Aggregate","Self Repair","Force Field","Fission","Thunder Strike","Madness","Dark Shackles"],"special_seed":0,"relics":["Cracked Core","Potion Belt","Matryoshka","Girya","Anchor","Pandora\u0027s Box","Juzu Bracelet","Bottled Flame","Blue Candle","Shuriken","Pear","Whetstone","Busted Crown","Pocketwatch","Pantograph"],"potions_floor_usage":[30,30,33],"damage_taken":[{"damage":6.0,"enemies":"2 Louse","floor":1.0,"turns":2.0},{"damage":0.0,"enemies":"Small Slimes","floor":2.0,"turns":2.0},{"damage":7.0,"enemies":"Jaw Worm","floor":10.0,"turns":3.0},{"damage":20.0,"enemies":"Lagavulin","floor":12.0,"turns":6.0},{"damage":12.0,"enemies":"3 Sentries","floor":14.0,"turns":3.0},{"damage":2.0,"enemies":"Slime Boss","floor":16.0,"turns":6.0},{"damage":11.0,"enemies":"Spheric Guardian","floor":18.0,"turns":3.0},{"damage":11.0,"enemies":"Shell Parasite","floor":20.0,"turns":5.0},{"damage":53.0,"enemies":"Book of Stabbing","floor":23.0,"turns":7.0},{"damage":19.0,"enemies":"Centurion and Healer","floor":24.0,"turns":5.0},{"damage":12.0,"enemies":"3 Cultists","floor":25.0,"turns":3.0},{"damage":15,"enemies":"Snecko","floor":30,"turns":4},{"damage":18,"enemies":"Centurion and Healer","floor":31,"turns":5},{"damage":25,"enemies":"Champ","floor":33,"turns":10},{"damage":10,"enemies":"3 Shapes","floor":35,"turns":8},{"damage":11,"enemies":"Mind Bloom Boss Battle","floor":37,"turns":7},{"damage":88,"enemies":"Nemesis","floor":40,"turns":10}],"seed_played":"2441406512487902246","potions_obtained":[{"floor":10.0,"key":"EssenceOfSteel"},{"floor":16.0,"key":"PowerPotion"},{"floor":18.0,"key":"Poison Potion"},{"floor":20.0,"key":"Dexterity Potion"},{"floor":24.0,"key":"FearPotion"},{"floor":27.0,"key":"Fruit Juice"},{"floor":27.0,"key":"FairyPotion"},{"floor":27.0,"key":"Fire Potion"}],"is_trial":false,"path_per_floor":["M","M","?","?","?","R","$","R","T","M","R","E","?","E","R","B",null,"M","$","M","T","?","E","M","M","T","?","$","?","M","M","R","B",null,"M","?","?","?","$","E"],"character_chosen":"DEFECT","items_purchased":["Self Repair","Glacier","Rebound","Defragment","Self Repair","Block Potion","Pantograph"],"campfire_rested":2,"item_purchase_floors":[7,7,7,19,28,28,39],"current_hp_per_floor":[62,62,62,62,51,51,51,51,51,54,54,44,44,32,54,62,72,71,71,70,70,70,27,28,16,26,26,26,26,36,35,62,64,84,90,90,86,76,76,0],"gold":60,"neow_bonus":"THREE_RARE_CARDS","is_prod":false,"is_daily":false,"chose_seed":false,"campfire_upgraded":3,"win_rate":0,"timestamp":1542122603,"path_taken":["M","M","?","?","?","R","$","R","T","?","R","E","?","E","R","BOSS","M","$","M","?","?","E","M","M","T","?","$","?","M","M","R","BOSS","M","?","?","?","$","E"],"build_version":"2018-11-08","purchased_purges":2,"victory":false,"max_hp_per_floor":[75,75,75,75,75,75,75,75,75,75,75,75,75,75,75,75,75,75,75,75,75,75,75,75,75,85,85,85,85,90,90,90,90,90,90,90,90,90,90,90],"card_choices":[{"not_picked":["Rainbow","Hyperbeam"],"picked":"Electrodynamics","floor":0.0},{"not_picked":["Gash","Sweeping Beam"],"picked":"Streamline","floor":1.0},{"not_picked":["Go for the Eyes","Leap"],"picked":"FTL","floor":2.0},{"not_picked":["Coolheaded","Compile Driver"],"picked":"Genetic Algorithm","floor":10.0},{"not_picked":["FTL","Melter"],"picked":"Loop","floor":12.0},{"not_picked":["Leap","Sweeping Beam"],"picked":"Defragment","floor":14.0},{"not_picked":["Meteor Strike","Biased Cognition"],"picked":"Amplify","floor":16.0},{"not_picked":["Steam","BootSequence"],"picked":"Force Field+1","floor":18.0},{"not_picked":["Rebound","Cold Snap"],"picked":"Force Field","floor":20.0},{"not_picked":["Rip and Tear+1","Rebound"],"picked":"Echo Form","floor":23.0},{"not_picked":["Reprogram","Heatsinks","Conserve Battery"],"picked":"SKIP","floor":24.0},{"not_picked":["Sunder","Cold Snap"],"picked":"Aggregate","floor":25.0},{"not_picked":["Skim","Gash"],"picked":"Force Field","floor":30},{"not_picked":["Steam","Consume"],"picked":"Fission","floor":31},{"not_picked":["Seek","Rainbow"],"picked":"Thunder Strike","floor":33},{"not_picked":["Force Field"],"picked":"SKIP","floor":35},{"not_picked":[],"picked":"Madness","floor":38},{"not_picked":[],"picked":"Dark Shackles","floor":38}],"player_experience":127569,"relics_obtained":[{"floor":9.0,"key":"Matryoshka"},{"floor":12.0,"key":"Girya"},{"floor":14.0,"key":"Anchor"},{"floor":21.0,"key":"Juzu Bracelet"},{"floor":21.0,"key":"Bottled Flame"},{"floor":23.0,"key":"Shuriken"},{"floor":26.0,"key":"Pear"},{"floor":26.0,"key":"Whetstone"},{"floor":37,"key":"Pocketwatch"}],"event_choices":[{"damage_healed":0.0,"max_hp_gain":0.0,"max_hp_loss":0.0,"gold_gain":175.0,"event_name":"Liars Game","player_choice":"AGREE","floor":3.0,"gold_loss":0.0,"damage_taken":0.0,"cards_obtained":["Doubt"]},{"damage_healed":0.0,"max_hp_gain":0.0,"max_hp_loss":0.0,"gold_gain":0.0,"event_name":"Big Fish","player_choice":"Box","floor":4.0,"gold_loss":0.0,"damage_taken":0.0,"relics_obtained":["Potion Belt"],"cards_obtained":["Regret"]},{"damage_healed":0.0,"max_hp_gain":0.0,"max_hp_loss":0.0,"gold_gain":75.0,"event_name":"World of Goop","player_choice":"Gather Gold","floor":5.0,"gold_loss":0.0,"damage_taken":11.0},{"damage_healed":0.0,"max_hp_gain":0.0,"max_hp_loss":0.0,"gold_gain":0.0,"event_name":"Match and Keep!","player_choice":"1 cards matched","floor":13.0,"gold_loss":0.0,"damage_taken":0.0,"cards_obtained":["Zap"]},{"damage_healed":0.0,"max_hp_gain":0.0,"max_hp_loss":0.0,"gold_gain":0.0,"event_name":"The Mausoleum","player_choice":"Opened","floor":22.0,"gold_loss":0.0,"damage_taken":0.0,"relics_obtained":["Blue Candle"]},{"damage_healed":0.0,"max_hp_gain":0.0,"max_hp_loss":0.0,"gold_gain":0.0,"event_name":"Lab","player_choice":"Got Potions","floor":27.0,"gold_loss":0.0,"damage_taken":0.0},{"damage_healed":0.0,"max_hp_gain":0.0,"max_hp_loss":0.0,"gold_gain":0.0,"event_name":"Beggar","player_choice":"Ignored","floor":29.0,"gold_loss":0.0,"damage_taken":0.0},{"cards_removed":["Scrape"],"damage_healed":0,"gold_gain":0,"player_choice":"Removed Attack","damage_taken":0,"max_hp_gain":0,"max_hp_loss":0,"event_name":"Falling","floor":36,"gold_loss":0},{"damage_healed":0,"gold_gain":0,"player_choice":"Fight","damage_taken":0,"max_hp_gain":0,"max_hp_loss":0,"event_name":"MindBloom","floor":37,"gold_loss":0},{"damage_healed":0,"gold_gain":0,"player_choice":"Memory 3","damage_taken":10,"max_hp_gain":0,"max_hp_loss":0,"event_name":"SensoryStone","floor":38,"gold_loss":0}],"is_beta":false,"boss_relics":[{"not_picked":["Runic Pyramid","Runic Dome"],"picked":"Pandora\u0027s Box"},{"not_picked":["Fusion Hammer","Eternal Feather"],"picked":"Busted Crown"}],"items_purged_floors":[7,19],"is_endless":false,"potions_floor_spawned":[10,16,18,20,24],"killed_by":"Nemesis","ascension_level":6}