{"gold_per_floor":[115,115,129,152,8,48,48,69,69,69,69,93,136,150,150,281,281,297,297,5,19,32,32,70,89,114,139,159,159,180,95,95,95],"floor_reached":33,"playtime":2799,"items_purged":["Strike_G"],"score":379,"play_id":"f8adfd68-9c28-4420-8867-141c984684f0","local_time":"20180703194657","is_ascension_mode":true,"campfire_choices":[{"data":"Neutralize","floor":7.0,"key":"SMITH"},{"data":"Sucker Punch","floor":11.0,"key":"SMITH"},{"data":"Noxious Fumes","floor":15.0,"key":"SMITH"},{"data":"Cloak And Dagger","floor":23.0,"key":"SMITH"},{"data":"Cloak And Dagger","floor":29.0,"key":"SMITH"},{"data":"Survivor","floor":32.0,"key":"SMITH"}],"neow_cost":"","seed_source_timestamp":26933927596447,"circlet_count":0,"master_deck":["Defend_G","Defend_G","Defend_G","Defend_G","Defend_G","Strike_G","Strike_G","Strike_G","Survivor+1","Neutralize+1","Sucker Punch+1","Backstab","PiercingWail","Noxious Fumes+1","Die Die Die","Decay","Sucker Punch","Leg Sweep","Glass Knife","Writhe","Cloak And Dagger+1","Endless Agony+1","Slice+1","Cloak And Dagger+1","Escape Plan","Acrobatics"],"special_seed":0,"relics":["Ring of the Snake","Golden Idol","Bottled Lightning","Meat on the Bone","Gremlin Horn","Eternal Feather","Omamori","Shuriken","Bag of Preparation","Dream Catcher","Art of War"],"potions_floor_usage":[33,33],"damage_taken":[{"damage":0.0,"enemies":"Cultist","floor":1.0,"turns":5.0},{"damage":0.0,"enemies":"Small Slimes","floor":3.0,"turns":3.0},{"damage":0.0,"enemies":"Jaw Worm","floor":4.0,"turns":4.0},{"damage":10.0,"enemies":"3 Sentries","floor":6.0,"turns":8.0},{"damage":3.0,"enemies":"Looter","floor":8.0,"turns":4.0},{"damage":3.0,"enemies":"Lots of Slimes","floor":12.0,"turns":4.0},{"damage":16.0,"enemies":"Gremlin Nob","floor":13.0,"turns":5.0},{"damage":15.0,"enemies":"Exordium Thugs","floor":14.0,"turns":6.0},{"damage":32.0,"enemies":"The Guardian","floor":16.0,"turns":13.0},{"damage":8.0,"enemies":"Chosen","floor":18.0,"turns":7.0},{"damage":6.0,"enemies":"Spheric Guardian","floor":21.0,"turns":4.0},{"damage":25.0,"enemies":"Snake Plant","floor":22.0,"turns":6.0},{"damage":29.0,"enemies":"Book of Stabbing","floor":24.0,"turns":6.0},{"damage":10.0,"enemies":"Chosen and Byrds","floor":25.0,"turns":5.0},{"damage":8.0,"enemies":"Slaver and Parasite","floor":27.0,"turns":6.0},{"damage":5.0,"enemies":"Cultist and Chosen","floor":28.0,"turns":5.0},{"damage":2.0,"enemies":"Centurion and Healer","floor":30.0,"turns":5.0},{"damage":54,"enemies":"Automaton","floor":33,"turns":8}],"seed_played":"1294266389420716663","potions_obtained":[{"floor":3.0,"key":"Energy Potion"},{"floor":8.0,"key":"GhostInAJar"},{"floor":12.0,"key":"EntropicBrew"},{"floor":13.0,"key":"Block Potion"},{"floor":18.0,"key":"Block Potion"},{"floor":21.0,"key":"Fruit Juice"},{"floor":25.0,"key":"Strength Potion"},{"floor":27.0,"key":"Dexterity Potion"},{"floor":30.0,"key":"Block Potion"}],"is_trial":false,"path_per_floor":["M","?","M","M","$","E","R","M","T","?","R","M","E","M","R","B",null,"M","?","$","M","M","R","E","M","T","M","M","R","M","?","R"],"character_chosen":"THE_SILENT","items_purchased":["Noxious Fumes","Shuriken","Cloak And Dagger"],"campfire_rested":0,"item_purchase_floors":[],"current_hp_per_floor":[63,63,63,63,63,53,53,50,50,50,50,47,43,40,40,20,54,46,46,46,40,32,40,23,25,25,29,36,46,44,44,54,0],"gold":95,"neow_bonus":"","is_prod":false,"is_daily":false,"chose_seed":false,"campfire_upgraded":6,"win_rate":0,"timestamp":1530672417,"path_taken":["M","?","M","M","$","E","R","M","T","?","R","M","E","M","R","BOSS","M","?","$","M","M","R","E","M","T","M","M","R","M","?","R","BOSS"],"build_version":"2018-06-28","purchased_purges":1,"victory":false,"max_hp_per_floor":[70,65,65,65,65,65,65,65,65,65,65,65,65,65,65,65,65,65,65,65,65,70,70,70,70,70,70,70,70,70,70,70,70],"card_choices":[{"not_picked":["Acrobatics","Choke"],"picked":"Sucker Punch","floor":1.0},{"not_picked":["Acrobatics","PiercingWail"],"picked":"Backstab","floor":3.0},{"not_picked":["Blade Dance","Deadly Poison"],"picked":"PiercingWail","floor":4.0},{"not_picked":["Dagger Throw","Terror","Malaise"],"picked":"SKIP","floor":6.0},{"not_picked":["Dagger Throw","Slice"],"picked":"Die Die Die","floor":8.0},{"not_picked":["Acrobatics","Bane"],"picked":"Sucker Punch","floor":12.0},{"not_picked":["Backstab","Quick Slash"],"picked":"Leg Sweep","floor":13.0},{"not_picked":["Slice","Skewer","Acrobatics"],"picked":"SKIP","floor":14.0},{"not_picked":["Burst","Tools of the Trade"],"picked":"Glass Knife","floor":16.0},{"not_picked":["Slice","Outmaneuver+1","PiercingWail"],"picked":"SKIP","floor":18.0},{"not_picked":["Outmaneuver","PiercingWail"],"picked":"Endless Agony+1","floor":21.0},{"not_picked":["Noxious Fumes","Sucker Punch"],"picked":"Slice+1","floor":22.0},{"not_picked":["Poisoned Stab","Dagger Spray","Deadly Poison"],"picked":"SKIP","floor":24.0},{"not_picked":["Acrobatics","Poisoned Stab+1"],"picked":"Cloak And Dagger","floor":25.0},{"not_picked":["Dagger Spray","Phantasmal Killer","Predator"],"picked":"SKIP","floor":27.0},{"not_picked":["Bouncing Flask","Poisoned Stab+1"],"picked":"Escape Plan","floor":28.0},{"not_picked":["Prepared","Terror"],"picked":"Acrobatics","floor":30.0}],"player_experience":673219,"relics_obtained":[{"floor":6.0,"key":"Bottled Lightning"},{"floor":9.0,"key":"Meat on the Bone"},{"floor":13.0,"key":"Gremlin Horn"},{"floor":24.0,"key":"Bag of Preparation"},{"floor":26.0,"key":"Dream Catcher"}],"event_choices":[{"event_name":"Golden Idol","player_choice":"Lose Max HP","floor":2.0,"damage_taken":0.0},{"event_name":"Wheel of Change","player_choice":"Curse","floor":10.0,"damage_taken":0.0},{"event_name":"The Mausoleum","player_choice":"Yes","floor":19.0,"damage_taken":0.0},{"event_name":"Addict","player_choice":"Obtained Relic","floor":31.0,"damage_taken":0.0}],"boss_relics":[{"not_picked":["Lizard Tail","Black Star"],"picked":"Eternal Feather"}],"items_purged_floors":[],"is_endless":false,"potions_floor_spawned":[3,8,12,13,16,18,21,25,27,30],"killed_by":"Automaton","ascension_level":7}