{"gold_per_floor":[18,18,18,37,62,62,405,405,405,420,455,455,480,10,10,10],"floor_reached":16,"playtime":767,"items_purged":[],"score":220,"play_id":"40da8b4e-5257-498e-800d-4bda53bae0a2","local_time":"20190321143959","is_ascension_mode":true,"campfire_choices":[{"data":"Immolate","floor":6,"key":"SMITH"},{"data":"Carnage","floor":12,"key":"SMITH"},{"data":"True Grit","floor":15,"key":"SMITH"}],"neow_cost":"NO_GOLD","seed_source_timestamp":119212743780000,"circlet_count":0,"master_deck":["AscendersBane","Strike_R","Strike_R","Strike_R","Strike_R","Strike_R","Defend_R","Defend_R","Defend_R","Defend_R","Bash","Immolate+1","Carnage+1","Thunderclap","Shrug It Off","Havoc","Intimidate","True Grit+1","Corruption"],"relics":["Burning Blood","Golden Idol","Old Coin","Question Card","Pantograph","Red Skull"],"potions_floor_usage":[16],"damage_taken":[{"damage":0,"enemies":"Cultist","floor":1,"turns":2},{"damage":19,"enemies":"Jaw Worm","floor":4,"turns":4},{"damage":0,"enemies":"Small Slimes","floor":5,"turns":2},{"damage":12,"enemies":"3 Sentries","floor":7,"turns":4},{"damage":0,"enemies":"Gremlin Gang","floor":10,"turns":3},{"damage":42,"enemies":"Lagavulin","floor":11,"turns":6},{"damage":4,"enemies":"Red Slaver","floor":13,"turns":2},{"damage":60,"enemies":"Slime Boss","floor":16,"turns":11}],"seed_played":"45834361249343796","potions_obtained":[{"floor":1,"key":"Ancient Potion"},{"floor":5,"key":"Swift Potion"}],"is_trial":false,"path_per_floor":["M","?","$","M","M","R","E","?","T","M","E","R","M","$","R","B"],"character_chosen":"IRONCLAD","items_purchased":["Corruption","Pantograph","Red Skull"],"campfire_rested":0,"item_purchase_floors":[14,14,14],"current_hp_per_floor":[74,68,68,55,61,61,55,60,60,66,30,30,32,32,32,0],"gold":10,"neow_bonus":"THREE_RARE_CARDS","is_prod":false,"is_daily":false,"chose_seed":false,"campfire_upgraded":3,"win_rate":0,"timestamp":1553179199,"path_taken":["M","?","?","M","M","R","E","?","T","M","E","R","M","$","R","BOSS"],"build_version":"2019-01-23","purchased_purges":0,"victory":false,"max_hp_per_floor":[75,68,68,68,68,68,68,73,73,73,73,73,73,73,73,73],"card_choices":[{"not_picked":["Bludgeon","Fiend Fire"],"picked":"Immolate","floor":0},{"not_picked":["Searing Blow","Power Through"],"picked":"Carnage","floor":1},{"not_picked":["Spot Weakness","Disarm"],"picked":"Thunderclap","floor":4},{"not_picked":["Headbutt","Iron Wave"],"picked":"Shrug It Off","floor":5},{"not_picked":["Demon Form","Blood for Blood","Clash"],"picked":"SKIP","floor":7},{"not_picked":["Second Wind","Thunderclap"],"picked":"Havoc","floor":10},{"not_picked":["Perfected Strike","Heavy Blade"],"picked":"Intimidate","floor":11},{"not_picked":["Clash","Sword Boomerang","Perfected Strike"],"picked":"True Grit","floor":13}],"player_experience":2284657,"relics_obtained":[{"floor":7,"key":"Old Coin"},{"floor":11,"key":"Question Card"}],"event_choices":[{"damage_healed":0,"gold_gain":0,"player_choice":"Lose Max HP","damage_taken":0,"relics_obtained":["Golden Idol"],"max_hp_gain":0,"max_hp_loss":7,"event_name":"Golden Idol","floor":2,"gold_loss":0},{"damage_healed":0,"gold_gain":0,"player_choice":"Donut","damage_taken":0,"max_hp_gain":5,"max_hp_loss":0,"event_name":"Big Fish","floor":8,"gold_loss":0}],"is_beta":false,"boss_relics":[],"items_purged_floors":[],"is_endless":false,"potions_floor_spawned":[1,5,10],"killed_by":"Slime Boss","ascension_level":20}