{"gold_per_floor":[112,112,122,45,58,58,83,83,110,145,178,189,216,181,181,256,256,272,162,173,189,199,199,227,227,227,258,258,258,183,18,18,90,90,105,116,116,133,133,133,164,164,164,164,177,177,177,23,23,23],"floor_reached":51,"playtime":2031,"items_purged":["Strike_R"],"score":1387,"play_id":"92bc3142-de33-40c3-996b-df0202e0ea76","local_time":"20181105125918","is_ascension_mode":true,"campfire_choices":[{"data":"Hemokinesis","floor":6.0,"key":"SMITH"},{"data":"Armaments","floor":8.0,"key":"SMITH"},{"data":"Bash","floor":15.0,"key":"SMITH"},{"data":"Fiend Fire","floor":23.0,"key":"SMITH"},{"data":"Flame Barrier","floor":25.0,"key":"SMITH"},{"floor":28.0,"key":"REST"},{"data":"Flame Barrier","floor":32.0,"key":"SMITH"},{"data":"Demon Form","floor":40.0,"key":"SMITH"},{"data":"Feel No Pain","floor":42.0,"key":"SMITH"},{"data":"Juggernaut","floor":44.0,"key":"SMITH"},{"data":"Metamorphosis","floor":49.0,"key":"SMITH"}],"neow_cost":"NONE","seed_source_timestamp":154468266484405,"circlet_count":0,"master_deck":["AscendersBane","Strike_R","Defend_R","Defend_R","Defend_R","Bash+1","Anger","Hemokinesis+1","Pommel Strike+1","Iron Wave","Armaments+1","Shrug It Off","Fiend Fire+1","Ghostly Armor+1","Flame Barrier+1","Flame Barrier+1","Heavy Blade","Flame Barrier","Demon Form+1","Doubt","Doubt","Shrug It Off+1","Body Slam+1","Juggernaut+1","Feel No Pain+1","True Grit+1","Metamorphosis+1"],"special_seed":0,"relics":["Burning Blood","Omamori","Orichalcum","Bronze Scales","WingedGreaves","Regal Pillow","Pen Nib","Snecko Eye","Blue Candle","The Courier","Happy Flower","Calling Bell","Anchor","Gremlin Horn","Prayer Wheel","Nunchaku","Darkstone Periapt"],"potions_floor_usage":[50,50],"damage_taken":[{"damage":2.0,"enemies":"2 Louse","floor":1.0,"turns":4.0},{"damage":2.0,"enemies":"Small Slimes","floor":3.0,"turns":3.0},{"damage":1.0,"enemies":"Cultist","floor":5.0,"turns":3.0},{"damage":22.0,"enemies":"Lagavulin","floor":7.0,"turns":6.0},{"damage":19.0,"enemies":"3 Sentries","floor":10.0,"turns":7.0},{"damage":20.0,"enemies":"Gremlin Nob","floor":11.0,"turns":4.0},{"damage":9.0,"enemies":"3 Louse","floor":12.0,"turns":2.0},{"damage":6.0,"enemies":"3 Sentries","floor":13.0,"turns":6.0},{"damage":40.0,"enemies":"The Guardian","floor":16.0,"turns":10.0},{"damage":8.0,"enemies":"Shell Parasite","floor":18.0,"turns":3.0},{"damage":0.0,"enemies":"Chosen","floor":20.0,"turns":3.0},{"damage":9.0,"enemies":"3 Cultists","floor":21.0,"turns":5.0},{"damage":18.0,"enemies":"Snake Plant","floor":22.0,"turns":3.0},{"damage":18.0,"enemies":"Slavers","floor":24.0,"turns":5.0},{"damage":17.0,"enemies":"Gremlin Leader","floor":27.0,"turns":4.0},{"damage":6.0,"enemies":"Champ","floor":33.0,"turns":17.0},{"damage":3.0,"enemies":"Orb Walker","floor":35.0,"turns":3.0},{"damage":3.0,"enemies":"3 Shapes","floor":36.0,"turns":8.0},{"damage":4.0,"enemies":"Transient","floor":38.0,"turns":5.0},{"damage":16.0,"enemies":"Reptomancer","floor":41.0,"turns":6.0},{"damage":2.0,"enemies":"Maw","floor":45.0,"turns":5.0},{"damage":78,"enemies":"Awakened One","floor":50,"turns":10}],"seed_played":"-4701507990129366470","potions_obtained":[{"floor":3.0,"key":"Energy Potion"},{"floor":7.0,"key":"Regen Potion"},{"floor":10.0,"key":"Swift Potion"},{"floor":13.0,"key":"GamblersBrew"},{"floor":20.0,"key":"Regen Potion"},{"floor":21.0,"key":"Explosive Potion"},{"floor":24.0,"key":"Weak Potion"},{"floor":27.0,"key":"Energy Potion"},{"floor":33.0,"key":"SkillPotion"},{"floor":41.0,"key":"Regen Potion"}],"is_trial":false,"path_per_floor":["M","?","M","$","M","R","E","R","T","E","E","M","E","?","R","B",null,"M","?","M","M","M","R","E","R","T","E","R","?","?","$","R","B",null,"M","M","?","M","?","R","E","R","T","R","M","$","$","$","R","B",null],"character_chosen":"IRONCLAD","items_purchased":["Pommel Strike","Iron Wave","PowerPotion","Flame Barrier","Metamorphosis"],"campfire_rested":1,"item_purchase_floors":[4,4,31,31,48],"current_hp_per_floor":[72,61,65,65,70,70,54,54,54,56,42,39,39,57,57,23,62,60,60,66,63,51,51,53,53,53,42,75,75,75,75,75,75,75,75,75,75,75,75,75,65,65,65,65,69,69,69,69,69,12],"gold":23,"neow_bonus":"REMOVE_CARD","is_prod":false,"is_daily":false,"chose_seed":false,"campfire_upgraded":10,"win_rate":0,"timestamp":1541451558,"path_taken":["M","?","M","$","M","R","E","R","T","E","E","M","E","?","R","BOSS","M","?","?","M","M","R","E","R","T","E","R","?","?","$","R","BOSS","M","M","?","?","?","R","E","R","T","R","M","?","$","$","R","BOSS"],"build_version":"2018-11-01","purchased_purges":1,"victory":true,"max_hp_per_floor":[75,75,75,75,75,75,75,75,75,75,75,75,75,75,75,75,75,75,75,75,75,75,75,75,75,75,75,75,75,75,75,75,75,75,75,75,75,75,75,75,75,75,75,75,75,75,75,75,75,75],"card_choices":[{"not_picked":["Combust","Searing Blow"],"picked":"Anger","floor":1.0},{"not_picked":["Infernal Blade","Shockwave"],"picked":"Hemokinesis","floor":3.0},{"not_picked":["Intimidate","Clash","Flex"],"picked":"SKIP","floor":5.0},{"not_picked":["Warcry","Perfected Strike"],"picked":"Armaments","floor":7.0},{"not_picked":["Sentinel","Anger","Second Wind"],"picked":"SKIP","floor":10.0},{"not_picked":["Second Wind","True Grit"],"picked":"Shrug It Off","floor":11.0},{"not_picked":["Searing Blow","True Grit","Blood for Blood"],"picked":"SKIP","floor":12.0},{"not_picked":["Havoc","Bludgeon","Metallicize"],"picked":"SKIP","floor":13.0},{"not_picked":["Bludgeon","Brutality"],"picked":"Fiend Fire","floor":16.0},{"not_picked":["Pommel Strike","Entrench+1"],"picked":"Ghostly Armor+1","floor":18.0},{"not_picked":["Disarm","Shrug It Off"],"picked":"Flame Barrier","floor":20.0},{"not_picked":["Pummel","Warcry","Perfected Strike+1"],"picked":"SKIP","floor":21.0},{"not_picked":["Armaments","Entrench+1","Clash"],"picked":"SKIP","floor":22.0},{"not_picked":["Cleave","True Grit"],"picked":"Flame Barrier","floor":24.0},{"not_picked":["Double Tap","Shrug It Off"],"picked":"Heavy Blade","floor":27.0},{"not_picked":["Barricade","Limit Break"],"picked":"Demon Form","floor":33.0},{"not_picked":["Cleave+1","Pommel Strike+1"],"picked":"Shrug It Off+1","floor":35.0},{"not_picked":["Clothesline","Headbutt","Demon Form"],"picked":"SKIP","floor":35.0},{"not_picked":["True Grit","Metallicize"],"picked":"Body Slam+1","floor":36.0},{"not_picked":["Flex","Anger"],"picked":"Juggernaut","floor":36.0},{"not_picked":["Thunderclap","Shockwave"],"picked":"Feel No Pain","floor":38.0},{"not_picked":["Thunderclap","Wild Strike","Cleave+1"],"picked":"SKIP","floor":38.0},{"not_picked":["Iron Wave","Berserk","Twin Strike"],"picked":"SKIP","floor":41.0},{"not_picked":["Fire Breathing+1","Armaments"],"picked":"True Grit+1","floor":45.0},{"not_picked":["Cleave","Pummel","Rupture"],"picked":"SKIP","floor":45.0}],"player_experience":1594338,"relics_obtained":[{"floor":7.0,"key":"Orichalcum"},{"floor":9.0,"key":"Bronze Scales"},{"floor":10.0,"key":"WingedGreaves"},{"floor":11.0,"key":"Regal Pillow"},{"floor":13.0,"key":"Pen Nib"},{"floor":24.0,"key":"Blue Candle"},{"floor":26.0,"key":"The Courier"},{"floor":27.0,"key":"Happy Flower"},{"floor":34.0,"key":"Anchor"},{"floor":34.0,"key":"Gremlin Horn"},{"floor":34.0,"key":"Prayer Wheel"},{"floor":41.0,"key":"Nunchaku"},{"floor":43.0,"key":"Darkstone Periapt"}],"event_choices":[{"damage_healed":0.0,"max_hp_gain":0.0,"max_hp_loss":0.0,"gold_gain":0.0,"event_name":"Scrap Ooze","player_choice":"Success","floor":2.0,"gold_loss":0.0,"damage_taken":11.0,"relics_obtained":["Omamori"]},{"damage_healed":18.0,"max_hp_gain":0.0,"max_hp_loss":0.0,"gold_gain":0.0,"event_name":"The Cleric","player_choice":"Healed","floor":14.0,"gold_loss":35.0,"damage_taken":0.0},{"cards_removed":["Strike_R"],"damage_healed":0.0,"max_hp_gain":0.0,"max_hp_loss":0.0,"gold_gain":0.0,"event_name":"Designer","player_choice":"Upgrade and Remove","floor":19.0,"gold_loss":110.0,"damage_taken":0.0,"cards_upgraded":["Pommel Strike"]},{"damage_healed":0.0,"max_hp_gain":0.0,"max_hp_loss":0.0,"gold_gain":0.0,"event_name":"Forgotten Altar","player_choice":"Smashed Altar","floor":29.0,"gold_loss":0.0,"damage_taken":0.0,"cards_obtained":["Decay"]},{"cards_removed":["Strike_R"],"damage_healed":0.0,"max_hp_gain":0.0,"max_hp_loss":0.0,"gold_gain":0.0,"event_name":"Beggar","player_choice":"Gave Gold","floor":30.0,"gold_loss":75.0,"damage_taken":0.0},{"damage_healed":0.0,"max_hp_gain":0.0,"max_hp_loss":0.0,"gold_gain":0.0,"event_name":"Match and Keep!","player_choice":"0 cards matched","floor":37.0,"gold_loss":0.0,"damage_taken":0.0,"cards_obtained":[]},{"cards_removed":["Defend_R"],"damage_healed":0.0,"max_hp_gain":0.0,"max_hp_loss":0.0,"gold_gain":0.0,"event_name":"Falling","player_choice":"Removed Skill","floor":39.0,"gold_loss":0.0,"damage_taken":0.0}],"is_beta":false,"boss_relics":[{"not_picked":["Lizard Tail","Fusion Hammer"],"picked":"Snecko Eye"},{"not_picked":["Black Blood","Runic Pyramid"],"picked":"Calling Bell"}],"items_purged_floors":[31],"is_endless":false,"potions_floor_spawned":[3,7,10,13,20,21,24,27,33,35,36,41],"ascension_level":15}