{"gold_per_floor":[113,12,87,87,87,119,119,147,147,147,174,187,202,232,232,306,306,323,323,238,11,11,43,63,82,82,28,28],"floor_reached":28,"playtime":1017,"items_purged":["Strike_B","Doubt"],"score":624,"play_id":"159d9298-ead1-445e-925a-d013e682c8e1","local_time":"20190201111240","is_ascension_mode":true,"campfire_choices":[{"data":"Barrage","floor":7.0,"key":"SMITH"},{"data":"Loop","floor":15.0,"key":"SMITH"}],"neow_cost":"NONE","seed_source_timestamp":0,"circlet_count":0,"master_deck":["AscendersBane","Strike_B","Strike_B","Strike_B","Defend_B","Defend_B","Defend_B","Defend_B+1","Zap","Dualcast+1","Loop+1","Cold Snap","Barrage+1","Undo","Cold Snap","Gash","Seek","Decay","Writhe","Conserve Battery+1","Capacitor","Double Energy+1","All For One","Consume+1","Beam Cell"],"special_seed":0,"relics":["Cracked Core","NeowsBlessing","Bag of Marbles","Darkstone Periapt","Shuriken","Bronze Scales","Orichalcum","Kunai","Calling Bell","DataDisk","Toxic Egg 2","Prayer Wheel","Pen Nib","Ornamental Fan","Question Card"],"potions_floor_usage":[28,28],"damage_taken":[{"damage":0.0,"enemies":"2 Louse","floor":1.0,"turns":1.0},{"damage":0.0,"enemies":"3 Sentries","floor":6.0,"turns":1.0},{"damage":0.0,"enemies":"Lagavulin","floor":8.0,"turns":1.0},{"damage":22.0,"enemies":"3 Sentries","floor":11.0,"turns":13.0},{"damage":0.0,"enemies":"Jaw Worm","floor":12.0,"turns":3.0},{"damage":0.0,"enemies":"Small Slimes","floor":13.0,"turns":3.0},{"damage":11.0,"enemies":"Lagavulin","floor":14.0,"turns":5.0},{"damage":9.0,"enemies":"Hexaghost","floor":16.0,"turns":8.0},{"damage":0.0,"enemies":"3 Byrds","floor":18.0,"turns":4.0},{"damage":43.0,"enemies":"Book of Stabbing","floor":23.0,"turns":7.0},{"damage":9.0,"enemies":"Chosen","floor":24.0,"turns":5.0},{"damage":16.0,"enemies":"Snake Plant","floor":25.0,"turns":4.0},{"damage":11,"enemies":"Slavers","floor":28,"turns":2}],"seed_played":"6501168503750982383","potions_obtained":[{"floor":1.0,"key":"GamblersBrew"},{"floor":11.0,"key":"LiquidBronze"},{"floor":13.0,"key":"SteroidPotion"},{"floor":16.0,"key":"GamblersBrew"},{"floor":18.0,"key":"SpeedPotion"},{"floor":23.0,"key":"SpeedPotion"}],"is_trial":false,"path_per_floor":["M","$","?","?","?","E","R","E","T","T","E","M","M","E","R","B",null,"M","?","?","$","?","E","M","M","T","$","E"],"character_chosen":"DEFECT","items_purchased":["Cold Snap","Capacitor","Double Energy+1","AttackPotion"],"campfire_rested":0,"item_purchase_floors":[2,21,21,27],"current_hp_per_floor":[64,64,53,32,55,55,55,55,55,55,33,33,33,22,22,13,75,75,75,75,75,75,32,23,7,7,7,0],"gold":28,"neow_bonus":"THREE_ENEMY_KILL","is_prod":false,"is_daily":false,"chose_seed":true,"campfire_upgraded":2,"win_rate":0,"timestamp":1548990760,"path_taken":["M","$","?","?","?","E","R","E","T","?","E","M","M","E","R","BOSS","M","?","?","$","?","E","?","M","T","?","E"],"build_version":"2019-01-23","purchased_purges":2,"victory":false,"max_hp_per_floor":[71,71,71,71,71,71,71,71,71,71,71,71,71,71,71,71,89,89,89,89,89,89,89,89,89,89,89,89],"card_choices":[{"not_picked":["Leap","Redo"],"picked":"Loop","floor":1.0},{"not_picked":["Redo","Conserve Battery"],"picked":"Barrage","floor":6.0},{"not_picked":["Steam","Doom and Gloom"],"picked":"Undo","floor":8.0},{"not_picked":["Redo","Heatsinks","Meteor Strike"],"picked":"SKIP","floor":11.0},{"not_picked":["Hologram","Leap","Rip and Tear"],"picked":"SKIP","floor":12.0},{"not_picked":["Skim","Tempest"],"picked":"Cold Snap","floor":13.0},{"not_picked":["Stack","Redo"],"picked":"Gash","floor":14.0},{"not_picked":["Hyperbeam","Multi-Cast"],"picked":"Seek","floor":16.0},{"not_picked":["Storm","Stack+1"],"picked":"Conserve Battery+1","floor":18.0},{"not_picked":["Turbo+1","Lockon","Stack+1"],"picked":"SKIP","floor":18.0},{"not_picked":["Barrage","Conserve Battery+1"],"picked":"All For One","floor":23.0},{"not_picked":["Sweeping Beam","Redo+1"],"picked":"Consume+1","floor":24.0},{"not_picked":["Force Field+1","Reprogram+1","Static Discharge"],"picked":"SKIP","floor":24.0},{"not_picked":["Compile Driver","Leap+1"],"picked":"Beam Cell","floor":25.0},{"not_picked":["Consume+1","Barrage","Turbo+1"],"picked":"SKIP","floor":25.0}],"player_experience":1253531,"relics_obtained":[{"floor":6.0,"key":"Bag of Marbles"},{"floor":8.0,"key":"Darkstone Periapt"},{"floor":9.0,"key":"Shuriken"},{"floor":10.0,"key":"Bronze Scales"},{"floor":11.0,"key":"Orichalcum"},{"floor":14.0,"key":"Kunai"},{"floor":17.0,"key":"DataDisk"},{"floor":17.0,"key":"Toxic Egg 2"},{"floor":17.0,"key":"Prayer Wheel"},{"floor":23.0,"key":"Ornamental Fan"},{"floor":26.0,"key":"Question Card"}],"event_choices":[{"damage_healed":0.0,"max_hp_gain":0.0,"max_hp_loss":0.0,"gold_gain":75.0,"event_name":"World of Goop","player_choice":"Gather Gold","floor":3.0,"gold_loss":0.0,"damage_taken":11.0},{"damage_healed":0.0,"max_hp_gain":0.0,"max_hp_loss":0.0,"gold_gain":0.0,"event_name":"Shining Light","player_choice":"Entered Light","floor":4.0,"gold_loss":0.0,"damage_taken":21.0,"cards_upgraded":["Dualcast","Defend_B"]},{"damage_healed":23.0,"max_hp_gain":0.0,"max_hp_loss":0.0,"gold_gain":0.0,"event_name":"Big Fish","player_choice":"Banana","floor":5.0,"gold_loss":0.0,"damage_taken":0.0},{"damage_healed":0.0,"max_hp_gain":0.0,"max_hp_loss":0.0,"gold_gain":0.0,"event_name":"Ghosts","player_choice":"Ignored","floor":19.0,"gold_loss":0.0,"damage_taken":0.0},{"damage_healed":0.0,"max_hp_gain":0.0,"max_hp_loss":0.0,"gold_gain":0.0,"event_name":"Addict","player_choice":"Obtained Relic","floor":20.0,"gold_loss":85.0,"damage_taken":0.0,"relics_obtained":["Pen Nib"]},{"damage_healed":0.0,"max_hp_gain":0.0,"max_hp_loss":0.0,"gold_gain":0.0,"event_name":"Cursed Tome","player_choice":"Ignored","floor":22.0,"gold_loss":0.0,"damage_taken":0.0}],"is_beta":true,"boss_relics":[{"not_picked":["Philosopher\u0027s Stone","Velvet Choker"],"picked":"Calling Bell"}],"items_purged_floors":[2,21],"is_endless":false,"potions_floor_spawned":[1,11,13,16,18,23],"killed_by":"Slavers","ascension_level":20}