{"gold_per_floor":[119,119,135,135,210,239,250,278,303,363,374,404,421,453,453,532,532,547,547,557,472,488,522,522,549,576,609,609,624,657,657,657,734,734,747,795,378,378,57,84,95,128,154,232,266,300,328,338,338,338,338,338,338,167,194,194],"floor_reached":57,"playtime":2494,"items_purged":["Backstab"],"score":4028,"play_id":"199714fa-bea6-4dc2-a35a-fbef43a0bc52","local_time":"20190214183911","daily_mods":["SealedDeck","DeadlyEvents","Elite Swarm"],"is_ascension_mode":true,"campfire_choices":[{"data":"Noxious Fumes","floor":15.0,"key":"SMITH"},{"data":"Catalyst","floor":24.0,"key":"SMITH"},{"data":"Adrenaline","floor":28.0,"key":"SMITH"},{"data":"Burst","floor":32.0,"key":"SMITH"},{"floor":49.0,"key":"RECALL"},{"data":"Wraith Form v2","floor":53.0,"key":"SMITH"}],"neow_cost":"","seed_source_timestamp":0,"circlet_count":0,"master_deck":["AscendersBane","Dash+1","PiercingWail","Backflip","Backflip","Dodge and Roll","Poisoned Stab+1","Catalyst+1","Bouncing Flask","Deadly Poison+1","Adrenaline+1","Adrenaline","Noxious Fumes+1","Malaise","Bullet Time","After Image","Acrobatics","Well Laid Plans","Burst+1","Adrenaline","Catalyst","Footwork","Dodge and Roll","Corpse Explosion","PiercingWail","Night Terror","Burst","Wraith Form v2+1","Deadly Poison+1"],"special_seed":0,"relics":["Ring of the Snake","Oddly Smooth Stone","Sundial","Bag of Preparation","Tiny Chest","Tingsha","Pantograph","Sozu","Ornamental Fan","Ginger","Blue Candle","Whetstone","Bottled Lightning","PreservedInsect","Gremlin Horn","Black Star","Pocketwatch","TwistedFunnel","FossilizedHelix","Omamori","Bag of Marbles","Orichalcum","Bottled Tornado","Anchor","Molten Egg 2","Vajra","Mango","Kunai","Boot","Question Card","Mummified Hand","Art of War","Ice Cream","Thread and Needle"],"potions_floor_usage":[56],"damage_taken":[{"damage":0.0,"enemies":"2 Louse","floor":1.0,"turns":2.0},{"damage":0.0,"enemies":"Small Slimes","floor":3.0,"turns":4.0},{"damage":33.0,"enemies":"3 Sentries","floor":6.0,"turns":8.0},{"damage":0.0,"enemies":"Jaw Worm","floor":7.0,"turns":2.0},{"damage":3.0,"enemies":"Lagavulin","floor":8.0,"turns":5.0},{"damage":3.0,"enemies":"Gremlin Nob","floor":10.0,"turns":3.0},{"damage":0.0,"enemies":"Blue Slaver","floor":11.0,"turns":2.0},{"damage":1.0,"enemies":"3 Sentries","floor":12.0,"turns":6.0},{"damage":0.0,"enemies":"2 Fungi Beasts","floor":13.0,"turns":2.0},{"damage":0.0,"enemies":"Gremlin Nob","floor":14.0,"turns":3.0},{"damage":0.0,"enemies":"The Guardian","floor":16.0,"turns":6.0},{"damage":0.0,"enemies":"Shell Parasite","floor":18.0,"turns":2.0},{"damage":0.0,"enemies":"3 Byrds","floor":20.0,"turns":3.0},{"damage":0.0,"enemies":"Centurion and Healer","floor":22.0,"turns":5.0},{"damage":0.0,"enemies":"Slavers","floor":23.0,"turns":5.0},{"damage":13.0,"enemies":"Book of Stabbing","floor":25.0,"turns":3.0},{"damage":1.0,"enemies":"Slavers","floor":27.0,"turns":5.0},{"damage":9.0,"enemies":"3 Cultists","floor":29.0,"turns":4.0},{"damage":0.0,"enemies":"Gremlin Leader","floor":30.0,"turns":2.0},{"damage":0.0,"enemies":"Collector","floor":33.0,"turns":2.0},{"damage":0.0,"enemies":"Orb Walker","floor":35.0,"turns":2.0},{"damage":0.0,"enemies":"2 Orb Walkers","floor":36.0,"turns":5.0},{"damage":0.0,"enemies":"Giant Head","floor":40.0,"turns":2.0},{"damage":0.0,"enemies":"3 Darklings","floor":41.0,"turns":1.0},{"damage":0.0,"enemies":"Nemesis","floor":42.0,"turns":3.0},{"damage":0.0,"enemies":"Reptomancer","floor":45.0,"turns":1.0},{"damage":0.0,"enemies":"Giant Head","floor":46.0,"turns":2.0},{"damage":0.0,"enemies":"Nemesis","floor":47.0,"turns":3.0},{"damage":0.0,"enemies":"4 Shapes","floor":48.0,"turns":2.0},{"damage":0.0,"enemies":"Donu and Deca","floor":50.0,"turns":4.0},{"damage":0.0,"enemies":"Time Eater","floor":51.0,"turns":3.0},{"damage":0,"enemies":"Shield and Spear","floor":55,"turns":4},{"damage":1,"enemies":"The Heart","floor":56,"turns":6}],"seed_played":"7007790890111481474","potions_obtained":[{"floor":7.0,"key":"GhostInAJar"},{"floor":8.0,"key":"EssenceOfSteel"},{"floor":10.0,"key":"PowerPotion"},{"floor":14.0,"key":"EssenceOfSteel"}],"is_trial":true,"path_per_floor":["M","?","M","?","?","E","M","E","T","E","M","E","M","E","R","B",null,"M","$","M","?","M","E","R","E","T","E","R","M","E","T","R","B",null,"M","?","$","T","$","E","M","E","T","T","E","E","E","M","R","B","B",null,"R","$","E","B",null],"character_chosen":"THE_SILENT","items_purchased":["TwistedFunnel","Footwork","Dodge and Roll","FossilizedHelix","Art of War"],"campfire_rested":0,"item_purchase_floors":[37,37,37,39,54],"current_hp_per_floor":[59,59,59,64,53,20,20,17,17,14,14,13,13,13,13,38,63,63,63,63,63,63,63,63,50,50,49,49,40,40,40,40,65,70,70,70,70,70,70,70,70,70,70,70,84,84,84,84,84,85,85,85,85,85,85,84],"gold":194,"neow_bonus":"","is_prod":false,"is_daily":false,"chose_seed":false,"campfire_upgraded":5,"win_rate":0,"timestamp":1550198351,"path_taken":["M","?","M","?","?","E","M","E","T","E","M","E","M","?","R","BOSS","M","$","M","?","M","E","R","E","T","E","R","M","E","?","R","BOSS","M","?","$","?","$","E","M","E","T","?","E","?","E","M","R","BOSS","BOSS","R","$","E","BOSS"],"build_version":"2019-01-23","purchased_purges":1,"victory":true,"max_hp_per_floor":[66,66,66,71,71,71,71,71,71,71,71,71,71,71,71,71,71,71,71,71,71,71,71,71,71,71,71,71,71,71,71,71,71,71,71,71,71,71,71,71,71,71,71,71,85,85,85,85,85,85,85,85,85,85,85,85],"card_choices":[{"not_picked":["Outmaneuver","Slice","Skewer"],"picked":"SKIP","floor":1.0},{"not_picked":["Sucker Punch","Dagger Spray","Bane"],"picked":"SKIP","floor":3.0},{"not_picked":["A Thousand Cuts","Envenom"],"picked":"Adrenaline","floor":6.0},{"not_picked":["Poisoned Stab","Acrobatics","Predator"],"picked":"SKIP","floor":7.0},{"not_picked":["Night Terror","Bullet Time","After Image"],"picked":"SKIP","floor":8.0},{"not_picked":["Unload","Venomology"],"picked":"Adrenaline","floor":10.0},{"not_picked":["Blade Dance","Poisoned Stab"],"picked":"Noxious Fumes","floor":11.0},{"not_picked":["Glass Knife","Doppelganger"],"picked":"Malaise","floor":12.0},{"not_picked":["Expertise","Underhanded Strike","Skewer"],"picked":"SKIP","floor":13.0},{"not_picked":["A Thousand Cuts","Tools of the Trade"],"picked":"Bullet Time","floor":14.0},{"not_picked":["Tools of the Trade","Venomology"],"picked":"After Image","floor":16.0},{"not_picked":["Predator","Sucker Punch","Deadly Poison"],"picked":"SKIP","floor":18.0},{"not_picked":["Riddle With Holes","Dagger Spray","Acrobatics"],"picked":"SKIP","floor":20.0},{"not_picked":["Riddle With Holes","Dagger Spray"],"picked":"Acrobatics","floor":20.0},{"not_picked":["Deflect","Slice"],"picked":"Well Laid Plans","floor":22.0},{"not_picked":["Envenom","A Thousand Cuts"],"picked":"Burst","floor":23.0},{"not_picked":["Glass Knife","Tools of the Trade","A Thousand Cuts"],"picked":"SKIP","floor":25.0},{"not_picked":["Venomology","Unload","Phantasmal Killer"],"picked":"SKIP","floor":27.0},{"not_picked":["Deadly Poison","Slice","Underhanded Strike"],"picked":"SKIP","floor":29.0},{"not_picked":["Glass Knife","Envenom"],"picked":"Adrenaline","floor":30.0},{"not_picked":["Escape Plan","Dagger Throw+1"],"picked":"Catalyst","floor":35.0},{"not_picked":["Grand Finale","Wraith Form v2"],"picked":"Corpse Explosion","floor":40.0},{"not_picked":["Flying Knee","Dagger Spray"],"picked":"PiercingWail","floor":41.0},{"not_picked":["Unload","Bullet Time","Storm of Steel"],"picked":"SKIP","floor":42.0},{"not_picked":["Unload+1","Doppelganger"],"picked":"Night Terror","floor":45.0},{"not_picked":["A Thousand Cuts","Grand Finale+1"],"picked":"Burst","floor":46.0},{"not_picked":["Envenom","Phantasmal Killer"],"picked":"Wraith Form v2","floor":47.0},{"not_picked":["Bane+1","Expertise","Sucker Punch+1"],"picked":"Deadly Poison+1","floor":48.0},{"not_picked":["Envenom","Venomology","Doppelganger","After Image"],"picked":"SKIP","floor":55}],"player_experience":2208372,"relics_obtained":[{"floor":6.0,"key":"Oddly Smooth Stone"},{"floor":8.0,"key":"Sundial"},{"floor":9.0,"key":"Bag of Preparation"},{"floor":10.0,"key":"Tiny Chest"},{"floor":12.0,"key":"Tingsha"},{"floor":14.0,"key":"Pantograph"},{"floor":23.0,"key":"Ginger"},{"floor":25.0,"key":"Blue Candle"},{"floor":26.0,"key":"Whetstone"},{"floor":27.0,"key":"Bottled Lightning"},{"floor":30.0,"key":"PreservedInsect"},{"floor":31.0,"key":"Gremlin Horn"},{"floor":36.0,"key":"Pocketwatch"},{"floor":40.0,"key":"Omamori"},{"floor":40.0,"key":"Bag of Marbles"},{"floor":42.0,"key":"Orichalcum"},{"floor":42.0,"key":"Bottled Tornado"},{"floor":43.0,"key":"Anchor"},{"floor":44.0,"key":"Molten Egg 2"},{"floor":45.0,"key":"Vajra"},{"floor":45.0,"key":"Mango"},{"floor":46.0,"key":"Kunai"},{"floor":46.0,"key":"Boot"},{"floor":47.0,"key":"Question Card"},{"floor":47.0,"key":"Mummified Hand"},{"floor":55,"key":"Ice Cream"},{"floor":55,"key":"Thread and Needle"}],"event_choices":[{"damage_healed":0.0,"max_hp_gain":0.0,"max_hp_loss":0.0,"gold_gain":0.0,"event_name":"Living Wall","player_choice":"Grow","floor":2.0,"gold_loss":0.0,"damage_taken":0.0,"cards_upgraded":["Deadly Poison"]},{"damage_healed":0.0,"max_hp_gain":5.0,"max_hp_loss":0.0,"gold_gain":0.0,"event_name":"Big Fish","player_choice":"Donut","floor":4.0,"gold_loss":0.0,"damage_taken":0.0},{"damage_healed":0.0,"max_hp_gain":0.0,"max_hp_loss":0.0,"gold_gain":75.0,"event_name":"World of Goop","player_choice":"Gather Gold","floor":5.0,"gold_loss":0.0,"damage_taken":11.0},{"damage_healed":0.0,"max_hp_gain":0.0,"max_hp_loss":0.0,"gold_gain":0.0,"event_name":"Addict","player_choice":"Obtained Relic","floor":21.0,"gold_loss":85.0,"damage_taken":0.0,"relics_obtained":["Ornamental Fan"]},{"damage_healed":0.0,"max_hp_gain":0.0,"max_hp_loss":0.0,"gold_gain":0.0,"event_name":"Mysterious Sphere","player_choice":"Fight","floor":36.0,"gold_loss":0.0,"damage_taken":0.0}],"is_beta":false,"boss_relics":[{"not_picked":["Velvet Choker","Eternal Feather"],"picked":"Sozu"},{"not_picked":["White Beast Statue","Astrolabe"],"picked":"Black Star"}],"items_purged_floors":[37],"is_endless":false,"potions_floor_spawned":[7,8,10,11,14,20,23,27,33,36,42,45,46,48],"ascension_level":20}