{"gold_per_floor":[110,124,49,63,213,213,213,232,304,324,324,358,358,392,392,470,470,481,481,481,55,75,104,104,134,160,177,104,104,116,128,128,202,202,215,231,231,257,273,308,308,337,361,33,33,33,0,29,29,29],"floor_reached":51,"playtime":1508,"items_purged":["Strike_R","Doubt","Strike_R"],"score":1417,"play_id":"cf9e3e5b-7a63-43e2-a4ae-39fa839fb9e1","local_time":"20190430124024","is_ascension_mode":true,"campfire_choices":[{"data":"Uppercut","floor":6.0,"key":"SMITH"},{"data":"Whirlwind","floor":11.0,"key":"SMITH"},{"data":"Havoc","floor":13.0,"key":"SMITH"},{"floor":15.0,"key":"REST"},{"data":"True Grit","floor":24.0,"key":"SMITH"},{"data":"Demon Form","floor":29.0,"key":"SMITH"},{"floor":32.0,"key":"REST"},{"data":"True Grit","floor":41.0,"key":"SMITH"},{"floor":46,"key":"REST"},{"data":"Power Through","floor":49,"key":"SMITH"}],"neow_cost":"NONE","seed_source_timestamp":118360787488965,"circlet_count":0,"master_deck":["AscendersBane","Defend_R","Defend_R","Defend_R","Defend_R+1","Bash+1","Pommel Strike","Ghostly Armor","Uppercut+1","Demon Form+1","Whirlwind+1","Havoc+1","Fiend Fire","Juggernaut+1","Limit Break+1","Immolate+1","True Grit+1","Necronomicurse","Corruption","True Grit+1","Disarm+1","Anger+1","Pommel Strike+1","Reaper+1","Pommel Strike+1","Shrug It Off","Impervious","PanicButton","Shrug It Off","Power Through+1","Shrug It Off"],"special_seed":0,"relics":["Burning Blood","Red Skull","Darkstone Periapt","Blood Vial","Bag of Marbles","Astrolabe","Necronomicon","Membership Card","Lantern","Bottled Lightning","Regal Pillow","Boot","Happy Flower","Sozu","War Paint","Potion Belt","Self Forming Clay","FossilizedHelix","Vajra","Medical Kit","Whetstone","Red Mask","Bag of Preparation"],"potions_floor_usage":[50,50],"damage_taken":[{"damage":0.0,"enemies":"2 Louse","floor":1.0,"turns":2.0},{"damage":7.0,"enemies":"Jaw Worm","floor":2.0,"turns":3.0},{"damage":6.0,"enemies":"Cultist","floor":4.0,"turns":4.0},{"damage":27.0,"enemies":"Exordium Thugs","floor":8.0,"turns":5.0},{"damage":20.0,"enemies":"2 Fungi Beasts","floor":10.0,"turns":5.0},{"damage":10.0,"enemies":"3 Sentries","floor":12.0,"turns":3.0},{"damage":15.0,"enemies":"Lagavulin","floor":14.0,"turns":7.0},{"damage":38.0,"enemies":"Slime Boss","floor":16.0,"turns":9.0},{"damage":6.0,"enemies":"Spheric Guardian","floor":18.0,"turns":3.0},{"damage":8.0,"enemies":"3 Byrds","floor":22.0,"turns":2.0},{"damage":27.0,"enemies":"Book of Stabbing","floor":23.0,"turns":4.0},{"damage":0.0,"enemies":"Gremlin Leader","floor":25.0,"turns":3.0},{"damage":8.0,"enemies":"3 Cultists","floor":27.0,"turns":4.0},{"damage":18.0,"enemies":"Snake Plant","floor":30.0,"turns":3.0},{"damage":9.0,"enemies":"Centurion and Healer","floor":31.0,"turns":4.0},{"damage":22.0,"enemies":"Automaton","floor":33.0,"turns":6.0},{"damage":20.0,"enemies":"3 Darklings","floor":35.0,"turns":2.0},{"damage":0.0,"enemies":"Orb Walker","floor":36.0,"turns":2.0},{"damage":29.0,"enemies":"4 Shapes","floor":39.0,"turns":6.0},{"damage":38.0,"enemies":"Reptomancer","floor":40.0,"turns":5.0},{"damage":25,"enemies":"Giant Head","floor":42,"turns":7},{"damage":0,"enemies":"Reptomancer","floor":48,"turns":3},{"damage":25,"enemies":"Donu and Deca","floor":50,"turns":6}],"seed_played":"3492757628165046716","potions_obtained":[{"floor":8.0,"key":"Swift Potion"},{"floor":10.0,"key":"SteroidPotion"},{"floor":12.0,"key":"GamblersBrew"},{"floor":25.0,"key":"BloodPotion"},{"floor":27.0,"key":"Dexterity Potion"},{"floor":30.0,"key":"Block Potion"}],"is_trial":false,"path_per_floor":["M","M","$","M","?","R","?","M","T","M","R","E","R","E","R","B",null,"M","?","?","$","M","E","R","E","T","M","$","R","M","M","R","B",null,"M","M","T","T","M","E","R","E","T","$","?","R","?","E","R","B",null],"character_chosen":"IRONCLAD","items_purchased":["Membership Card","Corruption","Regen Potion","Lantern","True Grit","Happy Flower","Medical Kit","PanicButton","Shrug It Off","Whetstone","Power Through"],"campfire_rested":3,"item_purchase_floors":[21,21,21,21,21,28,44,44,44,44,44],"current_hp_per_floor":[74,73,73,73,73,73,73,52,52,38,38,34,34,27,49,19,61,63,48,48,48,48,41,41,49,49,49,49,49,47,46,81,65,77,67,75,75,75,81,49,49,32,32,32,32,71,71,79,79,81],"gold":29,"neow_bonus":"RANDOM_COMMON_RELIC","is_prod":false,"is_daily":false,"chose_seed":false,"campfire_upgraded":7,"win_rate":0,"timestamp":1556653224,"path_taken":["M","M","$","M","?","R","?","M","T","?","R","E","R","E","R","BOSS","M","?","?","$","M","E","R","E","T","M","$","R","M","M","R","BOSS","M","M","?","?","M","E","R","E","T","$","?","R","?","E","R","BOSS"],"build_version":"2019-01-23","purchased_purges":3,"victory":true,"max_hp_per_floor":[75,75,75,75,75,75,75,75,75,75,75,75,75,75,75,75,75,75,81,81,81,81,81,81,81,81,81,81,81,81,81,81,81,81,81,81,81,81,81,81,81,81,81,81,81,81,81,81,81,81],"card_choices":[{"not_picked":["Wild Strike","Body Slam"],"picked":"Pommel Strike","floor":1.0},{"not_picked":["Perfected Strike","Clash"],"picked":"Ghostly Armor","floor":2.0},{"not_picked":["Infernal Blade","Shrug It Off"],"picked":"Uppercut","floor":4.0},{"not_picked":["Carnage","Heavy Blade"],"picked":"Demon Form","floor":8.0},{"not_picked":["Body Slam","Clash"],"picked":"Whirlwind","floor":10.0},{"not_picked":["Clothesline","Heavy Blade"],"picked":"Havoc","floor":12.0},{"not_picked":["Shockwave","Combust","Inflame"],"picked":"SKIP","floor":14.0},{"not_picked":["Demon Form","Berserk"],"picked":"Fiend Fire","floor":16.0},{"not_picked":["Reckless Charge","Pommel Strike"],"picked":"True Grit","floor":18.0},{"not_picked":["Thunderclap","Inflame","Uppercut"],"picked":"SKIP","floor":22.0},{"not_picked":["Pommel Strike","Burning Pact"],"picked":"Disarm","floor":23.0},{"not_picked":["Corruption","Disarm"],"picked":"Anger","floor":25.0},{"not_picked":["Iron Wave","Inflame"],"picked":"Pommel Strike+1","floor":27.0},{"not_picked":["Anger","Sword Boomerang","Body Slam"],"picked":"SKIP","floor":30.0},{"not_picked":["Intimidate","Perfected Strike","Wild Strike"],"picked":"SKIP","floor":31.0},{"not_picked":["Barricade","Feed"],"picked":"Reaper","floor":33.0},{"not_picked":["Rupture+1","Burning Pact"],"picked":"Pommel Strike+1","floor":35.0},{"not_picked":["Battle Trance","Rampage+1"],"picked":"Shrug It Off","floor":36.0},{"not_picked":["Clothesline+1","Havoc","Intimidate"],"picked":"SKIP","floor":39.0},{"not_picked":["Thunderclap+1","Body Slam","Clothesline+1"],"picked":"SKIP","floor":40.0},{"not_picked":["Flex","Dark Embrace"],"picked":"Impervious","floor":42},{"not_picked":["Cleave","Twin Strike+1"],"picked":"Shrug It Off","floor":48}],"player_experience":2513868,"relics_obtained":[{"floor":9.0,"key":"Darkstone Periapt"},{"floor":12.0,"key":"Blood Vial"},{"floor":14.0,"key":"Bag of Marbles"},{"floor":19.0,"key":"Necronomicon"},{"floor":23.0,"key":"Bottled Lightning"},{"floor":25.0,"key":"Regal Pillow"},{"floor":26.0,"key":"Boot"},{"floor":37.0,"key":"War Paint"},{"floor":38.0,"key":"Potion Belt"},{"floor":40.0,"key":"Self Forming Clay"},{"floor":42,"key":"FossilizedHelix"},{"floor":43,"key":"Vajra"},{"floor":48,"key":"Bag of Preparation"}],"event_choices":[{"damage_healed":0.0,"max_hp_gain":0.0,"max_hp_loss":0.0,"gold_gain":150.0,"event_name":"Liars Game","player_choice":"AGREE","floor":5.0,"gold_loss":0.0,"damage_taken":0.0,"cards_obtained":["Doubt"]},{"damage_healed":0.0,"max_hp_gain":0.0,"max_hp_loss":0.0,"gold_gain":0.0,"event_name":"Upgrade Shrine","player_choice":"Upgraded","floor":7.0,"gold_loss":0.0,"damage_taken":0.0,"cards_upgraded":["Bash"]},{"damage_healed":0.0,"max_hp_gain":0.0,"max_hp_loss":0.0,"gold_gain":0.0,"event_name":"Cursed Tome","player_choice":"Obtained Book","floor":19.0,"gold_loss":0.0,"damage_taken":21.0},{"damage_healed":0.0,"max_hp_gain":0.0,"max_hp_loss":0.0,"gold_gain":0.0,"event_name":"N\u0027loth","player_choice":"Ignored","floor":20.0,"gold_loss":0.0,"damage_taken":0.0},{"damage_healed":0,"gold_gain":0,"player_choice":"Memory 1","damage_taken":0,"max_hp_gain":0,"max_hp_loss":0,"event_name":"SensoryStone","floor":45,"gold_loss":0},{"damage_healed":0,"gold_gain":0,"player_choice":"Paid","damage_taken":0,"relics_obtained":["Red Mask"],"max_hp_gain":0,"max_hp_loss":0,"event_name":"Tomb of Lord Red Mask","floor":47,"gold_loss":33}],"is_beta":false,"boss_relics":[{"not_picked":["Lizard Tail","Orrery"],"picked":"Astrolabe"},{"not_picked":["Black Blood","Black Star"],"picked":"Sozu"}],"items_purged_floors":[3,21,44],"is_endless":false,"potions_floor_spawned":[8,10,12,14,16,25,27,30,31,35,36,42,48],"ascension_level":15}