{"gold_per_floor":[113,132,132,132,33,59,71,246,246,98,98,109,143,153,153,249,249,236,236,39,50,50,50,79,79,133,167,167,167,186,186,186,289,289,307,307,326,187,200,200,228,228,274,42,42,105,123,173,173,173],"floor_reached":51,"playtime":1527,"items_purged":["Regret","Doubt","Writhe"],"score":1090,"play_id":"e94c40d3-7a52-48ea-82c4-3340d8a4b348","local_time":"25611125175424","is_ascension_mode":true,"campfire_choices":[{"floor":11.0,"key":"DIG"},{"floor":15.0,"key":"DIG"},{"floor":23.0,"key":"DIG"},{"floor":25.0,"key":"REST"},{"floor":32.0,"key":"DIG"},{"floor":40.0,"key":"DIG"},{"floor":42.0,"key":"REST"},{"floor":49,"key":"REST"}],"neow_cost":"NONE","seed_source_timestamp":28645661466755,"circlet_count":0,"master_deck":["Strike_B+1","Strike_B","Strike_B","Strike_B","Defend_B","Defend_B","Defend_B","Defend_B+1","Zap","Dualcast","Static Discharge+1","Conserve Battery+1","Undo","Cold Snap","Hologram","Leap","Consume","Ball Lightning","Amplify","Blizzard+1","Streamline+1","Electrodynamics+1","Chaos+1","Thunder Strike","Zap","Heatsinks+1","Loop+1","Defragment+1"],"special_seed":0,"relics":["FrozenCore","NeowsBlessing","Mummified Hand","War Paint","Shovel","Bird Faced Urn","Bronze Scales","Smiling Mask","Runic Capacitor","Frozen Egg 2","Blood Vial","Strawberry","Blue Candle","Lantern","Bag of Marbles","Busted Crown","Kunai","Omamori","Whetstone","SsserpentHead","Ancient Tea Set"],"potions_floor_usage":[47,50,50,50],"damage_taken":[{"damage":0.0,"enemies":"2 Louse","floor":1.0,"turns":1.0},{"damage":0.0,"enemies":"Jaw Worm","floor":2.0,"turns":1.0},{"damage":0.0,"enemies":"3 Sentries","floor":6.0,"turns":2.0},{"damage":0.0,"enemies":"Small Slimes","floor":7.0,"turns":3.0},{"damage":9.0,"enemies":"Blue Slaver","floor":12.0,"turns":2.0},{"damage":10.0,"enemies":"Lagavulin","floor":13.0,"turns":8.0},{"damage":3.0,"enemies":"Exordium Wildlife","floor":14.0,"turns":5.0},{"damage":12.0,"enemies":"Slime Boss","floor":16.0,"turns":10.0},{"damage":6.0,"enemies":"2 Thieves","floor":18.0,"turns":4.0},{"damage":0.0,"enemies":"3 Byrds","floor":21.0,"turns":3.0},{"damage":35.0,"enemies":"Gremlin Leader","floor":24.0,"turns":5.0},{"damage":18.0,"enemies":"Slavers","floor":27.0,"turns":5.0},{"damage":8.0,"enemies":"3 Cultists","floor":30.0,"turns":4.0},{"damage":52.0,"enemies":"Automaton","floor":33.0,"turns":8.0},{"damage":2.0,"enemies":"Orb Walker","floor":35.0,"turns":4.0},{"damage":11.0,"enemies":"3 Darklings","floor":37.0,"turns":5.0},{"damage":5.0,"enemies":"4 Shapes","floor":39.0,"turns":3.0},{"damage":51.0,"enemies":"Nemesis","floor":41.0,"turns":8.0},{"damage":4,"enemies":"Sphere and 2 Shapes","floor":46,"turns":6},{"damage":26,"enemies":"Writhing Mass","floor":47,"turns":5},{"damage":19,"enemies":"Donu and Deca","floor":50,"turns":7}],"seed_played":"5129502653348095997","potions_obtained":[{"floor":6.0,"key":"SkillPotion"},{"floor":7.0,"key":"EssenceOfSteel"},{"floor":12.0,"key":"SkillPotion"},{"floor":13.0,"key":"Weak Potion"},{"floor":16.0,"key":"SkillPotion"},{"floor":18.0,"key":"Swift Potion"},{"floor":21.0,"key":"LiquidBronze"},{"floor":33.0,"key":"PowerPotion"},{"floor":39.0,"key":"Dexterity Potion"},{"floor":47,"key":"LiquidBronze"}],"is_trial":false,"path_per_floor":["M","M","?","?","$","E","M","?","T","$","R","M","E","M","R","B",null,"M","?","$","M","?","R","E","R","T","E","?","?","M","?","R","B",null,"M","?","M","$","M","R","E","R","T","$","?","M","M","T","R","B",null],"character_chosen":"DEFECT","items_purchased":["Conserve Battery","Hologram","Runic Capacitor","Heatsinks+1","PowerPotion","Loop+1","FocusPotion","EssenceOfSteel"],"campfire_rested":3,"item_purchase_floors":[5,10,20,38,38,44,44,44],"current_hp_per_floor":[68,68,68,68,68,68,68,68,68,68,68,61,53,52,52,42,67,63,63,63,63,63,63,32,54,61,49,49,33,31,60,60,14,69,71,71,66,66,65,65,26,52,52,52,52,58,44,44,70,87],"gold":173,"neow_bonus":"THREE_ENEMY_KILL","is_prod":false,"is_daily":false,"chose_seed":false,"campfire_upgraded":0,"win_rate":0,"timestamp":1543143264,"path_taken":["M","M","?","?","$","E","M","?","T","$","R","M","E","M","R","BOSS","M","?","$","M","?","R","E","R","T","E","?","?","?","?","R","BOSS","M","?","M","$","?","R","E","R","T","$","?","?","M","?","R","BOSS"],"build_version":"2018-11-15","purchased_purges":3,"victory":true,"max_hp_per_floor":[75,75,75,75,75,75,75,75,75,75,75,75,75,75,75,75,75,75,75,75,75,75,75,75,75,82,82,82,87,87,87,87,87,87,87,87,87,87,87,87,87,87,87,87,87,87,87,87,87,87],"card_choices":[{"not_picked":["Stack","Aggregate","Turbo"],"picked":"SKIP","floor":1.0},{"not_picked":["Tempest","Blizzard"],"picked":"Static Discharge","floor":2.0},{"not_picked":["Streamline","Rebound"],"picked":"Undo","floor":6.0},{"not_picked":["Beam Cell","All For One"],"picked":"Cold Snap","floor":7.0},{"not_picked":["Steam","Tempest"],"picked":"Leap","floor":12.0},{"not_picked":["Turbo","Steam Power"],"picked":"Consume","floor":13.0},{"not_picked":["Hologram","Rebound"],"picked":"Ball Lightning","floor":14.0},{"not_picked":["Seek","Thunder Strike"],"picked":"Amplify","floor":16.0},{"not_picked":["Steam","Barrage"],"picked":"Blizzard","floor":18.0},{"not_picked":["Leap","Barrage"],"picked":"Streamline+1","floor":21.0},{"not_picked":["Barrage","Beam Cell"],"picked":"Electrodynamics+1","floor":24.0},{"not_picked":["Ball Lightning+1","Melter","Streamline"],"picked":"SKIP","floor":27.0},{"not_picked":["BootSequence+1","Turbo+1"],"picked":"Chaos+1","floor":30.0},{"not_picked":["Fission","Seek"],"picked":"Thunder Strike","floor":33.0},{"not_picked":["Turbo+1"],"picked":"SKIP","floor":35.0},{"not_picked":["Gash+1"],"picked":"SKIP","floor":37.0},{"not_picked":["Coolheaded+1"],"picked":"SKIP","floor":39.0},{"not_picked":["Beam Cell"],"picked":"SKIP","floor":41.0},{"not_picked":[],"picked":"Defragment+1","floor":46},{"not_picked":["Beam Cell"],"picked":"SKIP","floor":47}],"player_experience":190382,"relics_obtained":[{"floor":6.0,"key":"War Paint"},{"floor":9.0,"key":"Shovel"},{"floor":11.0,"key":"Bird Faced Urn"},{"floor":13.0,"key":"Bronze Scales"},{"floor":15.0,"key":"Smiling Mask"},{"floor":23.0,"key":"Frozen Egg 2"},{"floor":24.0,"key":"Blood Vial"},{"floor":26.0,"key":"Strawberry"},{"floor":27.0,"key":"Blue Candle"},{"floor":32.0,"key":"Bag of Marbles"},{"floor":40.0,"key":"Kunai"},{"floor":41.0,"key":"Omamori"},{"floor":43.0,"key":"Whetstone"},{"floor":48,"key":"Ancient Tea Set"}],"event_choices":[{"damage_healed":0.0,"max_hp_gain":0.0,"max_hp_loss":0.0,"gold_gain":0.0,"event_name":"Living Wall","player_choice":"Grow","floor":3.0,"gold_loss":0.0,"damage_taken":0.0,"cards_upgraded":["Static Discharge"]},{"damage_healed":0.0,"max_hp_gain":0.0,"max_hp_loss":0.0,"gold_gain":0.0,"event_name":"Big Fish","player_choice":"Box","floor":4.0,"gold_loss":0.0,"damage_taken":0.0,"relics_obtained":["Mummified Hand"],"cards_obtained":["Regret"]},{"damage_healed":0.0,"max_hp_gain":0.0,"max_hp_loss":0.0,"gold_gain":175.0,"event_name":"Liars Game","player_choice":"AGREE","floor":8.0,"gold_loss":0.0,"damage_taken":0.0,"cards_obtained":["Doubt"]},{"damage_healed":0.0,"max_hp_gain":0.0,"max_hp_loss":0.0,"gold_gain":0.0,"event_name":"Ghosts","player_choice":"Ignored","floor":19.0,"gold_loss":0.0,"damage_taken":0.0},{"damage_healed":0.0,"max_hp_gain":0.0,"max_hp_loss":0.0,"gold_gain":0.0,"event_name":"Beggar","player_choice":"Ignored","floor":22.0,"gold_loss":0.0,"damage_taken":0.0},{"damage_healed":0.0,"max_hp_gain":0.0,"max_hp_loss":0.0,"gold_gain":0.0,"event_name":"The Mausoleum","player_choice":"Opened","floor":28.0,"gold_loss":0.0,"damage_taken":0.0,"relics_obtained":["Lantern"],"cards_obtained":["Writhe"]},{"damage_healed":0.0,"max_hp_gain":5.0,"max_hp_loss":0.0,"gold_gain":0.0,"event_name":"Forgotten Altar","player_choice":"Shed Blood","floor":29.0,"gold_loss":0.0,"damage_taken":21.0},{"damage_healed":29.0,"max_hp_gain":0.0,"max_hp_loss":0.0,"gold_gain":0.0,"event_name":"The Library","player_choice":"Heal","floor":31.0,"gold_loss":0.0,"damage_taken":0.0},{"damage_healed":0.0,"max_hp_gain":0.0,"max_hp_loss":0.0,"gold_gain":0.0,"event_name":"Match and Keep!","player_choice":"1 cards matched","floor":36.0,"gold_loss":0.0,"damage_taken":0.0,"cards_obtained":["Zap"]},{"damage_healed":0,"gold_gain":0,"player_choice":"Trade","damage_taken":0,"relics_obtained":["SsserpentHead"],"max_hp_gain":0,"max_hp_loss":0,"event_name":"FaceTrader","floor":45,"gold_loss":0}],"is_beta":false,"boss_relics":[{"not_picked":["Calling Bell","Lizard Tail"],"picked":"FrozenCore"},{"not_picked":["Black Star","Sozu"],"picked":"Busted Crown"}],"items_purged_floors":[5,10,38],"is_endless":false,"potions_floor_spawned":[6,7,12,13,16,18,21,33,39,46,47],"ascension_level":7}