{"gold_per_floor":[209,221,235,248,173,173,203,203,203,235,235,250,35,53,53,125,125,145,245,25,75,89,89,115,135,135,135,160,160,174,123,123,199,199,212,13,31,46,146,180,180,215,215,215,227,262,262,262,262,262],"floor_reached":51,"playtime":2331,"items_purged":["Strike_R","Strike_R"],"score":1420,"play_id":"3eb21d2f-46e1-4dde-a030-b37ea7a32913","local_time":"20190224211957","is_ascension_mode":true,"campfire_choices":[{"data":"Bash","floor":6.0,"key":"SMITH"},{"data":"Clothesline","floor":8.0,"key":"SMITH"},{"data":"Armaments","floor":15.0,"key":"SMITH"},{"floor":23,"key":"REST"},{"floor":29,"key":"REST"},{"floor":32,"key":"REST"},{"floor":41,"key":"REST"},{"floor":44,"key":"REST"},{"floor":47,"key":"REST"},{"floor":49,"key":"REST"}],"neow_cost":"NONE","seed_source_timestamp":49137265400403,"circlet_count":0,"master_deck":["AscendersBane","Strike_R","Strike_R+1","Defend_R","Defend_R","Defend_R","Defend_R","Bash+1","Thunderclap+1","Clothesline+1","Twin Strike","Shrug It Off","Armaments+1","Flame Barrier","Limit Break","Feel No Pain","Demon Form","Havoc+1","Warcry+1","Double Tap+1","Heavy Blade","Flex+1","Shrug It Off+1","Iron Wave+1","True Grit+1","Shrug It Off+1","Heavy Blade+1","Havoc+1","Corruption","PanicButton+1","Enlightenment+1","Master of Strategy+1","Havoc+1"],"special_seed":0,"relics":["Burning Blood","Red Skull","Pen Nib","Meat on the Bone","Self Forming Clay","Fusion Hammer","Torii","Pantograph","Oddly Smooth Stone","Toxic Egg 2","Whetstone","Runic Pyramid","Vajra","Nunchaku","Du-Vu Doll","Strawberry","Dream Catcher","Centennial Puzzle"],"potions_floor_usage":[24,28,45,50],"damage_taken":[{"damage":1.0,"enemies":"Cultist","floor":1.0,"turns":4.0},{"damage":0.0,"enemies":"Small Slimes","floor":2.0,"turns":3.0},{"damage":1.0,"enemies":"2 Louse","floor":3.0,"turns":4.0},{"damage":10.0,"enemies":"Red Slaver","floor":4.0,"turns":4.0},{"damage":17.0,"enemies":"Gremlin Nob","floor":7.0,"turns":4.0},{"damage":28.0,"enemies":"Lagavulin","floor":10.0,"turns":6.0},{"damage":8.0,"enemies":"Large Slime","floor":12.0,"turns":6.0},{"damage":3.0,"enemies":"Blue Slaver","floor":14.0,"turns":5.0},{"damage":30.0,"enemies":"Hexaghost","floor":16.0,"turns":10.0},{"damage":4.0,"enemies":"Chosen","floor":18.0,"turns":6.0},{"damage":11.0,"enemies":"Colosseum Slavers","floor":19.0,"turns":7.0},{"damage":27.0,"enemies":"Colosseum Nobs","floor":19.0,"turns":5.0},{"damage":7,"enemies":"3 Byrds","floor":22,"turns":4},{"damage":13,"enemies":"Book of Stabbing","floor":24,"turns":4},{"damage":17,"enemies":"Centurion and Healer","floor":25,"turns":6},{"damage":36,"enemies":"Slavers","floor":28,"turns":9},{"damage":10,"enemies":"Snake Plant","floor":30,"turns":4},{"damage":10,"enemies":"Champ","floor":33,"turns":11},{"damage":2,"enemies":"Orb Walker","floor":35,"turns":4},{"damage":23,"enemies":"3 Shapes","floor":37,"turns":5},{"damage":25,"enemies":"Sphere and 2 Shapes","floor":38,"turns":5},{"damage":0,"enemies":"Mind Bloom Boss Battle","floor":39,"turns":7},{"damage":10,"enemies":"Nemesis","floor":40,"turns":5},{"damage":15,"enemies":"Giant Head","floor":42,"turns":7},{"damage":0,"enemies":"Spire Growth","floor":45,"turns":6},{"damage":0,"enemies":"Nemesis","floor":46,"turns":5},{"damage":48,"enemies":"Time Eater","floor":50,"turns":7}],"seed_played":"-3222012742953720227","potions_obtained":[{"floor":3.0,"key":"Regen Potion"},{"floor":7.0,"key":"Weak Potion"},{"floor":10.0,"key":"Block Potion"},{"floor":18.0,"key":"SkillPotion"},{"floor":19.0,"key":"Ancient Potion"},{"floor":25,"key":"Swift Potion"},{"floor":28,"key":"SteroidPotion"},{"floor":45,"key":"BloodPotion"},{"floor":46,"key":"GamblersBrew"}],"is_trial":false,"path_per_floor":["M","M","M","M","?","R","E","R","T","E","?","M","$","M","R","B",null,"M","?","$","?","M","R","E","M","T","$","E","R","M","$","R","B",null,"M","$","M","M","?","E","R","E","T","R","M","E","R","?","R","B",null],"character_chosen":"IRONCLAD","items_purchased":["Limit Break","Feel No Pain","PowerPotion","Warcry+1","Vajra","Flex+1"],"campfire_rested":7,"item_purchase_floors":[13,20,20,31,36,36],"current_hp_per_floor":[73,75,75,71,71,71,60,60,60,52,52,50,50,53,53,41,67,69,55,55,55,54,75,68,57,57,57,39,61,57,57,75,71,74,75,75,58,51,75,71,75,73,73,82,82,82,82,72,82,52],"gold":262,"neow_bonus":"HUNDRED_GOLD","is_prod":false,"is_daily":false,"chose_seed":false,"campfire_upgraded":3,"win_rate":0,"timestamp":1551071997,"path_taken":["M","M","M","?","?","R","E","R","T","E","?","?","$","M","R","BOSS","M","?","$","?","M","R","E","?","T","?","E","R","M","$","R","BOSS","M","$","M","?","?","E","R","E","T","R","M","E","R","?","R","BOSS"],"build_version":"2019-01-23","purchased_purges":2,"victory":true,"max_hp_per_floor":[75,75,75,75,75,75,75,75,75,75,75,75,75,75,75,75,75,75,75,75,75,75,75,75,75,75,75,75,75,75,75,75,75,75,75,75,75,75,75,75,75,82,82,82,82,82,82,82,82,82],"card_choices":[{"not_picked":["Pummel","Seeing Red"],"picked":"Thunderclap","floor":1.0},{"not_picked":["Thunderclap","Dual Wield"],"picked":"Clothesline","floor":2.0},{"not_picked":["Blood for Blood","Clothesline"],"picked":"Twin Strike","floor":3.0},{"not_picked":["Thunderclap","Sever Soul"],"picked":"Shrug It Off","floor":4.0},{"not_picked":["Wild Strike","Cleave","Sword Boomerang"],"picked":"SKIP","floor":7.0},{"not_picked":["Corruption","Sever Soul"],"picked":"Armaments","floor":10.0},{"not_picked":["Seeing Red","Intimidate"],"picked":"Flame Barrier","floor":12.0},{"not_picked":["Limit Break","Rupture","Cleave"],"picked":"SKIP","floor":14.0},{"not_picked":["Dropkick","Sword Boomerang","Clothesline"],"picked":"SKIP","floor":18.0},{"not_picked":["Thunderclap","Perfected Strike","Wild Strike"],"picked":"SKIP","floor":22},{"not_picked":["Dual Wield","Disarm+1"],"picked":"Demon Form","floor":24},{"not_picked":["Havoc","Clothesline","Perfected Strike"],"picked":"SKIP","floor":25},{"not_picked":["Sword Boomerang","Clothesline","Evolve+1"],"picked":"SKIP","floor":28},{"not_picked":["Thunderclap","Ghostly Armor+1"],"picked":"Havoc+1","floor":30},{"not_picked":["Fiend Fire","Demon Form"],"picked":"Double Tap+1","floor":33},{"not_picked":["Twin Strike","Wild Strike"],"picked":"Heavy Blade","floor":35},{"not_picked":["Anger","Uppercut"],"picked":"Shrug It Off+1","floor":37},{"not_picked":["Power Through+1","Havoc+1"],"picked":"Iron Wave+1","floor":38},{"not_picked":["Battle Trance+1","Shockwave+1"],"picked":"True Grit+1","floor":39},{"not_picked":["Limit Break+1","Perfected Strike"],"picked":"Shrug It Off+1","floor":40},{"not_picked":["Iron Wave+1","Anger","Sever Soul"],"picked":"SKIP","floor":42},{"not_picked":["Iron Wave+1","Havoc+1"],"picked":"Heavy Blade+1","floor":44},{"not_picked":["Entrench+1","Rampage"],"picked":"Havoc+1","floor":45},{"not_picked":["Rupture","Iron Wave","Wild Strike"],"picked":"SKIP","floor":46},{"not_picked":["Clothesline+1","Sword Boomerang+1"],"picked":"Corruption","floor":47},{"not_picked":["Swift Strike","Magnetism"],"picked":"PanicButton+1","floor":48},{"not_picked":["Secret Weapon+1","Trip+1"],"picked":"Enlightenment+1","floor":48},{"not_picked":["Impatience+1","Dramatic Entrance"],"picked":"Master of Strategy+1","floor":48},{"not_picked":["Iron Wave","Thunderclap"],"picked":"Havoc+1","floor":49}],"player_experience":2254520,"relics_obtained":[{"floor":7.0,"key":"Red Skull"},{"floor":9.0,"key":"Pen Nib"},{"floor":10.0,"key":"Meat on the Bone"},{"floor":11.0,"key":"Self Forming Clay"},{"floor":19.0,"key":"Torii"},{"floor":19.0,"key":"Pantograph"},{"floor":24,"key":"Oddly Smooth Stone"},{"floor":26,"key":"Toxic Egg 2"},{"floor":28,"key":"Whetstone"},{"floor":39,"key":"Nunchaku"},{"floor":40,"key":"Du-Vu Doll"},{"floor":42,"key":"Strawberry"},{"floor":43,"key":"Dream Catcher"},{"floor":46,"key":"Centennial Puzzle"}],"event_choices":[{"cards_removed":["Strike_R"],"damage_healed":0.0,"max_hp_gain":0.0,"max_hp_loss":0.0,"gold_gain":0.0,"event_name":"The Cleric","player_choice":"Card Removal","floor":5.0,"gold_loss":75.0,"damage_taken":0.0},{"damage_healed":0.0,"max_hp_gain":0.0,"max_hp_loss":0.0,"gold_gain":0.0,"event_name":"Wheel of Change","player_choice":"Relic","floor":11.0,"gold_loss":0.0,"damage_taken":0.0},{"damage_healed":0.0,"max_hp_gain":0.0,"max_hp_loss":0.0,"gold_gain":0.0,"event_name":"Colosseum","player_choice":"Fight","floor":19.0,"gold_loss":0.0,"damage_taken":0.0},{"damage_healed":0.0,"max_hp_gain":0.0,"max_hp_loss":0.0,"gold_gain":0.0,"event_name":"Colosseum","player_choice":"Fought Nobs","floor":19.0,"gold_loss":0.0,"damage_taken":0.0},{"damage_healed":0.0,"max_hp_gain":0.0,"max_hp_loss":0.0,"gold_gain":50.0,"event_name":"Golden Shrine","player_choice":"Pray","floor":21.0,"gold_loss":0.0,"damage_taken":0.0},{"damage_healed":0,"gold_gain":0,"player_choice":"Fight","damage_taken":0,"max_hp_gain":0,"max_hp_loss":0,"event_name":"MindBloom","floor":39,"gold_loss":0},{"damage_healed":0,"gold_gain":0,"player_choice":"Memory 3","damage_taken":10,"max_hp_gain":0,"max_hp_loss":0,"event_name":"SensoryStone","floor":48,"gold_loss":0}],"is_beta":false,"boss_relics":[{"not_picked":["Tiny House","Calling Bell"],"picked":"Fusion Hammer"},{"not_picked":["Black Blood","Astrolabe"],"picked":"Runic Pyramid"}],"items_purged_floors":[13,20],"is_endless":false,"potions_floor_spawned":[3,7,10,12,18,19,25,28,39,40,42,45,46],"ascension_level":15}