{"gold_per_floor":[113,126,96,21,35,35,52,52,75,93,119,131,131,159,159,257,257,272,272,27,302,319,319,329,348,398,398,414,414,5,24,24,126,126,139,139,156,156,31,31,31,31,108,127,127,127,173,185,185,185],"floor_reached":50,"playtime":1340,"items_purged":["Strike_R","Strike_R","Regret"],"score":517,"play_id":"97b8e2bf-dba8-45b5-8a7d-b3cea4a087bf","local_time":"25620320192443","is_ascension_mode":false,"campfire_choices":[{"data":"Searing Blow","floor":6.0,"key":"SMITH"},{"data":"Searing Blow+1","floor":8.0,"key":"SMITH"},{"data":"Armaments","floor":13.0,"key":"SMITH"},{"data":"Searing Blow+2","floor":15.0,"key":"SMITH"},{"data":"Searing Blow+3","floor":23.0,"key":"SMITH"},{"data":"Searing Blow+4","floor":27.0,"key":"SMITH"},{"data":"Searing Blow+5","floor":29.0,"key":"SMITH"},{"data":"Searing Blow+6","floor":32.0,"key":"SMITH"},{"data":"Searing Blow+7","floor":40.0,"key":"SMITH"},{"data":"Searing Blow+9","floor":42.0,"key":"SMITH"},{"data":"Searing Blow+10","floor":45.0,"key":"SMITH"},{"data":"Searing Blow+11","floor":49,"key":"SMITH"}],"neow_cost":"","seed_source_timestamp":10187220206948,"circlet_count":0,"master_deck":["Strike_R+1","Strike_R+1","Strike_R+1","Defend_R+1","Defend_R+1","Defend_R+1","Defend_R+1","Bash+1","Searing Blow+12","Armaments+1","Juggernaut+1","True Grit+1","Infernal Blade+1","Intimidate+1","Feed+1","Disarm+1","Shockwave+1","Disarm+1","Thunderclap+1","Apotheosis+1","Brutality+1","Blind+1","Offering+1","Armaments+1","Madness+1","Madness+1","Finesse+1","Deep Breath+1","Panache+1"],"special_seed":0,"relics":["Burning Blood","Potion Belt","Bag of Marbles","Odd Mushroom","Sozu","Orichalcum","Dream Catcher","Velvet Choker","Mark of the Bloom","Bottled Flame","Nunchaku"],"potions_floor_usage":[50,50],"damage_taken":[{"damage":5.0,"enemies":"Small Slimes","floor":1.0,"turns":4.0},{"damage":6.0,"enemies":"Cultist","floor":2.0,"turns":3.0},{"damage":6.0,"enemies":"Jaw Worm","floor":5.0,"turns":3.0},{"damage":3.0,"enemies":"Exordium Wildlife","floor":7.0,"turns":4.0},{"damage":4.0,"enemies":"3 Louse","floor":10.0,"turns":3.0},{"damage":44.0,"enemies":"Gremlin Nob","floor":11.0,"turns":5.0},{"damage":22.0,"enemies":"Exordium Thugs","floor":12.0,"turns":5.0},{"damage":6.0,"enemies":"The Mushroom Lair","floor":14.0,"turns":4.0},{"damage":26.0,"enemies":"The Guardian","floor":16.0,"turns":11.0},{"damage":14.0,"enemies":"Spheric Guardian","floor":18.0,"turns":6.0},{"damage":21.0,"enemies":"2 Thieves","floor":22.0,"turns":4.0},{"damage":0.0,"enemies":"Snake Plant","floor":24.0,"turns":1.0},{"damage":0.0,"enemies":"Snecko","floor":25.0,"turns":4.0},{"damage":14.0,"enemies":"Shelled Parasite and Fungi","floor":28.0,"turns":6.0},{"damage":2.0,"enemies":"Cultist and Chosen","floor":31.0,"turns":4.0},{"damage":25.0,"enemies":"Champ","floor":33.0,"turns":8.0},{"damage":17.0,"enemies":"3 Darklings","floor":35.0,"turns":8.0},{"damage":12.0,"enemies":"3 Shapes","floor":37.0,"turns":4.0},{"damage":3.0,"enemies":"Sphere and 2 Shapes","floor":44.0,"turns":3.0},{"damage":11.0,"enemies":"2 Orb Walkers","floor":47.0,"turns":3.0},{"damage":11,"enemies":"Jaw Worm Horde","floor":48,"turns":5},{"damage":35,"enemies":"Awakened One","floor":50,"turns":2}],"seed_played":"1227930314877394570","potions_obtained":[{"floor":1.0,"key":"AttackPotion"},{"floor":3.0,"key":"Fruit Juice"},{"floor":3.0,"key":"FearPotion"},{"floor":7.0,"key":"Energy Potion"},{"floor":14.0,"key":"Strength Potion"},{"floor":16.0,"key":"Ancient Potion"}],"is_trial":false,"path_per_floor":["M","M","?","$","M","R","M","R","T","M","E","M","R","?","R","B",null,"M","?","$","?","M","R","M","M","T","R","M","R","$","M","R","B",null,"M","?","M","?","$","R","?","R","T","M","R","?","?","M","R","B"],"character_chosen":"IRONCLAD","items_purchased":["Orichalcum","Apotheosis","Brutality","Blind"],"campfire_rested":0,"item_purchase_floors":[20,30,30,30],"current_hp_per_floor":[80,80,85,85,85,85,85,85,85,85,47,31,31,31,31,11,85,77,77,77,77,62,62,68,78,78,78,74,74,74,78,78,59,93,82,70,68,58,58,58,58,58,58,55,55,55,44,33,33,0],"gold":185,"neow_bonus":"","is_prod":false,"is_daily":false,"chose_seed":false,"campfire_upgraded":12,"win_rate":0.0,"timestamp":1553084683,"path_taken":["M","M","?","$","M","R","M","R","T","?","E","M","R","?","R","BOSS","M","?","$","?","M","R","M","M","T","R","?","R","?","M","R","BOSS","M","?","M","?","$","R","?","R","T","M","R","?","?","M","R","BOSS"],"build_version":"2019-01-23","purchased_purges":3,"victory":false,"max_hp_per_floor":[80,80,85,85,85,85,85,85,85,85,85,85,85,85,85,85,85,85,85,85,85,85,85,85,89,89,89,93,93,93,93,93,93,93,93,93,97,97,97,97,97,97,97,101,101,101,101,101,101,101],"card_choices":[{"not_picked":["Second Wind","Clash"],"picked":"Searing Blow","floor":1.0},{"not_picked":["Flex","Body Slam"],"picked":"Armaments","floor":2.0},{"not_picked":["Burning Pact","Body Slam"],"picked":"Juggernaut","floor":5.0},{"not_picked":["Sword Boomerang","Headbutt"],"picked":"True Grit","floor":7.0},{"not_picked":["Iron Wave","Perfected Strike","Twin Strike"],"picked":"SKIP","floor":10.0},{"not_picked":["Fire Breathing","Sword Boomerang","Iron Wave"],"picked":"SKIP","floor":11.0},{"not_picked":["Iron Wave","Sword Boomerang"],"picked":"Infernal Blade","floor":12.0},{"not_picked":["Headbutt","Pommel Strike"],"picked":"Intimidate","floor":14.0},{"not_picked":["Reaper","Bludgeon"],"picked":"Feed","floor":16.0},{"not_picked":["Flame Barrier","Fire Breathing"],"picked":"Disarm+1","floor":18.0},{"not_picked":["True Grit","Shrug It Off"],"picked":"Headbutt+1","floor":22.0},{"not_picked":["Power Through","Infernal Blade","Bloodletting"],"picked":"SKIP","floor":24.0},{"not_picked":["Twin Strike+1","True Grit"],"picked":"Disarm","floor":25.0},{"not_picked":["Fire Breathing+1","Searing Blow+1"],"picked":"Thunderclap","floor":28.0},{"not_picked":["Feel No Pain","Iron Wave","Clash"],"picked":"SKIP","floor":31.0},{"not_picked":["Reaper","Feed"],"picked":"Offering","floor":33.0},{"not_picked":["Rupture","Seeing Red+1"],"picked":"Armaments+1","floor":35.0},{"not_picked":["Ghostly Armor+1","True Grit","Rage+1"],"picked":"SKIP","floor":37.0},{"not_picked":["Enlightenment","Forethought"],"picked":"Finesse","floor":38.0},{"not_picked":["Enlightenment","Mind Blast"],"picked":"Deep Breath","floor":38.0},{"not_picked":["Dark Shackles","Secret Weapon"],"picked":"Panache","floor":38.0},{"not_picked":["Twin Strike","Second Wind","Intimidate+1"],"picked":"SKIP","floor":44.0},{"not_picked":["Rage+1","Flex","Sever Soul"],"picked":"SKIP","floor":48}],"player_experience":0,"relics_obtained":[{"floor":9.0,"key":"Potion Belt"},{"floor":11.0,"key":"Bag of Marbles"},{"floor":14.0,"key":"Odd Mushroom"},{"floor":26.0,"key":"Dream Catcher"},{"floor":43.0,"key":"Bottled Flame"},{"floor":47.0,"key":"Nunchaku"}],"event_choices":[{"damage_healed":0.0,"max_hp_gain":0.0,"max_hp_loss":0.0,"gold_gain":0.0,"event_name":"The Woman in Blue","player_choice":"Bought 2 Potions","floor":3.0,"gold_loss":0.0,"damage_taken":0.0},{"damage_healed":0.0,"max_hp_gain":0.0,"max_hp_loss":0.0,"gold_gain":0.0,"event_name":"Mushrooms","player_choice":"Fought Mushrooms","floor":14.0,"gold_loss":0.0,"damage_taken":0.0},{"damage_healed":0.0,"max_hp_gain":0.0,"max_hp_loss":0.0,"gold_gain":0.0,"event_name":"The Library","player_choice":"Read","floor":19.0,"gold_loss":0.0,"damage_taken":0.0,"cards_obtained":["Shockwave"]},{"damage_healed":0.0,"max_hp_gain":0.0,"max_hp_loss":0.0,"gold_gain":275.0,"event_name":"Golden Shrine","player_choice":"Desecrate","floor":21.0,"gold_loss":0.0,"damage_taken":0.0,"cards_obtained":["Regret"]},{"damage_healed":0.0,"max_hp_gain":0.0,"max_hp_loss":0.0,"gold_gain":0.0,"event_name":"Winding Halls","player_choice":"Embrace Madness","floor":36.0,"gold_loss":0.0,"damage_taken":12.0,"cards_obtained":["Madness","Madness"]},{"damage_healed":0.0,"max_hp_gain":0.0,"max_hp_loss":0.0,"gold_gain":0.0,"event_name":"SensoryStone","player_choice":"Memory 3","floor":38.0,"gold_loss":0.0,"damage_taken":10.0},{"damage_healed":0.0,"max_hp_gain":0.0,"max_hp_loss":0.0,"gold_gain":0.0,"event_name":"MindBloom","player_choice":"Upgrade","floor":41.0,"gold_loss":0.0,"damage_taken":0.0,"cards_upgraded":["Strike_R","Strike_R","Strike_R","Defend_R","Defend_R","Defend_R","Defend_R","Bash","Searing Blow","Juggernaut","True Grit","Infernal Blade","Intimidate","Feed","Shockwave","Disarm","Thunderclap","Apotheosis","Brutality","Blind","Offering","Madness","Madness","Finesse","Deep Breath","Panache"],"relics_obtained":["Mark of the Bloom"]},{"cards_removed":["Headbutt"],"damage_healed":0.0,"max_hp_gain":0.0,"max_hp_loss":0.0,"gold_gain":0.0,"event_name":"Falling","player_choice":"Removed Attack","floor":46.0,"gold_loss":0.0,"damage_taken":0.0},{"damage_healed":0.0,"max_hp_gain":0.0,"max_hp_loss":0.0,"gold_gain":0.0,"event_name":"Mysterious Sphere","player_choice":"Fight","floor":47.0,"gold_loss":0.0,"damage_taken":0.0}],"is_beta":false,"boss_relics":[{"not_picked":["Black Blood","Orrery"],"picked":"Sozu"},{"not_picked":["Lizard Tail","Fusion Hammer"],"picked":"Velvet Choker"}],"items_purged_floors":[4,20,39],"is_endless":false,"potions_floor_spawned":[1,7,14,16,24,25,31,37,48],"killed_by":"Awakened One","ascension_level":0}