{"gold_per_floor":[111,111,86,105,155,185,185,203,203,219,248,267,294,306,306,381,381,381,381,381,381,279,279,279,279,279,279,279,279,279,279,279,279,279,279,279,13,13,13,13,13,13,13,13,13,13,13,13,13,13],"floor_reached":51,"playtime":2497,"items_purged":["Bite"],"score":1407,"play_id":"11efd025-2735-4f96-b16d-f99e91c28fc3","local_time":"20190227131143","is_ascension_mode":true,"campfire_choices":[{"data":"Bash","floor":7.0,"key":"SMITH"},{"floor":15.0,"key":"REST"},{"floor":23.0,"key":"REST"},{"data":"Feel No Pain","floor":27.0,"key":"SMITH"},{"data":"Berserk","floor":32.0,"key":"SMITH"},{"data":"Disarm","floor":40.0,"key":"SMITH"},{"floor":45,"key":"REST"},{"floor":49,"key":"REST"}],"neow_cost":"NONE","seed_source_timestamp":37581401199093,"circlet_count":0,"master_deck":["AscendersBane","Defend_R","Defend_R","Defend_R","Defend_R","Bash+1","Berserk+1","Spot Weakness","Twin Strike","Iron Wave","Inflame","Second Wind","Feel No Pain+1","Heavy Blade","Corruption","Anger","Immolate","True Grit","Bite+1","Bite","Bite","Bite+1","True Grit+1","Power Through+1","True Grit+1","Shrug It Off","Evolve","Burning Pact+1","Reaper","Uppercut+1","Pommel Strike","Dark Embrace+1","Disarm+1","Offering","Disarm","Armaments+1"],"special_seed":0,"relics":["Burning Blood","Charon\u0027s Ashes","The Courier","Vajra","Shuriken","Ectoplasm","Letter Opener","Omamori","Frozen Egg 2","Lizard Tail","Bronze Scales","Meat on the Bone","Gremlin Horn","Bottled Flame","Whetstone"],"potions_floor_usage":[44,50,50],"damage_taken":[{"damage":3.0,"enemies":"2 Louse","floor":1.0,"turns":4.0},{"damage":0.0,"enemies":"Cultist","floor":4.0,"turns":3.0},{"damage":10.0,"enemies":"Lagavulin","floor":6.0,"turns":7.0},{"damage":7.0,"enemies":"Jaw Worm","floor":8.0,"turns":3.0},{"damage":7.0,"enemies":"Exordium Thugs","floor":10.0,"turns":3.0},{"damage":39.0,"enemies":"Gremlin Nob","floor":11.0,"turns":5.0},{"damage":11.0,"enemies":"2 Fungi Beasts","floor":12.0,"turns":4.0},{"damage":20.0,"enemies":"3 Sentries","floor":13.0,"turns":7.0},{"damage":11.0,"enemies":"Looter","floor":14.0,"turns":3.0},{"damage":33.0,"enemies":"Slime Boss","floor":16.0,"turns":7.0},{"damage":22.0,"enemies":"Shell Parasite","floor":18.0,"turns":5.0},{"damage":14.0,"enemies":"Chosen","floor":20.0,"turns":6.0},{"damage":29.0,"enemies":"Snake Plant","floor":21.0,"turns":4.0},{"damage":19.0,"enemies":"Slavers","floor":24.0,"turns":5.0},{"damage":17.0,"enemies":"Cultist and Chosen","floor":25.0,"turns":6.0},{"damage":17.0,"enemies":"Snecko","floor":29.0,"turns":4.0},{"damage":20.0,"enemies":"Gremlin Leader","floor":30.0,"turns":11.0},{"damage":4.0,"enemies":"Centurion and Healer","floor":31.0,"turns":8.0},{"damage":42.0,"enemies":"Automaton","floor":33.0,"turns":12.0},{"damage":0.0,"enemies":"3 Shapes","floor":35.0,"turns":5.0},{"damage":3.0,"enemies":"Orb Walker","floor":36.0,"turns":3.0},{"damage":36.0,"enemies":"3 Darklings","floor":38.0,"turns":4.0},{"damage":48,"enemies":"Reptomancer","floor":42,"turns":7},{"damage":27,"enemies":"Writhing Mass","floor":44,"turns":6},{"damage":32,"enemies":"Nemesis","floor":46,"turns":7},{"damage":32,"enemies":"Reptomancer","floor":48,"turns":5},{"damage":23,"enemies":"Time Eater","floor":50,"turns":11}],"seed_played":"6750014868102067422","potions_obtained":[{"floor":1.0,"key":"Poison Potion"},{"floor":4.0,"key":"PowerPotion"},{"floor":8.0,"key":"Poison Potion"},{"floor":16.0,"key":"GamblersBrew"},{"floor":18.0,"key":"GamblersBrew"},{"floor":31.0,"key":"PowerPotion"},{"floor":33.0,"key":"LiquidBronze"},{"floor":42,"key":"Swift Potion"},{"floor":46,"key":"Regen Potion"},{"floor":48,"key":"SteroidPotion"}],"is_trial":false,"path_per_floor":["M","?","$","M","?","E","R","M","T","M","E","M","E","M","R","B",null,"M","?","M","M","$","R","E","M","T","R","?","M","E","M","R","B",null,"M","M","$","M","?","R","$","E","T","M","R","E","?","E","R","B",null],"character_chosen":"IRONCLAD","items_purchased":["Twin Strike","Fire Potion","Dark Embrace+1","Disarm","Offering"],"campfire_rested":4,"item_purchase_floors":[3,22,37,37,37],"current_hp_per_floor":[71,71,71,75,75,71,71,70,70,69,36,31,17,12,34,7,58,42,42,44,27,27,42,37,36,36,36,30,25,31,47,47,32,47,52,52,52,37,37,37,37,25,25,39,52,46,52,39,52,52],"gold":13,"neow_bonus":"ONE_RANDOM_RARE_CARD","is_prod":false,"is_daily":false,"chose_seed":false,"campfire_upgraded":4,"win_rate":0,"timestamp":1551301903,"path_taken":["M","?","?","M","?","E","R","M","T","M","E","M","E","?","R","BOSS","M","?","M","M","$","R","E","M","T","R","?","M","E","M","R","BOSS","M","M","?","M","?","R","$","E","T","?","R","E","?","E","R","BOSS"],"build_version":"2019-01-23","purchased_purges":1,"victory":true,"max_hp_per_floor":[75,75,75,75,75,75,75,75,75,75,75,75,75,75,75,75,75,75,52,52,52,52,52,52,52,52,52,52,52,52,52,52,52,52,52,52,52,52,52,52,52,52,52,52,52,52,52,52,52,52],"card_choices":[{"not_picked":["Carnage","Dual Wield"],"picked":"Spot Weakness","floor":1.0},{"not_picked":["Pommel Strike","Flex"],"picked":"Iron Wave","floor":4.0},{"not_picked":["Heavy Blade","Body Slam"],"picked":"Inflame","floor":6.0},{"not_picked":["Seeing Red","Clash"],"picked":"Second Wind","floor":8.0},{"not_picked":["Anger","Clash"],"picked":"Feel No Pain","floor":10.0},{"not_picked":["Cleave","Rampage"],"picked":"Heavy Blade","floor":11.0},{"not_picked":["Cleave","Double Tap"],"picked":"Corruption","floor":12.0},{"not_picked":["Sentinel","Pummel"],"picked":"Anger","floor":13.0},{"not_picked":["Inflame","Corruption","Wild Strike"],"picked":"SKIP","floor":14.0},{"not_picked":["Berserk","Double Tap"],"picked":"Immolate","floor":16.0},{"not_picked":["Intimidate","Blood for Blood"],"picked":"True Grit","floor":18.0},{"not_picked":["Inflame","Thunderclap"],"picked":"True Grit+1","floor":20.0},{"not_picked":["Cleave","Clothesline"],"picked":"Power Through+1","floor":21.0},{"not_picked":["Burning Pact","Iron Wave"],"picked":"True Grit+1","floor":24.0},{"not_picked":["Blood for Blood","Perfected Strike"],"picked":"Shrug It Off","floor":25.0},{"not_picked":["Disarm","Headbutt"],"picked":"Evolve","floor":29.0},{"not_picked":["Pommel Strike","Whirlwind"],"picked":"Burning Pact+1","floor":30.0},{"not_picked":["Searing Blow","Combust+1","Bloodletting"],"picked":"SKIP","floor":31.0},{"not_picked":["Feed","Offering"],"picked":"Reaper","floor":33.0},{"not_picked":["Headbutt","Armaments+1"],"picked":"Uppercut+1","floor":35.0},{"not_picked":["Wild Strike","Inflame+1"],"picked":"Pommel Strike","floor":36.0},{"not_picked":["Bloodletting","Dropkick","Perfected Strike"],"picked":"SKIP","floor":38.0},{"not_picked":["Combust+1","Body Slam+1"],"picked":"Disarm","floor":42},{"not_picked":["Clash","Power Through"],"picked":"Armaments+1","floor":44},{"not_picked":["Anger","Brutality+1","Twin Strike"],"picked":"SKIP","floor":46},{"not_picked":["Twin Strike","Armaments+1","Carnage+1"],"picked":"SKIP","floor":48}],"player_experience":2276603,"relics_obtained":[{"floor":6.0,"key":"Charon\u0027s Ashes"},{"floor":9.0,"key":"The Courier"},{"floor":11.0,"key":"Vajra"},{"floor":13.0,"key":"Shuriken"},{"floor":24.0,"key":"Letter Opener"},{"floor":26.0,"key":"Omamori"},{"floor":30.0,"key":"Frozen Egg 2"},{"floor":42,"key":"Meat on the Bone"},{"floor":43,"key":"Gremlin Horn"},{"floor":46,"key":"Bottled Flame"},{"floor":48,"key":"Whetstone"}],"event_choices":[{"damage_healed":0.0,"max_hp_gain":0.0,"max_hp_loss":0.0,"gold_gain":0.0,"event_name":"Match and Keep!","player_choice":"0 cards matched","floor":2.0,"gold_loss":0.0,"damage_taken":0.0,"cards_obtained":[]},{"damage_healed":0.0,"max_hp_gain":0.0,"max_hp_loss":0.0,"gold_gain":50.0,"event_name":"Golden Shrine","player_choice":"Pray","floor":5.0,"gold_loss":0.0,"damage_taken":0.0},{"damage_healed":0.0,"max_hp_gain":0.0,"max_hp_loss":23.0,"gold_gain":0.0,"event_name":"Vampires","player_choice":"Became a vampire","floor":19.0,"gold_loss":0.0,"damage_taken":0.0,"cards_obtained":["Bite","Bite","Bite","Bite","Bite"]},{"damage_healed":0.0,"max_hp_gain":0.0,"max_hp_loss":0.0,"gold_gain":0.0,"event_name":"Knowing Skull","player_choice":"","floor":28.0,"potions_obtained":[],"gold_loss":0.0,"damage_taken":6.0,"cards_obtained":[]},{"damage_healed":0.0,"max_hp_gain":0.0,"max_hp_loss":0.0,"gold_gain":0.0,"event_name":"WeMeetAgain","player_choice":"Gave Potion","floor":39.0,"gold_loss":0.0,"damage_taken":0.0,"relics_obtained":["Bronze Scales"]},{"damage_healed":10,"gold_gain":0,"player_choice":"Writhe","damage_taken":0,"max_hp_gain":0,"max_hp_loss":0,"event_name":"Winding Halls","floor":47,"gold_loss":0,"cards_obtained":["Writhe"]}],"is_beta":false,"boss_relics":[{"not_picked":["Coffee Dripper","Fusion Hammer"],"picked":"Ectoplasm"},{"not_picked":["Velvet Choker","Tiny House"],"picked":"Lizard Tail"}],"items_purged_floors":[22],"is_endless":false,"potions_floor_spawned":[1,4,8,16,18,24,29,31,33,42,46,48],"ascension_level":15}