{"gold_per_floor":[13,30,43,62,112,112,141,152,227,252,252,36,51,76,76,150,150,166,66,166,166,182,182,200,200,227,227,227,255,255,288,288,365,365,381,381,393,28,41,76,76,105,105,105,118,118,149,164,164,164],"floor_reached":51,"playtime":2295,"items_purged":["Strike_R","Strike_R","Pain"],"score":1400,"play_id":"0a8d7e30-e3d9-41d7-8e2b-be66f82d50d5","local_time":"20190222220056","is_ascension_mode":true,"campfire_choices":[{"data":"Uppercut","floor":6.0,"key":"SMITH"},{"data":"True Grit","floor":15,"key":"SMITH"},{"data":"Demon Form","floor":23,"key":"SMITH"},{"data":"Shockwave","floor":25,"key":"SMITH"},{"floor":28,"key":"REST"},{"data":"Bludgeon","floor":32,"key":"SMITH"},{"data":"Shrug It Off","floor":41,"key":"SMITH"},{"data":"Impervious","floor":44,"key":"SMITH"},{"data":"Immolate","floor":46,"key":"SMITH"},{"floor":49,"key":"REST"}],"neow_cost":"NO_GOLD","seed_source_timestamp":44687869434476,"circlet_count":0,"master_deck":["AscendersBane","Strike_R","Strike_R","Defend_R","Defend_R","Defend_R","Defend_R","Bash","Feed","Pommel Strike","Pommel Strike","Uppercut+1","Shrug It Off+1","Bludgeon+1","Warcry","Iron Wave","Battle Trance+1","Anger","True Grit+1","Shockwave+1","Impervious+1","Demon Form+1","Headbutt","Havoc","Shrug It Off+1","Necronomicurse","Immolate+1","True Grit+1","Shrug It Off+1","Dual Wield+1","Impervious+1","True Grit+1"],"special_seed":0,"relics":["Burning Blood","Bronze Scales","Kunai","Pocketwatch","Shuriken","War Paint","Snecko Eye","Ginger","Letter Opener","Oddly Smooth Stone","Bottled Flame","Necronomicon","Darkstone Periapt","Black Star","WarpedTongs","Toxic Egg 2","Ancient Tea Set","Champion Belt","Pen Nib","Bottled Lightning","Dream Catcher","PreservedInsect","Bag of Preparation"],"potions_floor_usage":[7,20,22,29,29,42],"damage_taken":[{"damage":18.0,"enemies":"Jaw Worm","floor":1.0,"turns":4.0},{"damage":15.0,"enemies":"Cultist","floor":2.0,"turns":5.0},{"damage":4.0,"enemies":"Small Slimes","floor":3.0,"turns":6.0},{"damage":4.0,"enemies":"Looter","floor":4.0,"turns":4.0},{"damage":13,"enemies":"Gremlin Nob","floor":7,"turns":4},{"damage":16,"enemies":"Lots of Slimes","floor":8,"turns":5},{"damage":20,"enemies":"Lagavulin","floor":10,"turns":5},{"damage":0,"enemies":"2 Fungi Beasts","floor":13,"turns":2},{"damage":7,"enemies":"Gremlin Nob","floor":14,"turns":3},{"damage":28,"enemies":"The Guardian","floor":16,"turns":12},{"damage":2,"enemies":"2 Thieves","floor":18,"turns":4},{"damage":17,"enemies":"Colosseum Slavers","floor":20,"turns":5},{"damage":18,"enemies":"Colosseum Nobs","floor":20,"turns":9},{"damage":2,"enemies":"Spheric Guardian","floor":22,"turns":4},{"damage":15,"enemies":"Snake Plant","floor":24,"turns":3},{"damage":9,"enemies":"Slavers","floor":29,"turns":6},{"damage":4,"enemies":"Book of Stabbing","floor":31,"turns":3},{"damage":14,"enemies":"Champ","floor":33,"turns":6},{"damage":0,"enemies":"Orb Walker","floor":35,"turns":1},{"damage":14,"enemies":"3 Shapes","floor":37,"turns":5},{"damage":15,"enemies":"Transient","floor":39,"turns":5},{"damage":32,"enemies":"Giant Head","floor":40,"turns":7},{"damage":2,"enemies":"Nemesis","floor":42,"turns":3},{"damage":4,"enemies":"Writhing Mass","floor":45,"turns":5},{"damage":2,"enemies":"Reptomancer","floor":47,"turns":5},{"damage":0,"enemies":"Sphere and 2 Shapes","floor":48,"turns":3},{"damage":24,"enemies":"Donu and Deca","floor":50,"turns":8}],"seed_played":"-8728397367494049813","potions_obtained":[{"floor":1.0,"key":"BloodPotion"},{"floor":3.0,"key":"Ancient Potion"},{"floor":4.0,"key":"Block Potion"},{"floor":10,"key":"Fire Potion"},{"floor":20,"key":"Regen Potion"},{"floor":22,"key":"AttackPotion"},{"floor":29,"key":"Explosive Potion"},{"floor":37,"key":"Swift Potion"},{"floor":42,"key":"FearPotion"}],"is_trial":false,"path_per_floor":["M","M","M","M","?","R","E","M","T","E","T","$","M","E","R","B",null,"M","$","?","?","M","R","M","R","T","?","R","E","?","E","R","B",null,"M","?","M","$","M","E","R","E","T","R","M","R","E","M","R","B",null],"character_chosen":"IRONCLAD","items_purchased":["Battle Trance","Anger","True Grit","Toxic Egg 2"],"campfire_rested":2,"item_purchase_floors":[12,12,12,38],"current_hp_per_floor":[59,53,58,71,71,71,64,57,57,43,43,43,52,54,54,35,83,90,90,73,73,77,77,68,68,68,35,68,83,62,64,64,56,101,107,113,108,108,99,73,73,80,80,80,82,82,86,95,131,117],"gold":164,"neow_bonus":"THREE_RARE_CARDS","is_prod":false,"is_daily":false,"chose_seed":false,"campfire_upgraded":8,"win_rate":0,"timestamp":1550901656,"path_taken":["M","M","M","M","?","R","E","?","T","E","?","?","M","E","R","BOSS","M","$","?","?","?","R","M","R","T","?","R","E","?","E","R","BOSS","M","?","M","$","?","E","R","E","T","R","M","R","E","M","R","BOSS"],"build_version":"2019-01-23","purchased_purges":3,"victory":true,"max_hp_per_floor":[78,81,84,87,87,87,87,90,90,90,90,90,93,96,96,99,99,102,102,108,108,108,108,108,108,108,113,113,116,116,116,116,116,116,116,122,125,125,125,125,125,128,128,128,128,128,128,131,131,135],"card_choices":[{"not_picked":["Dark Embrace","Offering"],"picked":"Feed","floor":0.0},{"not_picked":["Fire Breathing","Warcry"],"picked":"Pommel Strike","floor":1.0},{"not_picked":["Cleave","Armaments"],"picked":"Pommel Strike","floor":2.0},{"not_picked":["Seeing Red","Ghostly Armor"],"picked":"Uppercut","floor":3.0},{"not_picked":["Second Wind","Clothesline"],"picked":"Shrug It Off","floor":4.0},{"not_picked":["Cleave","Wild Strike"],"picked":"Bludgeon","floor":7},{"not_picked":["Carnage","Pommel Strike"],"picked":"Warcry","floor":8},{"not_picked":["Sentinel","Barricade"],"picked":"Iron Wave","floor":10},{"not_picked":["Flex","Power Through"],"picked":"Shockwave","floor":13},{"not_picked":["Rupture","Power Through"],"picked":"Impervious","floor":14},{"not_picked":["Bludgeon","Brutality"],"picked":"Demon Form","floor":16},{"not_picked":["Perfected Strike+1","Rupture"],"picked":"Headbutt","floor":18},{"not_picked":["Havoc","Iron Wave","Double Tap"],"picked":"SKIP","floor":22},{"not_picked":["Iron Wave","Double Tap"],"picked":"Havoc","floor":22},{"not_picked":["Headbutt","Cleave","Havoc"],"picked":"SKIP","floor":24},{"not_picked":["Flex","Dark Embrace"],"picked":"Shrug It Off","floor":29},{"not_picked":["Wild Strike","Iron Wave","Perfected Strike"],"picked":"SKIP","floor":31},{"not_picked":["Dark Embrace","Fiend Fire"],"picked":"Immolate","floor":33},{"not_picked":["Havoc","Sever Soul+1"],"picked":"True Grit+1","floor":35},{"not_picked":["Perfected Strike","Cleave","Anger"],"picked":"SKIP","floor":37},{"not_picked":["Bloodletting+1","Pummel","Metallicize"],"picked":"SKIP","floor":39},{"not_picked":["Exhume+1","Warcry+1"],"picked":"Shrug It Off+1","floor":40},{"not_picked":["Cleave+1","Battle Trance+1","Feed"],"picked":"SKIP","floor":42},{"not_picked":["Havoc+1","Headbutt"],"picked":"Dual Wield+1","floor":45},{"not_picked":["Flex+1","Warcry+1"],"picked":"Impervious+1","floor":47},{"not_picked":["Ghostly Armor+1","Sever Soul","Clash+1"],"picked":"SKIP","floor":48},{"not_picked":["Ghostly Armor+1","Sentinel+1"],"picked":"True Grit+1","floor":49}],"player_experience":2248279,"relics_obtained":[{"floor":7,"key":"Bronze Scales"},{"floor":9,"key":"Kunai"},{"floor":10,"key":"Pocketwatch"},{"floor":11,"key":"Shuriken"},{"floor":14,"key":"War Paint"},{"floor":20,"key":"Ginger"},{"floor":20,"key":"Letter Opener"},{"floor":26,"key":"Oddly Smooth Stone"},{"floor":29,"key":"Bottled Flame"},{"floor":30,"key":"Necronomicon"},{"floor":31,"key":"Darkstone Periapt"},{"floor":40,"key":"Ancient Tea Set"},{"floor":40,"key":"Champion Belt"},{"floor":42,"key":"Pen Nib"},{"floor":42,"key":"Bottled Lightning"},{"floor":43,"key":"Dream Catcher"},{"floor":47,"key":"PreservedInsect"},{"floor":47,"key":"Bag of Preparation"}],"event_choices":[{"damage_healed":0.0,"max_hp_gain":0.0,"max_hp_loss":0.0,"gold_gain":50.0,"event_name":"Golden Shrine","player_choice":"Pray","floor":5.0,"gold_loss":0.0,"damage_taken":0.0},{"damage_healed":0,"gold_gain":0,"player_choice":"Fight","damage_taken":0,"max_hp_gain":0,"max_hp_loss":0,"event_name":"Colosseum","floor":20,"gold_loss":0},{"damage_healed":0,"gold_gain":0,"player_choice":"Fought Nobs","damage_taken":0,"max_hp_gain":0,"max_hp_loss":0,"event_name":"Colosseum","floor":20,"gold_loss":0},{"cards_removed":["Strike_R"],"damage_healed":0,"gold_gain":0,"player_choice":"Purged","damage_taken":0,"max_hp_gain":0,"max_hp_loss":0,"event_name":"Purifier","floor":21,"gold_loss":0},{"damage_healed":0,"gold_gain":0,"player_choice":"Shed Blood","damage_taken":38,"max_hp_gain":5,"max_hp_loss":0,"event_name":"Forgotten Altar","floor":27,"gold_loss":0},{"damage_healed":0,"gold_gain":0,"player_choice":"Obtained Book","damage_taken":21,"max_hp_gain":0,"max_hp_loss":0,"event_name":"Cursed Tome","floor":30,"gold_loss":0},{"damage_healed":0,"gold_gain":0,"player_choice":"Rummage","damage_taken":0,"relics_obtained":["WarpedTongs"],"max_hp_gain":0,"max_hp_loss":0,"event_name":"Accursed Blacksmith","floor":36,"gold_loss":0,"cards_obtained":["Pain"]}],"is_beta":false,"boss_relics":[{"not_picked":["Velvet Choker","Eternal Feather"],"picked":"Snecko Eye"},{"not_picked":["White Beast Statue","Runic Cube"],"picked":"Black Star"}],"items_purged_floors":[12,19,38],"is_endless":false,"potions_floor_spawned":[1,3,4,10,20,22,29,37,40,42,47],"ascension_level":15}