{"gold_per_floor":[12,29,29,44,60,60,6,6,6,30,30,30],"floor_reached":12,"playtime":370,"items_purged":[],"score":126,"play_id":"0dc495fb-0c52-47a6-b8d5-b7992efe6076","local_time":"20181109221351","is_ascension_mode":true,"campfire_choices":[{"data":"Searing Blow","floor":6,"key":"SMITH"},{"data":"Searing Blow+1","floor":8,"key":"SMITH"},{"data":"Searing Blow+2","floor":11,"key":"SMITH"}],"neow_cost":"NO_GOLD","seed_source_timestamp":347027713963896,"circlet_count":0,"master_deck":["AscendersBane","Strike_R","Strike_R","Strike_R","Strike_R","Strike_R","Defend_R","Defend_R","Defend_R","Defend_R","Bash","Juggernaut","Warcry","Searing Blow+3","Flame Barrier","Warcry","Metallicize"],"relics":["Burning Blood","Golden Idol","Mercury Hourglass"],"potions_floor_usage":[],"damage_taken":[{"damage":1,"enemies":"Cultist","floor":1,"turns":4},{"damage":2,"enemies":"2 Louse","floor":2,"turns":4},{"damage":19,"enemies":"Jaw Worm","floor":4,"turns":5},{"damage":8,"enemies":"Blue Slaver","floor":5,"turns":4},{"damage":10,"enemies":"Exordium Thugs","floor":10,"turns":5},{"damage":30,"enemies":"3 Sentries","floor":12,"turns":5}],"seed_played":"9183119815798747347","potions_obtained":[{"floor":1,"key":"Weak Potion"},{"floor":10,"key":"SteroidPotion"}],"is_trial":false,"path_per_floor":["M","M","?","M","M","R","$","R","T","M","R","E"],"character_chosen":"IRONCLAD","items_purchased":["Warcry"],"campfire_rested":0,"item_purchase_floors":[7],"current_hp_per_floor":[73,75,49,36,34,34,34,34,34,30,30,0],"gold":30,"neow_bonus":"THREE_RARE_CARDS","is_prod":false,"is_daily":false,"chose_seed":false,"campfire_upgraded":3,"win_rate":0,"timestamp":1541798031,"path_taken":["M","M","?","M","M","R","$","R","T","M","R","E"],"build_version":"2018-11-08","purchased_purges":0,"victory":false,"max_hp_per_floor":[75,75,75,75,75,75,75,75,75,75,75,75],"card_choices":[{"not_picked":["Exhume","Bludgeon"],"picked":"Juggernaut","floor":0},{"not_picked":["Sword Boomerang","Blood for Blood"],"picked":"Warcry","floor":1},{"not_picked":["Body Slam","Iron Wave"],"picked":"Searing Blow","floor":2},{"not_picked":["Headbutt","Thunderclap"],"picked":"Flame Barrier","floor":4},{"not_picked":["Entrench","Wild Strike","Perfected Strike"],"picked":"SKIP","floor":5},{"not_picked":["Wild Strike","Infernal Blade"],"picked":"Metallicize","floor":10}],"player_experience":320186,"relics_obtained":[{"floor":9,"key":"Mercury Hourglass"}],"event_choices":[{"damage_healed":0,"gold_gain":0,"player_choice":"Take Damage","damage_taken":26,"relics_obtained":["Golden Idol"],"max_hp_gain":0,"max_hp_loss":0,"event_name":"Golden Idol","floor":3,"gold_loss":0}],"is_beta":false,"boss_relics":[],"items_purged_floors":[],"is_endless":false,"potions_floor_spawned":[1,10],"killed_by":"3 Sentries","ascension_level":16}