{"gold_per_floor":[11,26,44,194,38,38,71,71,71,71,82,116,116,16,16,91,91,109,109,122,122,137,172,172,172,199,199,216,229,245,262,262,262],"floor_reached":33,"playtime":1900,"items_purged":["Doubt","Strike_R"],"score":485,"play_id":"441f2e5c-d171-4619-a580-6b50fe0c51ec","local_time":"20180723190923","is_ascension_mode":true,"campfire_choices":[{"data":"Whirlwind","floor":6.0,"key":"SMITH"},{"data":"Inflame","floor":8.0,"key":"SMITH"},{"data":"Fiend Fire","floor":10.0,"key":"SMITH"},{"data":"Strike_R","floor":13.0,"key":"PURGE"},{"floor":15.0,"key":"REST"},{"floor":24.0,"key":"REST"},{"data":"Offering","floor":27.0,"key":"SMITH"},{"floor":32,"key":"REST"}],"neow_cost":"NO_GOLD","seed_source_timestamp":0,"circlet_count":0,"master_deck":["Strike_R","Defend_R","Defend_R","Defend_R","Bash","AscendersBane","Fiend Fire+1","Pommel Strike","Inflame+1","Headbutt","Whirlwind+1","Disarm","Metallicize","Twin Strike","Offering+1","Metallicize+1","Cleave+1","Impervious+1","Iron Wave+1","Feel No Pain","True Grit","Power Through","Flex+1","Shrug It Off","Sword Boomerang","Thunderclap+1"],"special_seed":0,"relics":["Burning Blood","Bottled Tornado","Peace Pipe","Gambling Chip","Astrolabe","Darkstone Periapt","Strawberry"],"potions_floor_usage":[],"damage_taken":[{"damage":7.0,"enemies":"Jaw Worm","floor":1.0,"turns":3.0},{"damage":0.0,"enemies":"Small Slimes","floor":2.0,"turns":3.0},{"damage":8.0,"enemies":"2 Louse","floor":3.0,"turns":2.0},{"damage":40.0,"enemies":"Lagavulin","floor":7.0,"turns":5.0},{"damage":6.0,"enemies":"Looter","floor":11.0,"turns":2.0},{"damage":16.0,"enemies":"3 Sentries","floor":12.0,"turns":8.0},{"damage":7.0,"enemies":"Slime Boss","floor":16.0,"turns":7.0},{"damage":17.0,"enemies":"Chosen","floor":18.0,"turns":3.0},{"damage":5.0,"enemies":"Spheric Guardian","floor":20.0,"turns":1.0},{"damage":20.0,"enemies":"Snake Plant","floor":22.0,"turns":6.0},{"damage":38.0,"enemies":"Gremlin Leader","floor":23.0,"turns":7.0},{"damage":5.0,"enemies":"3 Cultists","floor":28.0,"turns":3.0},{"damage":5.0,"enemies":"Centurion and Healer","floor":29.0,"turns":4.0},{"damage":27.0,"enemies":"Sentry and Sphere","floor":30.0,"turns":6.0},{"damage":11.0,"enemies":"3 Cultists","floor":31.0,"turns":3.0},{"damage":56,"enemies":"Champ","floor":33,"turns":14}],"seed_played":"864765076452769263","potions_obtained":[{"floor":1.0,"key":"Fire Potion"},{"floor":7.0,"key":"SteroidPotion"},{"floor":18.0,"key":"Strength Potion"},{"floor":31.0,"key":"LiquidBronze"}],"is_trial":false,"path_per_floor":["M","M","M","?","$","R","E","R","T","R","M","E","R","$","R","B",null,"M","?","M","?","M","E","R","?","T","R","M","M","M","M","R"],"character_chosen":"IRONCLAD","items_purchased":["Whirlwind"],"campfire_rested":3,"item_purchase_floors":[5],"current_hp_per_floor":[67,73,71,71,71,71,37,37,37,37,37,27,27,27,49,48,68,57,57,58,58,44,12,34,34,41,41,42,43,22,17,41,0],"gold":262,"neow_bonus":"THREE_RARE_CARDS","is_prod":false,"is_daily":false,"chose_seed":false,"campfire_upgraded":4,"win_rate":0,"timestamp":1532398163,"path_taken":["M","M","M","?","$","R","E","R","T","R","M","E","R","$","R","BOSS","M","?","M","?","?","E","R","?","T","R","M","?","M","M","R","BOSS"],"build_version":"2018-07-19v2","purchased_purges":2,"victory":false,"max_hp_per_floor":[75,75,75,75,75,75,75,75,75,75,75,75,75,75,75,75,75,75,75,75,75,75,75,75,75,82,82,82,82,82,82,82,82],"card_choices":[{"not_picked":["Reaper","Limit Break"],"picked":"Fiend Fire","floor":0.0},{"not_picked":["Sword Boomerang","Body Slam"],"picked":"Pommel Strike","floor":1.0},{"not_picked":["Cleave","Headbutt"],"picked":"Inflame","floor":2.0},{"not_picked":["Hemokinesis","Body Slam"],"picked":"Headbutt","floor":3.0},{"not_picked":["Warcry","Burning Pact"],"picked":"Disarm","floor":7.0},{"not_picked":["Clothesline","Clash"],"picked":"Metallicize","floor":11.0},{"not_picked":["Reckless Charge","Reaper"],"picked":"Twin Strike","floor":12.0},{"not_picked":["Reaper","Exhume"],"picked":"Offering","floor":16.0},{"not_picked":["Evolve","Pommel Strike"],"picked":"Iron Wave+1","floor":18.0},{"not_picked":["Warcry","Iron Wave"],"picked":"Feel No Pain","floor":20.0},{"not_picked":["Rupture","Wild Strike","Dropkick"],"picked":"SKIP","floor":22.0},{"not_picked":["Sword Boomerang","Pummel"],"picked":"Power Through","floor":23.0},{"not_picked":["Headbutt","Rupture"],"picked":"Flex+1","floor":28.0},{"not_picked":["Dropkick","Heavy Blade"],"picked":"Shrug It Off","floor":29.0},{"not_picked":["Dual Wield","Wild Strike"],"picked":"Sword Boomerang","floor":30.0},{"not_picked":["True Grit","Heavy Blade"],"picked":"Thunderclap+1","floor":31.0}],"player_experience":862313,"relics_obtained":[{"floor":7.0,"key":"Bottled Tornado"},{"floor":9.0,"key":"Peace Pipe"},{"floor":12.0,"key":"Gambling Chip"},{"floor":23.0,"key":"Darkstone Periapt"},{"floor":26.0,"key":"Strawberry"}],"event_choices":[{"event_name":"Liars Game","player_choice":"agreed","floor":4.0,"damage_taken":0.0},{"event_name":"The Mausoleum","player_choice":"No","floor":19.0,"damage_taken":0.0},{"event_name":"Match and Keep!","player_choice":"1 cards matched","floor":21.0,"damage_taken":0.0},{"event_name":"Drug Dealer","player_choice":"Ignored","floor":25.0,"damage_taken":0.0}],"is_beta":false,"boss_relics":[{"not_picked":["White Beast Statue","Philosopher\u0027s Stone"],"picked":"Astrolabe"}],"items_purged_floors":[5,14],"is_endless":false,"potions_floor_spawned":[1,7,11,18,20,31],"killed_by":"Champ","ascension_level":15}