{"gold_per_floor":[10,21,40,40,59,59,87,97,171,501,501,42,72,22,22,126,126,141,56,56,66,85,112,112,142,167,167,167],"floor_reached":28,"playtime":2149,"items_purged":["Strike_G"],"score":304,"play_id":"681c3be7-5750-47eb-a716-73c7221cca5b","local_time":"20190504200100","is_ascension_mode":true,"campfire_choices":[{"floor":6,"key":"RECALL"},{"floor":11,"key":"REST"},{"data":"Burst","floor":15,"key":"SMITH"},{"floor":24,"key":"REST"}],"neow_cost":"NO_GOLD","seed_source_timestamp":1299191323061742,"circlet_count":0,"master_deck":["Defend_G","Defend_G","Defend_G","Defend_G","Defend_G","Survivor","Neutralize","After Image","Bouncing Flask","Deadly Poison","PiercingWail","Noxious Fumes","Well Laid Plans","Burst+1","Escape Plan","Bandage Up","Corpse Explosion","Well Laid Plans","RitualDagger","All Out Attack+1","Deadly Poison","Caltrops","Noxious Fumes+1","Deadly Poison+1","Bite","Bite","Bite","Bite","Bite"],"relics":["Ring of the Snake","Bottled Lightning","Old Coin","Question Card","Philosopher\u0027s Stone","Omamori","Dream Catcher","Happy Flower","Ancient Tea Set"],"potions_floor_usage":[10,23,25,25],"damage_taken":[{"damage":0,"enemies":"Cultist","floor":1,"turns":5},{"damage":0,"enemies":"Small Slimes","floor":2,"turns":7},{"damage":1,"enemies":"2 Louse","floor":3,"turns":4},{"damage":2,"enemies":"Looter","floor":5,"turns":4},{"damage":19,"enemies":"Gremlin Nob","floor":7,"turns":4},{"damage":0,"enemies":"3 Louse","floor":8,"turns":6},{"damage":3,"enemies":"Lagavulin","floor":10,"turns":5},{"damage":20,"enemies":"Slime Boss","floor":16,"turns":10},{"damage":4,"enemies":"Shell Parasite","floor":18,"turns":5},{"damage":1,"enemies":"Spheric Guardian","floor":21,"turns":4},{"damage":26,"enemies":"Cultist and Chosen","floor":22,"turns":7},{"damage":23,"enemies":"Gremlin Leader","floor":23,"turns":8},{"damage":41,"enemies":"Book of Stabbing","floor":25,"turns":6}],"seed_played":"165658705787208742","potions_obtained":[{"floor":1,"key":"Strength Potion"},{"floor":7,"key":"Swift Potion"},{"floor":8,"key":"EssenceOfSteel"},{"floor":16,"key":"FearPotion"},{"floor":25,"key":"SpeedPotion"}],"is_trial":false,"path_per_floor":["M","M","M","?","M","R","E","M","T","E","R","$","?","?","R","B",null,"M","?","?","M","M","E","R","E","T","?","?"],"character_chosen":"THE_SILENT","items_purchased":["Escape Plan","Question Card","Bandage Up"],"campfire_rested":2,"item_purchase_floors":[12,12,12],"current_hp_per_floor":[70,70,69,55,53,53,34,34,34,31,52,52,52,52,52,40,70,70,70,64,67,44,25,46,9,9,9,0],"gold":167,"neow_bonus":"THREE_RARE_CARDS","is_prod":false,"is_daily":false,"chose_seed":false,"campfire_upgraded":1,"win_rate":0,"timestamp":1556992860,"path_taken":["M","M","M","?","M","R","E","M","T","E","R","$","?","?","R","BOSS","M","?","?","M","M","E","R","E","T","?","?"],"build_version":"2019-01-23","purchased_purges":1,"victory":false,"max_hp_per_floor":[70,70,70,70,70,70,70,70,70,70,70,70,70,70,70,70,70,70,70,70,70,70,70,70,70,70,49,49],"card_choices":[{"not_picked":["Wraith Form v2","Night Terror"],"picked":"After Image","floor":0},{"not_picked":["Dagger Spray","Acrobatics"],"picked":"Bouncing Flask","floor":1},{"not_picked":["Skewer","PiercingWail"],"picked":"Deadly Poison","floor":2},{"not_picked":["Blade Dance","Dagger Throw"],"picked":"PiercingWail","floor":3},{"not_picked":["Flying Knee","Sucker Punch","Underhanded Strike"],"picked":"SKIP","floor":5},{"not_picked":["Tactician","Expertise"],"picked":"Noxious Fumes","floor":7},{"not_picked":["Footwork","Backflip"],"picked":"Well Laid Plans","floor":8},{"not_picked":["Catalyst","Dagger Spray"],"picked":"Burst","floor":10},{"not_picked":["Doppelganger","After Image","A Thousand Cuts"],"picked":"Corpse Explosion","floor":16},{"not_picked":["Sucker Punch","Bane","Quick Slash"],"picked":"Well Laid Plans","floor":18},{"not_picked":["Dash","Bane+1","Sucker Punch"],"picked":"All Out Attack+1","floor":21},{"not_picked":["Dodge and Roll","Riddle With Holes+1","Dagger Spray"],"picked":"Deadly Poison","floor":22},{"not_picked":["Night Terror","Bane","Flying Knee"],"picked":"Caltrops","floor":23},{"not_picked":["Dodge and Roll+1","Bane","Outmaneuver"],"picked":"Noxious Fumes+1","floor":24},{"not_picked":["A Thousand Cuts","Predator","PiercingWail"],"picked":"Deadly Poison+1","floor":25}],"player_experience":47353,"relics_obtained":[{"floor":7,"key":"Bottled Lightning"},{"floor":10,"key":"Old Coin"},{"floor":23,"key":"Dream Catcher"},{"floor":25,"key":"Happy Flower"},{"floor":26,"key":"Ancient Tea Set"}],"event_choices":[{"damage_healed":0,"gold_gain":0,"player_choice":"Entered Light","damage_taken":14,"max_hp_gain":0,"max_hp_loss":0,"event_name":"Shining Light","floor":4,"gold_loss":0,"cards_upgraded":["Strike_G","Strike_G"]},{"damage_healed":0,"gold_gain":30,"player_choice":"Searched \u00271\u0027 times","damage_taken":0,"max_hp_gain":0,"max_hp_loss":0,"event_name":"Dead Adventurer","floor":13,"gold_loss":0},{"cards_removed":["Strike_G"],"damage_healed":0,"gold_gain":0,"player_choice":"Card Removal","damage_taken":0,"max_hp_gain":0,"max_hp_loss":0,"event_name":"The Cleric","floor":14,"gold_loss":50},{"damage_healed":0,"gold_gain":0,"player_choice":"Obtained Relic","damage_taken":0,"relics_obtained":["Omamori"],"max_hp_gain":0,"max_hp_loss":0,"event_name":"Addict","floor":19,"gold_loss":85},{"damage_healed":0,"gold_gain":0,"player_choice":"Joined the Cult","damage_taken":6,"max_hp_gain":0,"max_hp_loss":0,"event_name":"Nest","floor":20,"gold_loss":0,"cards_obtained":["RitualDagger"]},{"damage_healed":0,"gold_gain":0,"player_choice":"Became a vampire","damage_taken":0,"max_hp_gain":0,"max_hp_loss":21,"event_name":"Vampires","floor":27,"gold_loss":0,"cards_obtained":["Bite","Bite","Bite","Bite","Bite"]}],"is_beta":false,"boss_relics":[{"not_picked":["White Beast Statue","Sozu"],"picked":"Philosopher\u0027s Stone"}],"items_purged_floors":[12],"is_endless":false,"potions_floor_spawned":[1,7,8,16,21,25],"ascension_level":1}