{"gold_per_floor":[114,130,55,55,330,356,356,389,389,405,16,16,33,47,47,118,118,136,136,147,49,68,68,68],"floor_reached":24,"playtime":782,"items_purged":["Regret"],"score":562,"play_id":"1a5c999b-3d05-4dee-9e7b-afc2cd178bb2","local_time":"20190107180754","is_ascension_mode":true,"campfire_choices":[{"data":"Doom and Gloom","floor":7.0,"key":"SMITH"},{"data":"Buffer","floor":12.0,"key":"SMITH"},{"data":"Defragment","floor":15,"key":"SMITH"},{"data":"Discovery","floor":23,"key":"SMITH"}],"neow_cost":"NONE","seed_source_timestamp":11511985156915,"circlet_count":0,"master_deck":["AscendersBane","Strike_B","Strike_B","Strike_B","Defend_B","Defend_B","Defend_B","Defend_B","Zap","Dualcast","Hologram","Gash","Doom and Gloom+1","Defragment+1","Buffer+1","Conserve Battery","Coolheaded","Cold Snap","Discovery+1"],"special_seed":0,"relics":["Cracked Core","NeowsBlessing","PreservedInsect","Pen Nib","Kunai","WingedGreaves","Inserter"],"potions_floor_usage":[18,20,22],"damage_taken":[{"damage":0.0,"enemies":"2 Louse","floor":1.0,"turns":1.0},{"damage":0.0,"enemies":"Small Slimes","floor":2.0,"turns":1.0},{"damage":0.0,"enemies":"Lagavulin","floor":6.0,"turns":1.0},{"damage":13.0,"enemies":"Gremlin Nob","floor":8.0,"turns":3.0},{"damage":0.0,"enemies":"Cultist","floor":10.0,"turns":2.0},{"damage":0.0,"enemies":"Lots of Slimes","floor":13.0,"turns":1.0},{"damage":4,"enemies":"Red Slaver","floor":14,"turns":4},{"damage":0,"enemies":"Slime Boss","floor":16,"turns":8},{"damage":13,"enemies":"Shell Parasite","floor":18,"turns":10},{"damage":12,"enemies":"2 Thieves","floor":20,"turns":3},{"damage":29,"enemies":"Snake Plant","floor":22,"turns":8},{"damage":11,"enemies":"Shelled Parasite and Fungi","floor":24,"turns":1}],"seed_played":"-2642902036057703311","potions_obtained":[{"floor":1.0,"key":"Swift Potion"},{"floor":13.0,"key":"PowerPotion"},{"floor":14,"key":"SpeedPotion"},{"floor":20,"key":"Swift Potion"}],"is_trial":false,"path_per_floor":["M","M","?","$","?","E","R","E","T","M","$","R","M","M","R","B",null,"M","?","M","$","M","R","M"],"character_chosen":"DEFECT","items_purchased":["WingedGreaves","Discovery"],"campfire_rested":0,"item_purchase_floors":[11,21],"current_hp_per_floor":[64,64,64,64,64,64,64,51,51,51,51,51,51,47,47,47,65,52,52,40,40,11,11,0],"gold":68,"neow_bonus":"THREE_ENEMY_KILL","is_prod":false,"is_daily":false,"chose_seed":false,"campfire_upgraded":4,"win_rate":0,"timestamp":1546855674,"path_taken":["M","M","?","$","?","E","R","E","T","M","$","R","?","?","R","BOSS","M","?","M","$","M","R","?"],"build_version":"2019-01-03v4","purchased_purges":1,"victory":false,"max_hp_per_floor":[71,71,71,71,71,71,71,71,71,71,71,71,71,71,71,71,71,71,71,71,71,71,71,71],"card_choices":[{"not_picked":["Recycle","Redo"],"picked":"Hologram","floor":1.0},{"not_picked":["Stack","Hologram"],"picked":"Gash","floor":2.0},{"not_picked":["Conserve Battery","Ball Lightning"],"picked":"Doom and Gloom","floor":6.0},{"not_picked":["FTL","Streamline"],"picked":"Defragment","floor":8.0},{"not_picked":["Coolheaded","Leap"],"picked":"Buffer","floor":10.0},{"not_picked":["Cold Snap","Go for the Eyes"],"picked":"Conserve Battery","floor":13.0},{"not_picked":["Skim","Reprogram"],"picked":"Coolheaded","floor":14},{"not_picked":["Reprogram","FTL"],"picked":"Cold Snap","floor":18},{"not_picked":["Go for the Eyes","Heatsinks","Turbo"],"picked":"SKIP","floor":20},{"not_picked":["Go for the Eyes","Heatsinks","Turbo"],"picked":"SKIP","floor":20},{"not_picked":["Sweeping Beam","Auto Shields","Stack"],"picked":"SKIP","floor":22}],"player_experience":2502383,"relics_obtained":[{"floor":6.0,"key":"PreservedInsect"},{"floor":8.0,"key":"Pen Nib"},{"floor":9.0,"key":"Kunai"}],"event_choices":[{"cards_removed":["Strike_B"],"damage_healed":0.0,"max_hp_gain":0.0,"max_hp_loss":0.0,"gold_gain":0.0,"event_name":"The Cleric","player_choice":"Card Removal","floor":3.0,"gold_loss":75.0,"damage_taken":0.0},{"damage_healed":0.0,"max_hp_gain":0.0,"max_hp_loss":0.0,"gold_gain":275.0,"event_name":"Golden Shrine","player_choice":"Desecrate","floor":5.0,"gold_loss":0.0,"damage_taken":0.0,"cards_obtained":["Regret"]},{"damage_healed":0,"gold_gain":0,"player_choice":"0 cards matched","damage_taken":0,"max_hp_gain":0,"max_hp_loss":0,"event_name":"Match and Keep!","floor":19,"gold_loss":0,"cards_obtained":[]}],"is_beta":false,"boss_relics":[{"not_picked":["FrozenCore","Philosopher\u0027s Stone"],"picked":"Inserter"}],"items_purged_floors":[11],"is_endless":false,"potions_floor_spawned":[1,13,14,16,20],"killed_by":"Shelled Parasite and Fungi","ascension_level":20}