{"gold_per_floor":[112,212,227,245,245,245,263,263,263,116,116,144,144,44,44,139,139,164,101],"floor_reached":19,"playtime":744,"items_purged":["Strike_B","Strike_B"],"score":206,"play_id":"b47bf08f-cbf1-4dd5-9b9d-95eb52c016cf","local_time":"20190505171610","is_ascension_mode":true,"campfire_choices":[{"floor":6,"key":"REST"},{"floor":8,"key":"REST"},{"floor":15,"key":"REST"}],"neow_cost":"NONE","seed_source_timestamp":22425077677868,"circlet_count":0,"master_deck":["Strike_B","Defend_B","Defend_B","Defend_B","Defend_B","Zap","Dualcast","Hello World","Rainbow","Electrodynamics","Echo Form","Decay","Doubt","Shame"],"relics":["Runic Dome","Meat on the Bone","Blue Candle","Calling Bell","Gambling Chip","Molten Egg 2","MawBank"],"potions_floor_usage":[],"damage_taken":[{"damage":16,"enemies":"Jaw Worm","floor":1,"turns":4},{"damage":8,"enemies":"Cultist","floor":3,"turns":4},{"damage":15,"enemies":"Small Slimes","floor":4,"turns":4},{"damage":25,"enemies":"Exordium Wildlife","floor":7,"turns":4},{"damage":52,"enemies":"Gremlin Nob","floor":12,"turns":5},{"damage":9,"enemies":"Slime Boss","floor":16,"turns":10},{"damage":28,"enemies":"Chosen","floor":18,"turns":5},{"damage":43,"enemies":"2 Thieves","floor":19,"turns":3}],"seed_played":"3278277113105232388","potions_obtained":[{"floor":1,"key":"Weak Potion"},{"floor":12,"key":"LiquidBronze"},{"floor":16,"key":"Regen Potion"}],"is_trial":false,"path_per_floor":["M","?","M","M","?","R","M","R","T","$","?","E","?","$","R","B",null,"M","M"],"character_chosen":"DEFECT","items_purchased":["Rainbow"],"campfire_rested":3,"item_purchase_floors":[10],"current_hp_per_floor":[59,59,51,36,61,75,50,72,72,72,72,32,32,32,54,45,68,40,0],"gold":101,"neow_bonus":"BOSS_RELIC","is_prod":false,"is_daily":false,"chose_seed":false,"campfire_upgraded":0,"win_rate":0,"timestamp":1557072970,"path_taken":["M","?","?","M","?","R","M","R","T","$","?","E","?","?","R","BOSS","M","M"],"build_version":"2019-01-23","purchased_purges":2,"victory":false,"max_hp_per_floor":[75,75,75,75,75,75,75,75,75,75,75,75,75,75,75,75,75,75,75],"card_choices":[{"not_picked":["Glacier","Beam Cell"],"picked":"Hello World","floor":1},{"not_picked":["Turbo","Genetic Algorithm","Static Discharge"],"picked":"SKIP","floor":3},{"not_picked":["Beam Cell","Hologram","Coolheaded"],"picked":"SKIP","floor":4},{"not_picked":["Streamline","Tempest","Turbo"],"picked":"SKIP","floor":7},{"not_picked":["Steam Power","Beam Cell"],"picked":"Electrodynamics","floor":12},{"not_picked":["Creative AI","Seek"],"picked":"Echo Form","floor":16},{"not_picked":["Conserve Battery","Turbo","Rebound+1"],"picked":"SKIP","floor":18}],"player_experience":749232,"relics_obtained":[{"floor":9,"key":"Meat on the Bone"},{"floor":12,"key":"Blue Candle"},{"floor":17,"key":"Gambling Chip"},{"floor":17,"key":"Molten Egg 2"},{"floor":17,"key":"MawBank"}],"event_choices":[{"damage_healed":0,"gold_gain":100,"player_choice":"Pray","damage_taken":0,"max_hp_gain":0,"max_hp_loss":0,"event_name":"Golden Shrine","floor":2,"gold_loss":0},{"damage_healed":25,"gold_gain":0,"player_choice":"Banana","damage_taken":0,"max_hp_gain":0,"max_hp_loss":0,"event_name":"Big Fish","floor":5,"gold_loss":0},{"cards_removed":["Strike_B"],"damage_healed":0,"gold_gain":0,"player_choice":"Forget","damage_taken":0,"max_hp_gain":0,"max_hp_loss":0,"event_name":"Living Wall","floor":11,"gold_loss":0},{"damage_healed":0,"gold_gain":0,"player_choice":"Ignored","damage_taken":0,"max_hp_gain":0,"max_hp_loss":0,"event_name":"Shining Light","floor":13,"gold_loss":0}],"is_beta":false,"boss_relics":[{"not_picked":["Nuclear Battery","Lizard Tail"],"picked":"Calling Bell"}],"items_purged_floors":[10,14],"is_endless":false,"potions_floor_spawned":[1,12,16],"killed_by":"2 Thieves","ascension_level":5}