{"gold_per_floor":[117,137,137,154,79,79,94,94,118,118,141,174,230,255,255,332,332,342,267,279,279,279,279,279,279,279,279,125,142,177,189,189,264,264,279,49,68,80,80,109,109,124,124,159,159,169,195,295,295,295,295,295,295,89,122,122],"floor_reached":57,"playtime":5784,"items_purged":["Strike_G","Strike_G","Defend_G","Defend_G"],"score":3362,"play_id":"9d9b0f32-c273-45ed-a211-ac787dff5d35","local_time":"20190304184317","is_ascension_mode":true,"campfire_choices":[{"data":"Flechettes","floor":6.0,"key":"SMITH"},{"data":"Well Laid Plans","floor":8.0,"key":"SMITH"},{"data":"Neutralize","floor":10.0,"key":"SMITH"},{"data":"Footwork","floor":15.0,"key":"SMITH"},{"floor":23.0,"key":"REST"},{"data":"Ghostly","floor":27.0,"key":"SMITH"},{"data":"Doppelganger","floor":32.0,"key":"SMITH"},{"data":"Finesse","floor":41.0,"key":"SMITH"},{"data":"Escape Plan","floor":45.0,"key":"SMITH"},{"floor":49.0,"key":"RECALL"},{"data":"Night Terror","floor":53.0,"key":"SMITH"}],"neow_cost":"NONE","seed_source_timestamp":25441145334000,"circlet_count":0,"master_deck":["AscendersBane","Defend_G+1","Defend_G","Survivor","Neutralize+1","Escape Plan+1","Flechettes+1","Venomology","Footwork+1","Well Laid Plans+1","Doppelganger+1","Ghostly+1","Ghostly","Ghostly+1","Acrobatics+1","Finesse+1","Heel Hook","Night Terror+1"],"special_seed":0,"relics":["Orrery","Orichalcum","Oddly Smooth Stone","Snake Skull","Juzu Bracelet","Odd Mushroom","Empty Cage","Nilry\u0027s Codex","FaceOfCleric","Omamori","War Paint","Coffee Dripper","Dream Catcher","Lantern","Potion Belt","Du-Vu Doll","Blood Vial"],"potions_floor_usage":[56,56,56,56],"damage_taken":[{"damage":10.0,"enemies":"Small Slimes","floor":1.0,"turns":5.0},{"damage":0.0,"enemies":"Jaw Worm","floor":2.0,"turns":6.0},{"damage":1.0,"enemies":"2 Louse","floor":4.0,"turns":2.0},{"damage":9.0,"enemies":"Large Slime","floor":7.0,"turns":8.0},{"damage":6.0,"enemies":"3 Sentries","floor":12.0,"turns":11.0},{"damage":17.0,"enemies":"Gremlin Nob","floor":13.0,"turns":4.0},{"damage":3.0,"enemies":"The Mushroom Lair","floor":14.0,"turns":5.0},{"damage":6.0,"enemies":"The Guardian","floor":16.0,"turns":14.0},{"damage":5.0,"enemies":"2 Thieves","floor":18.0,"turns":5.0},{"damage":1.0,"enemies":"Chosen","floor":20.0,"turns":8.0},{"damage":17.0,"enemies":"Colosseum Slavers","floor":21.0,"turns":8.0},{"damage":3.0,"enemies":"Snake Plant","floor":29.0,"turns":5.0},{"damage":0.0,"enemies":"Slavers","floor":30.0,"turns":7.0},{"damage":13.0,"enemies":"Sentry and Sphere","floor":31.0,"turns":11.0},{"damage":0.0,"enemies":"Champ","floor":33.0,"turns":15.0},{"damage":2.0,"enemies":"Orb Walker","floor":35.0,"turns":6.0},{"damage":0.0,"enemies":"3 Shapes","floor":37.0,"turns":7.0},{"damage":0.0,"enemies":"Transient","floor":38.0,"turns":6.0},{"damage":0.0,"enemies":"Reptomancer","floor":40.0,"turns":9.0},{"damage":4.0,"enemies":"4 Shapes","floor":42.0,"turns":13.0},{"damage":0.0,"enemies":"Nemesis","floor":44.0,"turns":5.0},{"damage":0.0,"enemies":"Writhing Mass","floor":46.0,"turns":5.0},{"damage":0.0,"enemies":"Giant Head","floor":47.0,"turns":6.0},{"damage":0.0,"enemies":"Mind Bloom Boss Battle","floor":48.0,"turns":5.0},{"damage":0.0,"enemies":"Donu and Deca","floor":50.0,"turns":9.0},{"damage":0.0,"enemies":"Time Eater","floor":51.0,"turns":11.0},{"damage":0.0,"enemies":"Shield and Spear","floor":55.0,"turns":5.0},{"damage":0,"enemies":"The Heart","floor":56,"turns":7}],"seed_played":"-350371989452353726","potions_obtained":[{"floor":1.0,"key":"Swift Potion"},{"floor":4.0,"key":"FairyPotion"},{"floor":13.0,"key":"Block Potion"},{"floor":16.0,"key":"SteroidPotion"},{"floor":20.0,"key":"EssenceOfSteel"},{"floor":31.0,"key":"Swift Potion"},{"floor":40.0,"key":"PowerPotion"},{"floor":44.0,"key":"SkillPotion"},{"floor":47.0,"key":"FearPotion"},{"floor":55.0,"key":"Dexterity Potion"}],"is_trial":false,"path_per_floor":["M","M","?","M","$","R","M","R","T","R","T","E","?","?","R","B",null,"M","?","M","?","?","R","?","?","T","R","$","M","E","M","R","B",null,"M","$","M","M","?","E","R","M","T","E","R","M","E","?","R","B","B",null,"R","$","E","B",null],"character_chosen":"THE_SILENT","items_purchased":["AttackPotion","Finesse","PowerPotion"],"campfire_rested":1,"item_purchase_floors":[28,36,54],"current_hp_per_floor":[49,49,54,53,53,53,44,44,44,44,44,38,21,18,18,12,56,51,51,50,33,12,33,33,33,33,33,33,31,32,20,20,21,35,34,34,35,36,36,37,37,34,34,44,44,45,47,48,48,49,50,50,50,50,51,52],"gold":122,"neow_bonus":"BOSS_RELIC","is_prod":false,"is_daily":false,"chose_seed":false,"campfire_upgraded":9,"win_rate":0,"timestamp":1551696197,"path_taken":["M","M","?","M","$","R","M","R","T","R","?","E","?","?","R","BOSS","M","?","M","?","?","R","?","?","T","R","$","M","E","M","R","BOSS","M","$","M","M","?","E","R","M","T","E","R","M","E","?","R","BOSS","BOSS","R","$","E","BOSS"],"build_version":"2019-01-23","purchased_purges":4,"victory":true,"max_hp_per_floor":[66,66,71,71,71,71,71,71,71,71,71,71,71,71,71,71,71,71,71,71,71,71,71,35,35,35,35,35,36,37,38,38,39,39,40,40,41,42,42,43,43,44,44,45,45,46,47,48,48,49,50,50,50,50,51,52],"card_choices":[{"not_picked":["Setup","Dodge and Roll"],"picked":"Escape Plan","floor":0.0},{"not_picked":["Outmaneuver","Acrobatics"],"picked":"Flechettes","floor":0.0},{"not_picked":["Underhanded Strike","Bane"],"picked":"Venomology","floor":0.0},{"not_picked":["Heel Hook","Masterful Stab"],"picked":"Footwork","floor":1.0},{"not_picked":["Bane","Dagger Spray","Underhanded Strike"],"picked":"SKIP","floor":2.0},{"not_picked":["Setup","Quick Slash"],"picked":"Well Laid Plans","floor":4.0},{"not_picked":["Blade Dance","Flying Knee","Escape Plan"],"picked":"SKIP","floor":7.0},{"not_picked":["Blade Dance","Flying Knee","Escape Plan"],"picked":"SKIP","floor":7.0},{"not_picked":["Prepared","Flying Knee"],"picked":"Doppelganger","floor":12.0},{"not_picked":["Quick Slash","Bane","Deadly Poison"],"picked":"SKIP","floor":18.0},{"not_picked":["Deflect+1","Catalyst","Bouncing Flask"],"picked":"SKIP","floor":20.0},{"not_picked":["Dagger Spray+1","Footwork","Choke"],"picked":"SKIP","floor":29.0},{"not_picked":["Dagger Spray+1","Footwork","Choke"],"picked":"SKIP","floor":29.0},{"not_picked":["Deadly Poison","Dagger Throw"],"picked":"Acrobatics+1","floor":30.0},{"not_picked":["Expertise","Dagger Spray","Flying Knee"],"picked":"SKIP","floor":31.0},{"not_picked":["Sucker Punch","Blade Dance","Catalyst"],"picked":"SKIP","floor":35.0},{"not_picked":["Flying Knee","Backflip","Blade Dance+1"],"picked":"SKIP","floor":37.0},{"not_picked":["Catalyst","Bane","Dagger Throw"],"picked":"SKIP","floor":38.0},{"not_picked":["Poisoned Stab+1","Bane+1","Heel Hook"],"picked":"SKIP","floor":40.0},{"not_picked":["Poisoned Stab+1","Bane+1"],"picked":"Heel Hook","floor":40.0},{"not_picked":["Deadly Poison","Slice","Sucker Punch"],"picked":"SKIP","floor":42.0},{"not_picked":["Deadly Poison","Slice","Sucker Punch"],"picked":"SKIP","floor":42.0},{"not_picked":["Deadly Poison","Acrobatics","Wraith Form v2"],"picked":"SKIP","floor":44.0},{"not_picked":["Cloak And Dagger","Quick Slash+1","Bouncing Flask+1"],"picked":"SKIP","floor":46.0},{"not_picked":["Escape Plan","Sucker Punch+1"],"picked":"Night Terror","floor":47.0},{"not_picked":["Concentrate","Venomology","Choke"],"picked":"SKIP","floor":55.0}],"player_experience":2724790,"relics_obtained":[{"floor":9.0,"key":"Orichalcum"},{"floor":11.0,"key":"Oddly Smooth Stone"},{"floor":12.0,"key":"Snake Skull"},{"floor":13.0,"key":"Juzu Bracelet"},{"floor":14.0,"key":"Odd Mushroom"},{"floor":22.0,"key":"Nilry\u0027s Codex"},{"floor":26.0,"key":"Omamori"},{"floor":30.0,"key":"War Paint"},{"floor":40.0,"key":"Dream Catcher"},{"floor":44.0,"key":"Lantern"},{"floor":47.0,"key":"Potion Belt"},{"floor":48.0,"key":"Du-Vu Doll"},{"floor":55.0,"key":"Blood Vial"}],"event_choices":[{"damage_healed":0.0,"max_hp_gain":5.0,"max_hp_loss":0.0,"gold_gain":0.0,"event_name":"Big Fish","player_choice":"Donut","floor":3.0,"gold_loss":0.0,"damage_taken":0.0},{"damage_healed":0.0,"max_hp_gain":0.0,"max_hp_loss":0.0,"gold_gain":30.0,"event_name":"Dead Adventurer","player_choice":"Searched \u00273\u0027 times","floor":13.0,"gold_loss":0.0,"damage_taken":0.0},{"damage_healed":0.0,"max_hp_gain":0.0,"max_hp_loss":0.0,"gold_gain":0.0,"event_name":"Mushrooms","player_choice":"Fought Mushrooms","floor":14.0,"gold_loss":0.0,"damage_taken":0.0},{"cards_removed":["Strike_G"],"damage_healed":0.0,"max_hp_gain":0.0,"max_hp_loss":0.0,"gold_gain":0.0,"event_name":"Beggar","player_choice":"Gave Gold","floor":19.0,"gold_loss":75.0,"damage_taken":0.0},{"damage_healed":0.0,"max_hp_gain":0.0,"max_hp_loss":0.0,"gold_gain":0.0,"event_name":"Colosseum","player_choice":"Fight","floor":21.0,"gold_loss":0.0,"damage_taken":0.0},{"damage_healed":0.0,"max_hp_gain":0.0,"max_hp_loss":0.0,"gold_gain":0.0,"event_name":"Colosseum","player_choice":"Fled From Nobs","floor":21.0,"gold_loss":0.0,"damage_taken":0.0},{"damage_healed":0.0,"max_hp_gain":0.0,"max_hp_loss":0.0,"gold_gain":0.0,"event_name":"Cursed Tome","player_choice":"Obtained Book","floor":22.0,"gold_loss":0.0,"damage_taken":21.0},{"damage_healed":0.0,"max_hp_gain":0.0,"max_hp_loss":36.0,"gold_gain":0.0,"event_name":"Ghosts","player_choice":"Became a Ghost","floor":24.0,"gold_loss":0.0,"damage_taken":0.0,"cards_obtained":["Ghostly","Ghostly","Ghostly"]},{"damage_healed":0.0,"max_hp_gain":0.0,"max_hp_loss":0.0,"gold_gain":0.0,"event_name":"FaceTrader","player_choice":"Trade","floor":25.0,"gold_loss":0.0,"damage_taken":0.0,"relics_obtained":["FaceOfCleric"]},{"cards_removed":["Defend_G"],"damage_healed":0.0,"max_hp_gain":0.0,"max_hp_loss":0.0,"gold_gain":0.0,"event_name":"Falling","player_choice":"Removed Skill","floor":39.0,"gold_loss":0.0,"damage_taken":0.0},{"damage_healed":0.0,"max_hp_gain":0.0,"max_hp_loss":0.0,"gold_gain":0.0,"event_name":"MindBloom","player_choice":"Fight","floor":48.0,"gold_loss":0.0,"damage_taken":0.0}],"is_beta":false,"boss_relics":[{"not_picked":["Runic Dome","Lizard Tail"],"picked":"Empty Cage"},{"not_picked":["White Beast Statue","Runic Pyramid"],"picked":"Coffee Dripper"}],"items_purged_floors":[5,28,36,54],"is_endless":false,"potions_floor_spawned":[1,4,12,13,16,20,31,33,35,40,42,44,47,55],"ascension_level":20}