{"gold_per_floor":[115,133,133,149,169,169,182,107,107,125,135,161,61,61,61,164,164],"floor_reached":17,"playtime":391,"items_purged":["Strike_R","Bash"],"score":159,"play_id":"45bc3d2a-7af0-4d19-aaec-26a8c04a0427","local_time":"25610722194131","is_ascension_mode":false,"campfire_choices":[{"data":"Perfected Strike","floor":6,"key":"SMITH"},{"data":"Thunderclap","floor":15,"key":"SMITH"}],"neow_cost":"","seed_source_timestamp":35732407991599,"circlet_count":0,"master_deck":["Strike_R","Strike_R","Strike_R","Strike_R","Defend_R","Defend_R","Defend_R","Defend_R","Perfected Strike+1","Perfected Strike+1","Thunderclap+1","Pommel Strike"],"relics":["Burning Blood","Kunai"],"potions_floor_usage":[11,16,16],"damage_taken":[{"damage":0,"enemies":"Small Slimes","floor":1,"turns":5},{"damage":5,"enemies":"Cultist","floor":2,"turns":4},{"damage":6,"enemies":"Jaw Worm","floor":4,"turns":2},{"damage":0,"enemies":"2 Fungi Beasts","floor":5,"turns":3},{"damage":6,"enemies":"Exordium Thugs","floor":7,"turns":4},{"damage":0,"enemies":"Looter","floor":10,"turns":1},{"damage":13,"enemies":"Exordium Wildlife","floor":11,"turns":3},{"damage":14,"enemies":"Gremlin Nob","floor":12,"turns":3},{"damage":20,"enemies":"Slime Boss","floor":16,"turns":9}],"seed_played":"1901823893999993670","potions_obtained":[{"floor":2,"key":"Explosive Potion"},{"floor":7,"key":"Poison Potion"},{"floor":12,"key":"GamblersBrew"},{"floor":16,"key":"LiquidBronze"}],"is_trial":false,"path_per_floor":["M","M","?","M","M","R","M","$","T","M","M","E","$","?","R","B"],"character_chosen":"IRONCLAD","items_purchased":[],"campfire_rested":0,"item_purchase_floors":[],"current_hp_per_floor":[80,80,80,80,80,80,80,80,80,80,73,65,65,65,65,51,51],"gold":164,"neow_bonus":"","is_prod":false,"is_daily":false,"chose_seed":false,"campfire_upgraded":2,"win_rate":0,"timestamp":1532263291,"path_taken":["M","M","?","?","M","R","M","$","T","M","M","E","$","?","R","BOSS"],"build_version":"2018-07-19v2","purchased_purges":2,"victory":false,"max_hp_per_floor":[80,80,80,80,80,80,80,80,80,80,80,80,80,80,80,80,80],"card_choices":[{"not_picked":["Carnage","Clothesline"],"picked":"Perfected Strike","floor":1},{"not_picked":["Twin Strike","Second Wind"],"picked":"Perfected Strike","floor":2},{"not_picked":["Shrug It Off","Armaments"],"picked":"Thunderclap","floor":4},{"not_picked":["Spot Weakness","Whirlwind"],"picked":"Pommel Strike","floor":5},{"not_picked":["Shrug It Off","Flex"],"picked":"Pommel Strike","floor":7},{"not_picked":["Intimidate","Bludgeon","Blood for Blood"],"picked":"SKIP","floor":10},{"not_picked":["Pummel","Dual Wield","Clash"],"picked":"SKIP","floor":11},{"not_picked":["Cleave","Warcry","Anger"],"picked":"SKIP","floor":12}],"player_experience":117749,"relics_obtained":[{"floor":12,"key":"Kunai"}],"event_choices":[{"event_name":"Accursed Blacksmith","player_choice":"Forge","floor":3,"damage_taken":0},{"event_name":"Wheel of Change","player_choice":"Card Removal","floor":14,"damage_taken":0}],"is_beta":false,"boss_relics":[],"items_purged_floors":[8,13],"is_endless":false,"potions_floor_spawned":[2,7,12,16],"ascension_level":0}