{"gold_per_floor":[217,217,227,247,266,266,292,292,369,369,394,413,182,199,199,275,275,245,245,262,278,278,278,291,291,367,384,417,185,199,199,199,274,274,284,297,219,219,236,236,248,248,274,307,327,344,344,357,357,357],"floor_reached":51,"playtime":2918,"items_purged":["Strike_G","Strike_G"],"score":1317,"play_id":"328921e9-b795-435e-8240-05309df39150","local_time":"20181206123415","is_ascension_mode":true,"campfire_choices":[{"data":"Neutralize","floor":6,"key":"SMITH"},{"data":"Footwork","floor":8,"key":"SMITH"},{"data":"Dash","floor":10,"key":"SMITH"},{"data":"Deadly Poison","floor":15,"key":"SMITH"},{"data":"Burst","floor":23,"key":"SMITH"},{"data":"Tactician","floor":25,"key":"SMITH"},{"data":"Noxious Fumes","floor":32,"key":"SMITH"},{"data":"Bouncing Flask","floor":40,"key":"SMITH"},{"data":"Catalyst","floor":42,"key":"SMITH"},{"floor":49,"key":"REST"}],"neow_cost":"NONE","seed_source_timestamp":14927779358286,"circlet_count":0,"master_deck":["AscendersBane","Defend_G","Defend_G","Defend_G","Defend_G","Defend_G","Strike_G","Strike_G","Survivor","Neutralize+1","Dash+1","Footwork+1","Backflip","Deadly Poison+1","Backstab","Dodge and Roll","Burst+1","Dagger Spray","Slice","Dagger Throw","Tactician+1","Bouncing Flask+1","Noxious Fumes+1","Writhe","Malaise","Wraith Form v2","Blur","Leg Sweep","Dodge and Roll+1","Catalyst+1","PiercingWail","Parasite","Prepared+1","Dark Shackles"],"relics":["Ring of the Snake","Mango","Meat on the Bone","Pen Nib","Happy Flower","Runic Pyramid","Sundial","Girya","Art of War","Orrery","Bronze Scales","Matryoshka"],"potions_floor_usage":[11,28,33,44,50,50],"damage_taken":[{"damage":2,"enemies":"Cultist","floor":1,"turns":4},{"damage":0,"enemies":"Jaw Worm","floor":3,"turns":6},{"damage":0,"enemies":"2 Louse","floor":4,"turns":4},{"damage":0,"enemies":"Large Slime","floor":5,"turns":17},{"damage":16,"enemies":"3 Sentries","floor":7,"turns":18},{"damage":9,"enemies":"Lagavulin","floor":11,"turns":10},{"damage":0,"enemies":"Looter","floor":12,"turns":4},{"damage":0,"enemies":"Blue Slaver","floor":14,"turns":3},{"damage":0,"enemies":"The Guardian","floor":16,"turns":11},{"damage":21,"enemies":"2 Thieves","floor":18,"turns":5},{"damage":0,"enemies":"Shell Parasite","floor":20,"turns":6},{"damage":6,"enemies":"Sentry and Sphere","floor":21,"turns":8},{"damage":19,"enemies":"Snake Plant","floor":24,"turns":5},{"damage":5,"enemies":"Centurion and Healer","floor":27,"turns":8},{"damage":23,"enemies":"Slavers","floor":28,"turns":6},{"damage":0,"enemies":"Snecko","floor":30,"turns":4},{"damage":38,"enemies":"Automaton","floor":33,"turns":13},{"damage":9,"enemies":"Orb Walker","floor":35,"turns":5},{"damage":25,"enemies":"3 Darklings","floor":36,"turns":7},{"damage":13,"enemies":"4 Shapes","floor":39,"turns":9},{"damage":32,"enemies":"Spire Growth","floor":41,"turns":10},{"damage":11,"enemies":"Nemesis","floor":44,"turns":7},{"damage":6,"enemies":"Maw","floor":45,"turns":5},{"damage":2,"enemies":"Writhing Mass","floor":46,"turns":5},{"damage":22,"enemies":"4 Shapes","floor":48,"turns":7},{"damage":26,"enemies":"Time Eater","floor":50,"turns":10}],"seed_played":"6652351550194364589","potions_obtained":[{"floor":1,"key":"PowerPotion"},{"floor":4,"key":"Ancient Potion"},{"floor":16,"key":"SneckoOil"},{"floor":20,"key":"SteroidPotion"},{"floor":24,"key":"PowerPotion"},{"floor":35,"key":"Dexterity Potion"},{"floor":39,"key":"Strength Potion"},{"floor":44,"key":"SpeedPotion"}],"is_trial":false,"path_per_floor":["M","?","M","M","M","R","E","R","T","R","E","M","$","M","R","B",null,"M","?","M","M","$","R","M","R","T","M","E","$","M","?","R","B",null,"M","M","$","?","M","R","M","R","T","E","M","M","?","M","R","B",null],"character_chosen":"THE_SILENT","items_purchased":["Happy Flower","Dexterity Potion","Noxious Fumes","Leg Sweep"],"campfire_rested":1,"item_purchase_floors":[13,29,29,37],"current_hp_per_floor":[57,57,57,57,57,57,55,55,55,55,46,46,46,46,46,46,72,51,39,51,45,45,45,38,38,38,45,34,34,46,46,46,20,65,56,43,43,43,42,42,22,22,22,23,29,39,39,29,51,37],"gold":357,"neow_bonus":"HUNDRED_GOLD","is_prod":false,"is_daily":false,"chose_seed":false,"campfire_upgraded":9,"win_rate":0,"timestamp":1544128455,"path_taken":["M","?","?","M","M","R","E","R","T","R","E","M","$","M","R","BOSS","M","?","?","M","$","R","M","R","T","?","E","$","M","?","R","BOSS","M","M","$","?","M","R","M","R","T","E","M","M","?","M","R","BOSS"],"build_version":"2018-11-15","purchased_purges":2,"victory":true,"max_hp_per_floor":[66,66,66,66,66,66,80,80,80,80,80,80,80,80,80,80,80,80,80,80,80,80,80,80,80,80,80,80,80,80,80,80,80,80,80,80,80,76,76,76,76,76,76,76,76,76,76,76,76,76],"card_choices":[{"not_picked":["Prepared","Backstab"],"picked":"Dash","floor":1},{"not_picked":["Backflip","PiercingWail"],"picked":"Footwork","floor":3},{"not_picked":["Setup","Dash"],"picked":"Backflip","floor":4},{"not_picked":["Slice","Prepared","Backflip"],"picked":"SKIP","floor":5},{"not_picked":["Bane","Prepared","Distraction"],"picked":"SKIP","floor":7},{"not_picked":["Blur","Wraith Form v2"],"picked":"Deadly Poison","floor":11},{"not_picked":["Underhanded Strike","PiercingWail"],"picked":"Backstab","floor":12},{"not_picked":["Outmaneuver","PiercingWail"],"picked":"Dodge and Roll","floor":14},{"not_picked":["Wraith Form v2","Glass Knife"],"picked":"Burst","floor":16},{"not_picked":["Outmaneuver","Dodge and Roll"],"picked":"Dagger Spray","floor":18},{"not_picked":["All Out Attack","Dash"],"picked":"Slice","floor":20},{"not_picked":["Skewer+1","Prepared"],"picked":"Dagger Throw","floor":21},{"not_picked":["Deflect","Eviscerate"],"picked":"Tactician","floor":24},{"not_picked":["Cloak And Dagger","Infinite Blades"],"picked":"Bouncing Flask","floor":27},{"not_picked":["Skewer","Terror","Infinite Blades"],"picked":"SKIP","floor":28},{"not_picked":["Expertise","Escape Plan","Unload"],"picked":"SKIP","floor":30},{"not_picked":["Glass Knife","Tools of the Trade"],"picked":"Malaise","floor":33},{"not_picked":["Cloak And Dagger","Poisoned Stab"],"picked":"Wraith Form v2","floor":34},{"not_picked":["Well Laid Plans","Quick Slash+1","Outmaneuver"],"picked":"SKIP","floor":35},{"not_picked":["Skewer+1","Deflect"],"picked":"Blur","floor":36},{"not_picked":["Acrobatics+1","Predator"],"picked":"Dodge and Roll+1","floor":39},{"not_picked":["Cloak And Dagger","Terror"],"picked":"Catalyst","floor":41},{"not_picked":["Storm of Steel","Distraction+1"],"picked":"PiercingWail","floor":44},{"not_picked":["Sucker Punch","Tactician","Dodge and Roll"],"picked":"SKIP","floor":45},{"not_picked":["Outmaneuver","Riddle With Holes"],"picked":"Prepared+1","floor":46},{"not_picked":["Master of Strategy","Dramatic Entrance"],"picked":"Dark Shackles","floor":47},{"not_picked":["Masterful Stab","Acrobatics","Deadly Poison+1"],"picked":"SKIP","floor":48}],"player_experience":1739679,"relics_obtained":[{"floor":7,"key":"Mango"},{"floor":9,"key":"Meat on the Bone"},{"floor":11,"key":"Pen Nib"},{"floor":26,"key":"Sundial"},{"floor":28,"key":"Girya"},{"floor":43,"key":"Bronze Scales"},{"floor":44,"key":"Matryoshka"}],"event_choices":[{"cards_removed":["Strike_G"],"damage_healed":0,"gold_gain":0,"player_choice":"Purged","damage_taken":0,"max_hp_gain":0,"max_hp_loss":0,"event_name":"Purifier","floor":2,"gold_loss":0},{"damage_healed":0,"gold_gain":0,"player_choice":"Damaged","damage_taken":12,"max_hp_gain":0,"max_hp_loss":0,"event_name":"Wheel of Change","floor":19,"gold_loss":0},{"damage_healed":0,"gold_gain":0,"player_choice":"Opened","damage_taken":0,"relics_obtained":["Art of War"],"max_hp_gain":0,"max_hp_loss":0,"event_name":"The Mausoleum","floor":31,"gold_loss":0,"cards_obtained":["Writhe"]},{"damage_healed":0,"gold_gain":0,"player_choice":"Max HP","damage_taken":0,"max_hp_gain":0,"max_hp_loss":4,"event_name":"Winding Halls","floor":38,"gold_loss":0},{"damage_healed":0,"gold_gain":0,"player_choice":"Memory 1","damage_taken":0,"max_hp_gain":0,"max_hp_loss":0,"event_name":"SensoryStone","floor":47,"gold_loss":0}],"is_beta":false,"boss_relics":[{"not_picked":["Fusion Hammer","Black Star"],"picked":"Runic Pyramid"},{"not_picked":["Calling Bell","WristBlade"],"picked":"Orrery"}],"items_purged_floors":[13,29],"is_endless":false,"potions_floor_spawned":[1,4,16,20,24,27,35,39,41,44],"ascension_level":15}