{"gold_per_floor":[115,132,152,152,162,162,192,203,203,229,229,264,264,284,284,357,357,375,425,442,168,180,180,108,108,134,134,145,473,488,488,488,565,565,579,240,256,51,66,66,78,89,142,153,153,188,188,188,188,188],"floor_reached":51,"playtime":2817,"items_purged":["Strike_B","Strike_B","Defend_B"],"score":1265,"play_id":"214324c9-c932-447d-9a20-02e0e08d0fff","local_time":"20180804140742","is_ascension_mode":true,"campfire_choices":[{"data":"Zap","floor":6.0,"key":"SMITH"},{"floor":11.0,"key":"REST"},{"floor":13,"key":"REST"},{"data":"Defragment","floor":15,"key":"SMITH"},{"data":"Dualcast","floor":23,"key":"SMITH"},{"data":"Capacitor","floor":25,"key":"SMITH"},{"floor":27,"key":"REST"},{"floor":32,"key":"REST"},{"data":"Capacitor","floor":40,"key":"SMITH"},{"floor":45,"key":"REST"},{"floor":49,"key":"REST"}],"neow_cost":"NONE","seed_source_timestamp":19018964601204,"circlet_count":0,"master_deck":["Strike_B+1","Strike_B","Defend_B","Defend_B","Defend_B","Zap+1","Dualcast+1","AscendersBane","Rebound","Go for the Eyes","Darkness","Undo","Defragment+1","Steam","Hologram","Glacier","Seek","Ball Lightning+1","Leap","Chill+1","Capacitor+1","Decay","Machine Learning","Defragment","Capacitor+1","Glacier","Injury","Writhe","Master of Strategy"],"special_seed":0,"relics":["Cracked Core","Dream Catcher","Du-Vu Doll","Singing Bowl","Orichalcum","Calipers","Cursed Key","Vajra","DataDisk","Old Coin","Lizard Tail","Question Card","Whetstone","The Courier"],"potions_floor_usage":[29,42,50,50],"damage_taken":[{"damage":3.0,"enemies":"Jaw Worm","floor":1.0,"turns":4.0},{"damage":0.0,"enemies":"Cultist","floor":2.0,"turns":3.0},{"damage":4.0,"enemies":"2 Louse","floor":3.0,"turns":2.0},{"damage":15.0,"enemies":"Lots of Slimes","floor":5.0,"turns":5.0},{"damage":28.0,"enemies":"Gremlin Nob","floor":7.0,"turns":5.0},{"damage":1.0,"enemies":"2 Fungi Beasts","floor":8.0,"turns":3.0},{"damage":27.0,"enemies":"3 Sentries","floor":10.0,"turns":8.0},{"damage":4,"enemies":"Gremlin Nob","floor":12,"turns":4},{"damage":0,"enemies":"Large Slime","floor":14,"turns":5},{"damage":9,"enemies":"Slime Boss","floor":16,"turns":6},{"damage":12,"enemies":"3 Byrds","floor":18,"turns":7},{"damage":11,"enemies":"Spheric Guardian","floor":20,"turns":4},{"damage":2,"enemies":"Snecko","floor":22,"turns":6},{"damage":18,"enemies":"Sentry and Sphere","floor":28,"turns":5},{"damage":26,"enemies":"Gremlin Leader","floor":29,"turns":12},{"damage":0,"enemies":"Centurion and Healer","floor":30,"turns":7},{"damage":4,"enemies":"Champ","floor":33,"turns":16},{"damage":2,"enemies":"3 Shapes","floor":35,"turns":7},{"damage":8,"enemies":"3 Darklings","floor":37,"turns":10},{"damage":0,"enemies":"Spire Growth","floor":39,"turns":9},{"damage":24,"enemies":"Maw","floor":41,"turns":9},{"damage":16,"enemies":"Transient","floor":42,"turns":5},{"damage":12,"enemies":"3 Darklings","floor":44,"turns":10},{"damage":33,"enemies":"2 Orb Walkers","floor":46,"turns":8},{"damage":54,"enemies":"Time Eater","floor":50,"turns":15}],"seed_played":"6637114647390309714","potions_obtained":[{"floor":2.0,"key":"EntropicBrew"},{"floor":3.0,"key":"Dexterity Potion"},{"floor":7.0,"key":"Regen Potion"},{"floor":12,"key":"Dexterity Potion"},{"floor":16,"key":"Regen Potion"},{"floor":35,"key":"Explosive Potion"},{"floor":46,"key":"Regen Potion"}],"is_trial":false,"path_per_floor":["M","M","M","?","M","R","E","M","T","E","R","E","R","M","R","B",null,"M","?","M","$","M","R","$","R","T","R","M","E","M","?","R","B",null,"M","$","M","$","M","R","M","M","T","M","R","E","?","?","R","B"],"character_chosen":"DEFECT","items_purchased":["Vajra","Leap","Capacitor","Question Card","Defragment"],"campfire_rested":6,"item_purchase_floors":[21,21,24,36,38],"current_hp_per_floor":[61,61,57,57,42,42,14,13,13,1,24,22,44,44,44,35,65,55,55,44,44,42,42,42,42,42,67,51,42,44,44,71,67,82,82,82,76,76,76,76,54,38,38,28,58,27,47,47,78,39],"gold":188,"neow_bonus":"RANDOM_COMMON_RELIC","is_prod":false,"is_daily":false,"chose_seed":false,"campfire_upgraded":5,"win_rate":0,"timestamp":1533416862,"path_taken":["M","M","M","?","M","R","E","M","T","E","R","E","R","M","R","BOSS","M","?","M","$","?","R","$","R","T","R","M","E","M","?","R","BOSS","M","$","M","$","M","R","M","M","T","M","R","E","?","?","R","BOSS"],"build_version":"2018-08-02","purchased_purges":3,"victory":true,"max_hp_per_floor":[71,71,71,71,71,71,71,71,71,71,73,75,75,75,75,75,75,77,77,77,77,77,77,77,77,77,79,81,83,85,85,87,87,87,89,89,91,91,91,91,93,93,93,95,97,99,99,99,101,101],"card_choices":[{"not_picked":["Stack","Sweeping Beam","Force Field"],"picked":"SKIP","floor":1.0},{"not_picked":["Undo","Stack"],"picked":"Rebound","floor":2.0},{"not_picked":["Stack","Sweeping Beam"],"picked":"Go for the Eyes","floor":3.0},{"not_picked":["Heatsinks","Reprogram"],"picked":"Darkness","floor":5.0},{"not_picked":["Go for the Eyes","Force Field"],"picked":"Undo","floor":7.0},{"not_picked":["Heatsinks","Capacitor"],"picked":"Defragment","floor":8.0},{"not_picked":["Stack","Turbo"],"picked":"Steam","floor":10.0},{"not_picked":["Beam Cell","Gash","Streamline"],"picked":"Singing Bowl","floor":11.0},{"not_picked":["Rip and Tear","Doom and Gloom","Hologram"],"picked":"Singing Bowl","floor":12},{"not_picked":["Go for the Eyes","Streamline"],"picked":"Hologram","floor":13},{"not_picked":["Hologram","Gash"],"picked":"Glacier","floor":14},{"not_picked":["Creative AI","Fission"],"picked":"Seek","floor":16},{"not_picked":["Beam Cell","Loop","Scrape"],"picked":"Singing Bowl","floor":18},{"not_picked":["Leap","Blizzard"],"picked":"Ball Lightning","floor":20},{"not_picked":["Hello World","Force Field"],"picked":"Chill+1","floor":22},{"not_picked":["Chill","Scrape","Genetic Algorithm"],"picked":"Singing Bowl","floor":27},{"not_picked":["Compile Driver","Rebound+1","Streamline"],"picked":"Singing Bowl","floor":28},{"not_picked":["Steam Power","Loop","Storm"],"picked":"Singing Bowl","floor":29},{"not_picked":["Multi-Cast","Redo","Sunder"],"picked":"Singing Bowl","floor":30},{"not_picked":["Streamline","Fusion","Blizzard"],"picked":"Singing Bowl","floor":32},{"not_picked":["All For One","Core Surge"],"picked":"Machine Learning","floor":33},{"not_picked":["Barrage","Storm","Conserve Battery"],"picked":"Singing Bowl","floor":35},{"not_picked":["Melter","Coolheaded","Steam","Stack"],"picked":"Singing Bowl","floor":37},{"not_picked":["Heatsinks","Beam Cell+1","Tempest+1"],"picked":"Capacitor","floor":39},{"not_picked":["Tempest","Ball Lightning","Gash","Double Energy+1"],"picked":"Singing Bowl","floor":41},{"not_picked":["Amplify","Cold Snap+1","Compile Driver"],"picked":"Glacier","floor":42},{"not_picked":["Blizzard","Genetic Algorithm+1","Compile Driver","Ball Lightning"],"picked":"Singing Bowl","floor":44},{"not_picked":["Turbo","Doom and Gloom","Barrage","Conserve Battery+1"],"picked":"Singing Bowl","floor":45},{"not_picked":["Darkness","Self Repair","Reprogram","Meteor Strike"],"picked":"Singing Bowl","floor":46},{"not_picked":["Trip","Secret Weapon","Good Instincts"],"picked":"Master of Strategy","floor":48},{"not_picked":["Coolheaded","Scrape","Ball Lightning","Go for the Eyes"],"picked":"Singing Bowl","floor":49}],"player_experience":1004912,"relics_obtained":[{"floor":7.0,"key":"Du-Vu Doll"},{"floor":9.0,"key":"Singing Bowl"},{"floor":10.0,"key":"Orichalcum"},{"floor":12,"key":"Calipers"},{"floor":26,"key":"DataDisk"},{"floor":29,"key":"Old Coin"},{"floor":43,"key":"Whetstone"},{"floor":46,"key":"The Courier"}],"event_choices":[{"event_name":"Liars Game","player_choice":"disagreed","floor":4.0,"damage_taken":0.0},{"event_name":"Nest","player_choice":"Stole From Cult","floor":19,"damage_taken":0},{"event_name":"Vampires","player_choice":"Ignored","floor":31,"damage_taken":0},{"event_name":"Winding Halls","player_choice":"Writhe","floor":47,"damage_taken":0},{"event_name":"SensoryStone","player_choice":"Memory 1","floor":48,"damage_taken":0}],"is_beta":false,"boss_relics":[{"not_picked":["Inserter","Runic Dome"],"picked":"Cursed Key"},{"not_picked":["White Beast Statue","FrozenCore"],"picked":"Lizard Tail"}],"items_purged_floors":[21,36,38],"is_endless":false,"potions_floor_spawned":[2,3,7,8,12,16,18,22,35,46],"ascension_level":15}