{"gold_per_floor":[117,117,131,146,156,156,183,183,183,193,47,47,75,107,119,205,217,241,266,278,306,318,330,342,433,445,457,132,148,148,174,174,251,251,268,284,81,92,105,105,134,134,157,157,157,6,34,44,44,44],"floor_reached":51,"playtime":2265,"items_purged":["Strike_G","Strike_G"],"score":1293,"play_id":"f5f372c3-e774-4b8e-b985-b18aa1a3d57c","local_time":"20181018130344","is_ascension_mode":true,"campfire_choices":[{"data":"Neutralize","floor":6,"key":"SMITH"},{"data":"Skewer","floor":8,"key":"SMITH"},{"data":"Envenom","floor":12,"key":"SMITH"},{"data":"Caltrops","floor":15,"key":"SMITH"},{"floor":23,"key":"REST"},{"data":"Venomology","floor":27,"key":"SMITH"},{"floor":30,"key":"REST"},{"floor":32,"key":"REST"},{"floor":40,"key":"REST"},{"data":"Sucker Punch","floor":42,"key":"SMITH"},{"floor":44,"key":"REST"},{"data":"Well Laid Plans","floor":49,"key":"SMITH"}],"neow_cost":"NONE","seed_source_timestamp":17697612227934,"circlet_count":0,"master_deck":["Defend_G","Defend_G","Defend_G","Defend_G","Defend_G","Strike_G","Survivor","Neutralize+1","AscendersBane","Skewer+1","Deflect","Sucker Punch+1","Dagger Throw","Envenom+1","Caltrops+1","Deflect","Backstab","Venomology+1","Deflect+1","Backflip","Dagger Spray","Backflip","Corpse Explosion","PiercingWail+1","Catalyst+1","Dagger Throw+1","Cloak And Dagger","Well Laid Plans+1","Catalyst"],"relics":["Ring of the Serpent","Potion Belt","Letter Opener","Mummified Hand","Ornamental Fan","MawBank","Empty Cage","Sundial","Dead Branch","Oddly Smooth Stone","Regal Pillow","Snake Skull","TwistedFunnel","Incense Burner","Ancient Tea Set","Calipers","Meat on the Bone"],"potions_floor_usage":[7,13,16,16,18,21,21,22,31,31,33,33,33,36,38,39,39,41,41,47,50,50,50,50],"damage_taken":[{"damage":0,"enemies":"2 Louse","floor":1,"turns":4},{"damage":2,"enemies":"Jaw Worm","floor":3,"turns":5},{"damage":0,"enemies":"Small Slimes","floor":4,"turns":3},{"damage":2,"enemies":"Exordium Thugs","floor":5,"turns":6},{"damage":11,"enemies":"3 Sentries","floor":7,"turns":8},{"damage":0,"enemies":"Exordium Wildlife","floor":10,"turns":3},{"damage":10,"enemies":"Gremlin Nob","floor":13,"turns":4},{"damage":0,"enemies":"Looter","floor":14,"turns":3},{"damage":3,"enemies":"Hexaghost","floor":16,"turns":8},{"damage":4,"enemies":"Spheric Guardian","floor":18,"turns":4},{"damage":12,"enemies":"Chosen","floor":19,"turns":5},{"damage":8,"enemies":"Snake Plant","floor":21,"turns":4},{"damage":19,"enemies":"Colosseum Slavers","floor":22,"turns":4},{"damage":8,"enemies":"Chosen and Byrds","floor":29,"turns":5},{"damage":30,"enemies":"Gremlin Leader","floor":31,"turns":8},{"damage":45,"enemies":"Collector","floor":33,"turns":9},{"damage":33,"enemies":"3 Darklings","floor":35,"turns":3},{"damage":0,"enemies":"Orb Walker","floor":36,"turns":4},{"damage":3,"enemies":"Reptomancer","floor":38,"turns":5},{"damage":10,"enemies":"Sphere and 2 Shapes","floor":39,"turns":4},{"damage":21,"enemies":"Giant Head","floor":41,"turns":8},{"damage":24,"enemies":"Mind Bloom Boss Battle","floor":45,"turns":6},{"damage":13,"enemies":"2 Orb Walkers","floor":47,"turns":4},{"damage":0,"enemies":"4 Shapes","floor":48,"turns":2},{"damage":48,"enemies":"Time Eater","floor":50,"turns":10}],"seed_played":"-6325554254935426368","potions_obtained":[{"floor":1,"key":"LiquidBronze"},{"floor":5,"key":"Explosive Potion"},{"floor":7,"key":"Poison Potion"},{"floor":13,"key":"Fire Potion"},{"floor":14,"key":"Strength Potion"},{"floor":18,"key":"SpeedPotion"},{"floor":31,"key":"SteroidPotion"},{"floor":35,"key":"Ancient Potion"},{"floor":39,"key":"SkillPotion"},{"floor":41,"key":"SteroidPotion"},{"floor":45,"key":"Strength Potion"},{"floor":48,"key":"PowerPotion"}],"is_trial":false,"path_per_floor":["M","?","M","M","M","R","E","R","T","M","$","R","E","M","R","B",null,"M","M","?","M","?","R","?","T","T","R","$","M","R","E","R","B",null,"M","M","$","M","M","R","E","R","T","R","?","$","E","M","R","B"],"character_chosen":"THE_SILENT","items_purchased":["Caltrops","Oddly Smooth Stone","Regal Pillow","Dexterity Potion","TwistedFunnel","Block Potion"],"campfire_rested":5,"item_purchase_floors":[11,28,28,28,37,46],"current_hp_per_floor":[59,41,39,39,37,37,26,26,26,26,26,26,16,16,16,13,53,49,37,37,29,10,29,29,29,29,29,29,21,55,25,59,14,53,20,34,34,31,21,55,34,34,34,66,42,42,29,41,41,20],"gold":44,"neow_bonus":"RANDOM_COMMON_RELIC","is_prod":false,"is_daily":false,"chose_seed":false,"campfire_upgraded":7,"win_rate":0,"timestamp":1539893024,"path_taken":["M","?","?","M","M","R","E","R","T","M","$","R","E","M","R","BOSS","M","M","?","M","?","R","?","?","T","R","$","M","R","E","R","BOSS","M","M","$","?","M","R","E","R","T","R","?","$","E","M","R","BOSS"],"build_version":"2018-10-11","purchased_purges":2,"victory":true,"max_hp_per_floor":[66,66,66,66,66,66,66,66,66,66,66,66,66,66,66,66,66,66,66,66,66,66,66,66,66,66,66,66,66,66,66,66,66,66,66,66,66,66,66,66,66,66,66,66,66,66,66,66,66,66],"card_choices":[{"not_picked":["Flechettes","Underhanded Strike"],"picked":"Skewer","floor":1},{"not_picked":["Sucker Punch","Backflip"],"picked":"Deflect","floor":3},{"not_picked":["Prepared","Calculated Gamble"],"picked":"Sucker Punch","floor":4},{"not_picked":["Unload","Deadly Poison"],"picked":"Dagger Throw","floor":5},{"not_picked":["Blade Dance","Outmaneuver","Sucker Punch"],"picked":"SKIP","floor":7},{"not_picked":["Acrobatics","Heel Hook"],"picked":"Envenom","floor":10},{"not_picked":["Outmaneuver","Slice"],"picked":"Deflect","floor":13},{"not_picked":["Flying Knee","Dodge and Roll"],"picked":"Backstab","floor":14},{"not_picked":["Burst","Tools of the Trade"],"picked":"Venomology","floor":16},{"not_picked":["Tactician","Riddle With Holes"],"picked":"Deflect+1","floor":18},{"not_picked":["Deflect+1","Bouncing Flask"],"picked":"Backflip","floor":19},{"not_picked":["Slice","Blade Dance","Bane"],"picked":"SKIP","floor":21},{"not_picked":["Poisoned Stab","Skewer","Sucker Punch"],"picked":"SKIP","floor":29},{"not_picked":["Caltrops","Deflect"],"picked":"Backflip","floor":31},{"not_picked":["Bullet Time","Venomology"],"picked":"Corpse Explosion","floor":33},{"not_picked":["Underhanded Strike","Blade Dance"],"picked":"PiercingWail+1","floor":35},{"not_picked":["Leg Sweep+1","Blade Dance+1"],"picked":"Catalyst+1","floor":36},{"not_picked":["Quick Slash","All Out Attack+1","Riddle With Holes"],"picked":"SKIP","floor":38},{"not_picked":["Deflect","Endless Agony"],"picked":"Dagger Throw+1","floor":39},{"not_picked":["Prepared","Eviscerate"],"picked":"Cloak And Dagger","floor":41},{"not_picked":["Eviscerate","Tools of the Trade"],"picked":"Well Laid Plans","floor":47},{"not_picked":["Backflip","Prepared+1"],"picked":"Catalyst","floor":48}],"player_experience":1385629,"relics_obtained":[{"floor":7,"key":"Mummified Hand"},{"floor":9,"key":"Ornamental Fan"},{"floor":13,"key":"MawBank"},{"floor":25,"key":"Sundial"},{"floor":26,"key":"Dead Branch"},{"floor":31,"key":"Snake Skull"},{"floor":41,"key":"Incense Burner"},{"floor":43,"key":"Ancient Tea Set"},{"floor":45,"key":"Calipers"},{"floor":47,"key":"Meat on the Bone"}],"event_choices":[{"event_name":"Scrap Ooze","player_choice":"success","floor":2,"damage_taken":18},{"event_name":"The Library","player_choice":"Read","floor":20,"damage_taken":0},{"event_name":"Colosseum","player_choice":"Fight","floor":22,"damage_taken":0},{"event_name":"Colosseum","player_choice":"Fled From Nobs","floor":22,"damage_taken":0},{"event_name":"Ghosts","player_choice":"Ignored","floor":24,"damage_taken":0},{"event_name":"MindBloom","player_choice":"Fight","floor":45,"damage_taken":0}],"is_beta":false,"boss_relics":[{"not_picked":["Calling Bell","Runic Dome"],"picked":"Empty Cage"},{"not_picked":["Black Star","White Beast Statue"],"picked":"Ring of the Serpent"}],"items_purged_floors":[11,46],"is_endless":false,"potions_floor_spawned":[1,5,7,13,14,18,22,31,35,39,41,45,47,48],"ascension_level":15}