{"gold_per_floor":[115,125,138,150,150,150,49,80,105,105,131,149,149,149,149,222,222,235,0,16,34,34,34,49,78,105,105,105,105],"floor_reached":29,"playtime":949,"items_purged":["Strike_G"],"score":656,"play_id":"383120f0-5935-496a-9960-bcb59a4779f8","local_time":"20181213190557","is_ascension_mode":true,"campfire_choices":[{"data":"Neutralize","floor":6.0,"key":"SMITH"},{"data":"Deadly Poison","floor":10.0,"key":"SMITH"},{"data":"Catalyst","floor":13.0,"key":"SMITH"},{"data":"Outmaneuver","floor":15.0,"key":"SMITH"},{"data":"Prepared","floor":23.0,"key":"SMITH"},{"data":"Corpse Explosion","floor":27.0,"key":"SMITH"}],"neow_cost":"NONE","seed_source_timestamp":1982245400000,"circlet_count":0,"master_deck":["AscendersBane","Defend_G","Defend_G","Defend_G","Defend_G","Defend_G","Strike_G","Strike_G","Strike_G","Strike_G","Survivor","Neutralize+1","Cloak And Dagger","Flying Knee","Outmaneuver+1","Bouncing Flask+1","Deadly Poison+1","Grand Finale","Catalyst+1","Corpse Explosion+1","Tactician+1","Prepared+1","Backflip+1","Blur+1"],"special_seed":0,"relics":["Runic Pyramid","Art of War","PreservedInsect","Oddly Smooth Stone","Coffee Dripper","Ornamental Fan","Blood Vial"],"potions_floor_usage":[],"damage_taken":[{"damage":4.0,"enemies":"Small Slimes","floor":1.0,"turns":7.0},{"damage":0.0,"enemies":"Cultist","floor":2.0,"turns":4.0},{"damage":1.0,"enemies":"Jaw Worm","floor":3.0,"turns":4.0},{"damage":12.0,"enemies":"3 Louse","floor":4.0,"turns":5.0},{"damage":6.0,"enemies":"Gremlin Nob","floor":8.0,"turns":5.0},{"damage":0.0,"enemies":"Lagavulin","floor":11.0,"turns":6.0},{"damage":13.0,"enemies":"Exordium Thugs","floor":12.0,"turns":5.0},{"damage":0.0,"enemies":"The Guardian","floor":16.0,"turns":7.0},{"damage":25.0,"enemies":"2 Thieves","floor":18.0,"turns":3.0},{"damage":11.0,"enemies":"3 Byrds","floor":20.0,"turns":3.0},{"damage":12.0,"enemies":"Snecko","floor":21.0,"turns":5.0},{"damage":0.0,"enemies":"Chosen and Byrds","floor":24.0,"turns":5.0},{"damage":9.0,"enemies":"Slavers","floor":25.0,"turns":3.0},{"damage":6,"enemies":"3 Cultists","floor":29,"turns":4}],"seed_played":"-6607456767099393054","potions_obtained":[{"floor":1.0,"key":"Regen Potion"},{"floor":3.0,"key":"PowerPotion"},{"floor":8.0,"key":"Regen Potion"},{"floor":12.0,"key":"Dexterity Potion"},{"floor":20.0,"key":"Fire Potion"},{"floor":21.0,"key":"EssenceOfSteel"}],"is_trial":false,"path_per_floor":["M","M","M","M","?","R","$","E","T","R","E","M","R","?","R","B",null,"M","?","M","M","?","R","M","E","T","R","?","M"],"character_chosen":"THE_SILENT","items_purchased":["Deadly Poison"],"campfire_rested":0,"item_purchase_floors":[7],"current_hp_per_floor":[55,55,54,42,42,42,42,51,51,51,51,38,38,38,38,38,59,34,34,35,23,23,23,23,14,14,14,14,10],"gold":105,"neow_bonus":"BOSS_RELIC","is_prod":false,"is_daily":false,"chose_seed":false,"campfire_upgraded":6,"win_rate":0,"timestamp":1544699157,"path_taken":["M","M","M","M","?","R","?","E","T","R","E","M","R","?","R","BOSS","M","?","M","M","?","R","M","E","T","R","?","M"],"build_version":"2018-12-06","purchased_purges":1,"victory":false,"max_hp_per_floor":[66,66,66,66,66,66,66,66,66,66,66,66,66,66,66,66,66,66,66,66,66,66,66,66,66,66,66,66,66],"card_choices":[{"not_picked":["Skewer","Slice"],"picked":"Cloak And Dagger","floor":1.0},{"not_picked":["Dagger Spray","Cloak And Dagger","Flying Knee"],"picked":"SKIP","floor":2.0},{"not_picked":["Dagger Spray","Cloak And Dagger"],"picked":"Flying Knee","floor":2.0},{"not_picked":["Distraction","Flying Knee"],"picked":"Outmaneuver","floor":3.0},{"not_picked":["After Image","Infinite Blades"],"picked":"Bouncing Flask","floor":4.0},{"not_picked":["Eviscerate","Poisoned Stab","Dagger Spray"],"picked":"SKIP","floor":8.0},{"not_picked":["Dodge and Roll","Blur"],"picked":"Grand Finale","floor":11.0},{"not_picked":["Poisoned Stab","Dagger Throw"],"picked":"Catalyst","floor":12.0},{"not_picked":["Grand Finale","Adrenaline"],"picked":"Corpse Explosion","floor":16.0},{"not_picked":["Prepared+1","Bane"],"picked":"Tactician+1","floor":18.0},{"not_picked":["Prepared","Poisoned Stab+1","Eviscerate"],"picked":"SKIP","floor":20.0},{"not_picked":["Poisoned Stab+1","Eviscerate"],"picked":"Prepared","floor":20.0},{"not_picked":["Footwork","Flying Knee+1"],"picked":"Backflip+1","floor":21.0},{"not_picked":["Prepared","Backflip","Bane"],"picked":"SKIP","floor":24.0},{"not_picked":["Setup","Skewer+1"],"picked":"Blur+1","floor":25.0}],"player_experience":2376835,"relics_obtained":[{"floor":8.0,"key":"Art of War"},{"floor":9.0,"key":"PreservedInsect"},{"floor":11.0,"key":"Oddly Smooth Stone"},{"floor":25.0,"key":"Ornamental Fan"},{"floor":26.0,"key":"Blood Vial"}],"event_choices":[{"damage_healed":0.0,"max_hp_gain":0.0,"max_hp_loss":0.0,"gold_gain":0.0,"event_name":"Upgrade Shrine","player_choice":"Upgraded","floor":5.0,"gold_loss":0.0,"damage_taken":0.0,"cards_upgraded":["Bouncing Flask"]},{"damage_healed":0.0,"max_hp_gain":0.0,"max_hp_loss":0.0,"gold_gain":0.0,"event_name":"Liars Game","player_choice":"Ignored","floor":14.0,"gold_loss":0.0,"damage_taken":0.0},{"damage_healed":0.0,"max_hp_gain":0.0,"max_hp_loss":0.0,"gold_gain":0.0,"event_name":"Masked Bandits","player_choice":"Paid Fearfully","floor":19.0,"gold_loss":235.0,"damage_taken":0.0},{"damage_healed":0.0,"max_hp_gain":0.0,"max_hp_loss":0.0,"gold_gain":0.0,"event_name":"Cursed Tome","player_choice":"Ignored","floor":22.0,"gold_loss":0.0,"damage_taken":0.0},{"damage_healed":0.0,"max_hp_gain":0.0,"max_hp_loss":0.0,"gold_gain":0.0,"event_name":"N\u0027loth","player_choice":"Ignored","floor":28.0,"gold_loss":0.0,"damage_taken":0.0}],"is_beta":false,"boss_relics":[{"not_picked":["Eternal Feather","White Beast Statue"],"picked":"Coffee Dripper"}],"items_purged_floors":[7],"is_endless":false,"potions_floor_spawned":[1,3,8,12,20,21],"killed_by":"3 Cultists","ascension_level":20}