{"gold_per_floor":[114,39,39,39,50,77,77,105,135,135,160,193,207,233,233,307,307,322,322,335,345,345,370,390,423,494,494,513,513,547,579,579,652,652,666,419,432,432,460,460,485,501,501,836,854,887,887,907,907,907,907,907,907,35,68,68],"floor_reached":56,"playtime":2752,"items_purged":[],"score":2587,"play_id":"5b9b53ed-39e3-4043-ae32-9ff91fbd8be1","local_time":"20190104133202","daily_mods":["SealedDeck","DeadlyEvents","Elite Swarm"],"is_ascension_mode":true,"campfire_choices":[{"data":"Electrodynamics","floor":7.0,"key":"SMITH"},{"data":"Capacitor","floor":10.0,"key":"SMITH"},{"data":"Biased Cognition","floor":15.0,"key":"SMITH"},{"data":"Fission","floor":27.0,"key":"SMITH"},{"data":"Consume","floor":29.0,"key":"SMITH"},{"data":"Echo Form","floor":32.0,"key":"SMITH"},{"data":"Buffer","floor":40.0,"key":"SMITH"},{"floor":47.0,"key":"RECALL"},{"data":"Biased Cognition","floor":49.0,"key":"SMITH"},{"floor":53.0,"key":"REST"}],"neow_cost":"","seed_source_timestamp":0,"circlet_count":0,"master_deck":["AscendersBane","Conserve Battery","Coolheaded","BootSequence","Conserve Battery","Doom and Gloom","Sweeping Beam+1","Capacitor+1","Compile Driver","Go for the Eyes+1","Cold Snap+1","Chill","Electrodynamics+1","Rainbow","Biased Cognition+1","Buffer+1","Echo Form+1","Fission+1","Core Surge+1","Consume+1","Core Surge+1","Biased Cognition+1","Glacier","Blizzard+1","Parasite","Compile Driver+1","Echo Form","Static Discharge"],"special_seed":0,"relics":["Cracked Core","Shuriken","Bag of Preparation","Tiny Chest","Smiling Mask","Question Card","Torii","Inserter","Molten Egg 2","Bronze Scales","Letter Opener","Bottled Flame","Art of War","Runic Dome","Whetstone","Unceasing Top","Oddly Smooth Stone","Bottled Tornado","Old Coin","Potion Belt","Cables","StoneCalendar","Thread and Needle"],"potions_floor_usage":[56,56,56],"damage_taken":[{"damage":0.0,"enemies":"Small Slimes","floor":1.0,"turns":2.0},{"damage":0.0,"enemies":"Cultist","floor":5.0,"turns":3.0},{"damage":0.0,"enemies":"Lagavulin","floor":6.0,"turns":8.0},{"damage":4.0,"enemies":"Gremlin Nob","floor":8.0,"turns":4.0},{"damage":3.0,"enemies":"3 Sentries","floor":11.0,"turns":3.0},{"damage":0.0,"enemies":"Gremlin Nob","floor":12.0,"turns":3.0},{"damage":0.0,"enemies":"Jaw Worm","floor":13.0,"turns":3.0},{"damage":0.0,"enemies":"3 Sentries","floor":14.0,"turns":5.0},{"damage":5.0,"enemies":"Hexaghost","floor":16.0,"turns":6.0},{"damage":0.0,"enemies":"2 Thieves","floor":18.0,"turns":2.0},{"damage":1.0,"enemies":"Shell Parasite","floor":20.0,"turns":6.0},{"damage":0.0,"enemies":"3 Cultists","floor":21.0,"turns":3.0},{"damage":6.0,"enemies":"Gremlin Leader","floor":23.0,"turns":4.0},{"damage":0.0,"enemies":"Snecko","floor":24.0,"turns":5.0},{"damage":0.0,"enemies":"Slavers","floor":25.0,"turns":4.0},{"damage":0.0,"enemies":"Sentry and Sphere","floor":28.0,"turns":4.0},{"damage":7.0,"enemies":"Gremlin Leader","floor":30.0,"turns":4.0},{"damage":22.0,"enemies":"Slavers","floor":31.0,"turns":2.0},{"damage":9.0,"enemies":"Automaton","floor":33.0,"turns":8.0},{"damage":0.0,"enemies":"3 Shapes","floor":35.0,"turns":3.0},{"damage":0.0,"enemies":"3 Darklings","floor":37.0,"turns":2.0},{"damage":0.0,"enemies":"Reptomancer","floor":39.0,"turns":6.0},{"damage":8.0,"enemies":"Nemesis","floor":41.0,"turns":9.0},{"damage":0.0,"enemies":"Jaw Worm Horde","floor":42.0,"turns":2.0},{"damage":0.0,"enemies":"Giant Head","floor":44.0,"turns":9.0},{"damage":0.0,"enemies":"Writhing Mass","floor":45.0,"turns":5.0},{"damage":0.0,"enemies":"Nemesis","floor":46.0,"turns":5.0},{"damage":0.0,"enemies":"3 Darklings","floor":48.0,"turns":2.0},{"damage":0.0,"enemies":"Donu and Deca","floor":50.0,"turns":6.0},{"damage":61.0,"enemies":"Awakened One","floor":51.0,"turns":11.0},{"damage":43.0,"enemies":"Shield and Spear","floor":55.0,"turns":5.0},{"damage":38,"enemies":"The Heart","floor":56,"turns":5}],"seed_played":"5492735009480455471","potions_obtained":[{"floor":6.0,"key":"FairyPotion"},{"floor":8.0,"key":"EssenceOfSteel"},{"floor":12.0,"key":"Regen Potion"},{"floor":16.0,"key":"Block Potion"},{"floor":21.0,"key":"PowerPotion"},{"floor":25.0,"key":"AttackPotion"},{"floor":31.0,"key":"Fire Potion"},{"floor":48.0,"key":"Regen Potion"}],"is_trial":true,"path_per_floor":["M","$","?","?","M","E","R","E","T","R","E","E","M","E","R","B",null,"M","T","M","M","?","E","M","E","T","R","M","R","E","E","R","B",null,"M","$","M","$","E","R","E","M","T","E","M","E","R","M","R","B","B",null,"R","$","E","B"],"character_chosen":"DEFECT","items_purchased":["Chill","Ancient Potion","Whetstone","Cables","SkillPotion","Weak Potion","EssenceOfSteel","Static Discharge","StoneCalendar"],"campfire_rested":1,"item_purchase_floors":[2,36,36,54,54,54,54,54,54],"current_hp_per_floor":[64,64,64,64,64,64,64,60,60,60,57,57,57,57,57,52,66,66,66,65,65,81,75,75,75,75,75,75,75,68,46,46,37,70,70,70,70,70,70,70,62,62,62,62,62,74,74,74,74,74,28,68,81,81,38,0],"gold":68,"neow_bonus":"","is_prod":false,"is_daily":false,"chose_seed":false,"campfire_upgraded":8,"win_rate":0,"timestamp":1546637522,"path_taken":["M","$","?","?","?","E","R","E","T","R","E","?","M","E","R","BOSS","M","?","M","M","?","E","M","E","T","R","M","R","E","?","R","BOSS","M","$","?","$","?","R","E","M","T","E","M","E","R","M","R","BOSS","BOSS","R","$","E","BOSS"],"build_version":"2019-01-03v4","purchased_purges":0,"victory":false,"max_hp_per_floor":[71,71,71,71,71,71,71,71,71,71,71,71,71,71,71,71,71,71,71,71,71,81,81,81,81,81,81,81,81,81,81,81,81,81,81,81,81,81,81,81,81,81,81,81,81,81,81,81,81,81,81,81,81,81,81,81],"card_choices":[{"not_picked":["Turbo","Lockon","Rebound"],"picked":"SKIP","floor":1.0},{"not_picked":["Redo","Storm","Beam Cell"],"picked":"SKIP","floor":5.0},{"not_picked":["Rainbow","Core Surge"],"picked":"Electrodynamics","floor":6.0},{"not_picked":["Thunder Strike","Machine Learning"],"picked":"Rainbow","floor":8.0},{"not_picked":["Rainbow","Hyperbeam"],"picked":"Biased Cognition","floor":11.0},{"not_picked":["Rainbow","Amplify"],"picked":"Buffer","floor":12.0},{"not_picked":["Rebound","Sweeping Beam","Streamline","Reprogram"],"picked":"SKIP","floor":13.0},{"not_picked":["Creative AI","All For One","Seek"],"picked":"Echo Form","floor":14.0},{"not_picked":["Rainbow","Echo Form","Buffer"],"picked":"Biased Cognition","floor":16.0},{"not_picked":["Turbo","Self Repair","Scrape","Sweeping Beam"],"picked":"SKIP","floor":18.0},{"not_picked":["Sunder+1","Hologram","Coolheaded","Steam Power"],"picked":"SKIP","floor":20.0},{"not_picked":["Turbo","Force Field","Hologram+1","Conserve Battery+1"],"picked":"SKIP","floor":21.0},{"not_picked":["Turbo","Force Field","Hologram+1","Conserve Battery+1"],"picked":"SKIP","floor":21.0},{"not_picked":["Biased Cognition","All For One+1","Electrodynamics"],"picked":"Fission","floor":23.0},{"not_picked":["Barrage+1","Leap","Chaos","Rip and Tear+1"],"picked":"SKIP","floor":24.0},{"not_picked":["Machine Learning","Amplify","Echo Form"],"picked":"Core Surge+1","floor":25.0},{"not_picked":["Storm","Ball Lightning+1","Conserve Battery"],"picked":"Consume","floor":28.0},{"not_picked":["All For One+1","Thunder Strike+1","Echo Form"],"picked":"Core Surge+1","floor":30.0},{"not_picked":["Thunder Strike+1","Machine Learning","Fission","Core Surge+1"],"picked":"SKIP","floor":31.0},{"not_picked":["Fission","Core Surge+1","Reboot"],"picked":"Biased Cognition","floor":33.0},{"not_picked":["Capacitor","Barrage+1","Heatsinks","Turbo"],"picked":"SKIP","floor":35.0},{"not_picked":["Conserve Battery","Static Discharge","Steam"],"picked":"Glacier","floor":37.0},{"not_picked":["Hyperbeam+1","Meteor Strike+1","Biased Cognition","Multi-Cast"],"picked":"SKIP","floor":39.0},{"not_picked":["Electrodynamics","Fission","Amplify","Echo Form"],"picked":"SKIP","floor":41.0},{"not_picked":["Electrodynamics","Fission","Amplify","Echo Form"],"picked":"SKIP","floor":41.0},{"not_picked":["Ball Lightning+1","Self Repair","Conserve Battery"],"picked":"Blizzard+1","floor":42.0},{"not_picked":["Multi-Cast","Creative AI","Core Surge+1","All For One+1"],"picked":"SKIP","floor":44.0},{"not_picked":["BootSequence+1","Rebound+1","Genetic Algorithm"],"picked":"Compile Driver+1","floor":45.0},{"not_picked":["Electrodynamics","All For One+1","Rainbow"],"picked":"Echo Form","floor":46.0},{"not_picked":["Ball Lightning+1","Self Repair","Streamline+1","Beam Cell+1"],"picked":"SKIP","floor":48.0},{"not_picked":["Reboot","Buffer","Hyperbeam+1","All For One+1"],"picked":"SKIP","floor":55.0}],"player_experience":1951637,"relics_obtained":[{"floor":6.0,"key":"Shuriken"},{"floor":8.0,"key":"Bag of Preparation"},{"floor":9.0,"key":"Tiny Chest"},{"floor":11.0,"key":"Smiling Mask"},{"floor":12.0,"key":"Question Card"},{"floor":14.0,"key":"Torii"},{"floor":19.0,"key":"Molten Egg 2"},{"floor":23.0,"key":"Bronze Scales"},{"floor":25.0,"key":"Letter Opener"},{"floor":30.0,"key":"Bottled Flame"},{"floor":31.0,"key":"Art of War"},{"floor":39.0,"key":"Unceasing Top"},{"floor":41.0,"key":"Oddly Smooth Stone"},{"floor":43.0,"key":"Bottled Tornado"},{"floor":44.0,"key":"Old Coin"},{"floor":46.0,"key":"Potion Belt"},{"floor":55.0,"key":"Thread and Needle"}],"event_choices":[{"damage_healed":0.0,"max_hp_gain":0.0,"max_hp_loss":0.0,"gold_gain":0.0,"event_name":"Living Wall","player_choice":"Grow","floor":3.0,"gold_loss":0.0,"damage_taken":0.0,"cards_upgraded":["Go for the Eyes"]},{"damage_healed":0.0,"max_hp_gain":0.0,"max_hp_loss":0.0,"gold_gain":0.0,"event_name":"Purifier","player_choice":"Ignored","floor":4.0,"gold_loss":0.0,"damage_taken":0.0},{"cards_removed":["Biased Cognition"],"damage_healed":6.0,"max_hp_gain":10.0,"max_hp_loss":0.0,"gold_gain":0.0,"event_name":"Bonfire Elementals","player_choice":"Offered Rare","floor":22.0,"gold_loss":0.0,"damage_taken":0.0}],"is_beta":false,"boss_relics":[{"not_picked":["Astrolabe","Fusion Hammer"],"picked":"Inserter"},{"not_picked":["Orrery","Black Star"],"picked":"Runic Dome"}],"items_purged_floors":[],"is_endless":false,"potions_floor_spawned":[6,8,12,16,21,25,28,31,33,37,39,45,48],"killed_by":"The Heart","ascension_level":20}