{"gold_per_floor":[112,112,112,125,137,167,167,342,342,18,28,28,42,60,60,160,160,177,227,105,125,4,4,23,34,59,59,69,69,80,80],"floor_reached":31,"playtime":1408,"items_purged":["Doubt"],"score":542,"play_id":"ecdaf180-3b7d-481c-9d4c-e0ec45262a8c","local_time":"20181229050351","is_ascension_mode":true,"campfire_choices":[{"data":"Zap","floor":7.0,"key":"SMITH"},{"floor":12.0,"key":"REST"},{"floor":15.0,"key":"REST"},{"floor":23.0,"key":"DIG"},{"floor":27.0,"key":"REST"}],"neow_cost":"NONE","seed_source_timestamp":0,"circlet_count":0,"master_deck":["AscendersBane","Strike_B","Strike_B","Strike_B","Defend_B","Defend_B","Defend_B","Zap+1","Dualcast","Purity","Leap","Rebound","Darkness","Coolheaded","FTL","Rip and Tear","Capacitor","Chaos","Leap","Multi-Cast","Loop+1","Hologram","Streamline+1","Self Repair","Conserve Battery","Consume","Steam","Conserve Battery","Self Repair"],"special_seed":0,"relics":["Cracked Core","Thread and Needle","Emotion Chip","Shovel","Sozu","Ancient Tea Set","Smiling Mask","GremlinMask"],"potions_floor_usage":[],"damage_taken":[{"damage":5.0,"enemies":"Cultist","floor":1.0,"turns":4.0},{"damage":3.0,"enemies":"Jaw Worm","floor":4.0,"turns":3.0},{"damage":0.0,"enemies":"2 Louse","floor":5.0,"turns":2.0},{"damage":20.0,"enemies":"Gremlin Nob","floor":6.0,"turns":4.0},{"damage":11.0,"enemies":"Gremlin Gang","floor":11.0,"turns":4.0},{"damage":6.0,"enemies":"Blue Slaver","floor":13.0,"turns":3.0},{"damage":19.0,"enemies":"Lots of Slimes","floor":14.0,"turns":4.0},{"damage":47.0,"enemies":"Slime Boss","floor":16.0,"turns":8.0},{"damage":3.0,"enemies":"Chosen","floor":18.0,"turns":4.0},{"damage":12.0,"enemies":"2 Thieves","floor":21.0,"turns":3.0},{"damage":14.0,"enemies":"Chosen and Byrds","floor":24.0,"turns":5.0},{"damage":29.0,"enemies":"Snecko","floor":25.0,"turns":7.0},{"damage":29.0,"enemies":"Shelled Parasite and Fungi","floor":28.0,"turns":7.0},{"damage":1.0,"enemies":"Snake Plant","floor":30.0,"turns":3.0},{"damage":26,"enemies":"Sentry and Sphere","floor":31,"turns":3}],"seed_played":"5522432516985928995","potions_obtained":[{"floor":4.0,"key":"SpeedPotion"},{"floor":5.0,"key":"Strength Potion"},{"floor":11.0,"key":"EssenceOfSteel"},{"floor":16.0,"key":"Energy Potion"}],"is_trial":false,"path_per_floor":["M","?","?","M","M","R","?","T","$","M","R","M","M","R","B",null,"M","?","$","M","$","R","M","M","T","R","M","?"],"character_chosen":"DEFECT","items_purchased":["Shovel","Rip and Tear","Hologram","Self Repair","Conserve Battery"],"campfire_rested":3,"item_purchase_floors":[10,10,20,22,22],"current_hp_per_floor":[63,63,63,60,60,40,40,40,40,40,29,51,45,26,48,1,57,54,54,54,42,42,42,35,13,13,35,13,13,19,0],"gold":80,"neow_bonus":"RANDOM_COLORLESS","is_prod":false,"is_daily":false,"chose_seed":false,"campfire_upgraded":1,"win_rate":0,"timestamp":1546056231,"path_taken":["M","?","?","M","?","E","R","?","T","$","M","R","M","M","R","BOSS","M","?","$","M","?","R","?","M","T","R","M","?","?","M"],"build_version":"2018-12-25","purchased_purges":1,"victory":false,"max_hp_per_floor":[75,75,75,75,75,75,75,75,75,75,75,75,75,75,75,75,75,75,75,75,75,75,75,75,75,75,75,75,75,75,75],"card_choices":[{"not_picked":["Stack","Steam"],"picked":"Leap","floor":1.0},{"not_picked":["Redo","Steam"],"picked":"Darkness","floor":4.0},{"not_picked":["Compile Driver","Streamline"],"picked":"Coolheaded","floor":5.0},{"not_picked":["Stack","Aggregate"],"picked":"FTL","floor":6.0},{"not_picked":["Compile Driver","Melter"],"picked":"Capacitor","floor":11.0},{"not_picked":["Steam Power","Coolheaded"],"picked":"Chaos","floor":13.0},{"not_picked":["Compile Driver","Storm"],"picked":"Leap","floor":14.0},{"not_picked":["Seek","Amplify"],"picked":"Multi-Cast","floor":16.0},{"not_picked":["Rebound","Turbo+1"],"picked":"Loop+1","floor":18.0},{"not_picked":["Steam","Beam Cell"],"picked":"Streamline+1","floor":21.0},{"not_picked":["Go for the Eyes","Gash"],"picked":"Consume","floor":24.0},{"not_picked":["Cold Snap","Gash"],"picked":"Steam","floor":25.0},{"not_picked":["Gash","Rip and Tear+1"],"picked":"Conserve Battery","floor":28.0},{"not_picked":["Heatsinks","Ball Lightning"],"picked":"Self Repair","floor":30.0}],"player_experience":329805,"relics_obtained":[{"floor":6.0,"key":"Thread and Needle"},{"floor":9.0,"key":"Emotion Chip"},{"floor":23.0,"key":"Ancient Tea Set"},{"floor":26.0,"key":"Smiling Mask"}],"event_choices":[{"damage_healed":0.0,"max_hp_gain":0.0,"max_hp_loss":0.0,"gold_gain":0.0,"cards_transformed":["Strike_B"],"event_name":"Living Wall","player_choice":"Change","floor":2.0,"gold_loss":0.0,"damage_taken":0.0,"cards_obtained":["Rebound"]},{"cards_removed":["Defend_B"],"damage_healed":0.0,"max_hp_gain":0.0,"max_hp_loss":0.0,"gold_gain":0.0,"event_name":"Purifier","player_choice":"Purged","floor":3.0,"gold_loss":0.0,"damage_taken":0.0},{"damage_healed":0.0,"max_hp_gain":0.0,"max_hp_loss":0.0,"gold_gain":175.0,"event_name":"Liars Game","player_choice":"AGREE","floor":8.0,"gold_loss":0.0,"damage_taken":0.0,"cards_obtained":["Doubt"]},{"damage_healed":0.0,"max_hp_gain":0.0,"max_hp_loss":0.0,"gold_gain":100.0,"event_name":"The Joust","player_choice":"Bet on Murderer","floor":19.0,"gold_loss":50.0,"damage_taken":0.0},{"damage_healed":0.0,"max_hp_gain":0.0,"max_hp_loss":0.0,"gold_gain":0.0,"event_name":"FaceTrader","player_choice":"Trade","floor":29.0,"gold_loss":0.0,"damage_taken":0.0,"relics_obtained":["GremlinMask"]}],"is_beta":true,"boss_relics":[{"not_picked":["Runic Pyramid","Tiny House"],"picked":"Sozu"}],"items_purged_floors":[20],"is_endless":false,"potions_floor_spawned":[4,5,11,16,25,28],"killed_by":"Sentry and Sphere","ascension_level":12}