{"gold_per_floor":[114,125,275,285,285,285,297,326,371,435,455,489,499,514,514,590,590,606,606,656,656,253,253,286,286,286,319,331,345,345,359,359,432,432,445,445,80,98,113,113,123,123,149,149,169,81,97,117,117,117],"floor_reached":50,"playtime":2084,"items_purged":["Writhe"],"score":954,"play_id":"d05f63a6-376b-4c26-a078-4bba62e3aee6","local_time":"20181102143927","is_ascension_mode":true,"campfire_choices":[{"data":"Bash","floor":6.0,"key":"SMITH"},{"floor":15.0,"key":"REST"},{"data":"Armaments","floor":23.0,"key":"SMITH"},{"data":"Spot Weakness","floor":25.0,"key":"SMITH"},{"data":"True Grit","floor":30.0,"key":"SMITH"},{"data":"Shrug It Off","floor":32.0,"key":"SMITH"},{"data":"Inflame","floor":40.0,"key":"SMITH"},{"floor":42.0,"key":"REST"},{"data":"Pommel Strike","floor":49.0,"key":"SMITH"}],"neow_cost":"NONE","seed_source_timestamp":97655533273821,"circlet_count":0,"master_deck":["AscendersBane","Defend_R+1","Defend_R+1","Defend_R+1","Defend_R+1","Bash+1","Purity","Pommel Strike","Iron Wave","Pommel Strike+1","Twin Strike","Inflame+1","Reaper","Shrug It Off+1","Armaments+1","Spot Weakness+1","True Grit+1","Bite","Bite","Bite","Bite","Bite","Shrug It Off+1","Intimidate+1","Twin Strike+1","Pommel Strike+1","Limit Break+1","Warcry+1","Shrug It Off+1","Heavy Blade+1","Warcry+1","Uppercut+1","True Grit+1","Heavy Blade+1"],"special_seed":0,"relics":["Black Blood","Gremlin Horn","Lantern","Tiny Chest","Darkstone Periapt","Runic Dome","Vajra","Ornamental Fan","Molten Egg 2","Magic Flower","Toxic Egg 2","Bottled Tornado","Blood Vial","Dead Branch"],"potions_floor_usage":[50,50],"damage_taken":[{"damage":10.0,"enemies":"2 Louse","floor":1.0,"turns":3.0},{"damage":9.0,"enemies":"Jaw Worm","floor":2.0,"turns":4.0},{"damage":9.0,"enemies":"Cultist","floor":4.0,"turns":5.0},{"damage":16.0,"enemies":"Large Slime","floor":7.0,"turns":7.0},{"damage":5.0,"enemies":"3 Sentries","floor":8.0,"turns":4.0},{"damage":22.0,"enemies":"Lagavulin","floor":10.0,"turns":8.0},{"damage":5.0,"enemies":"Gremlin Gang","floor":11.0,"turns":7.0},{"damage":29.0,"enemies":"Gremlin Nob","floor":12.0,"turns":5.0},{"damage":4.0,"enemies":"Looter","floor":13.0,"turns":3.0},{"damage":14.0,"enemies":"Exordium Thugs","floor":14.0,"turns":5.0},{"damage":60.0,"enemies":"Slime Boss","floor":16.0,"turns":11.0},{"damage":26.0,"enemies":"2 Thieves","floor":18.0,"turns":5.0},{"damage":26.0,"enemies":"Book of Stabbing","floor":24.0,"turns":6.0},{"damage":36.0,"enemies":"Gremlin Leader","floor":27.0,"turns":9.0},{"damage":0.0,"enemies":"Chosen","floor":28.0,"turns":3.0},{"damage":7.0,"enemies":"Centurion and Healer","floor":29.0,"turns":6.0},{"damage":10.0,"enemies":"Snecko","floor":31.0,"turns":4.0},{"damage":89.0,"enemies":"Automaton","floor":33.0,"turns":9.0},{"damage":34.0,"enemies":"3 Shapes","floor":35.0,"turns":8.0},{"damage":17.0,"enemies":"3 Darklings","floor":38.0,"turns":4.0},{"damage":72.0,"enemies":"Maw","floor":39.0,"turns":9.0},{"damage":12.0,"enemies":"Spire Growth","floor":41.0,"turns":3.0},{"damage":16.0,"enemies":"Transient","floor":45.0,"turns":5.0},{"damage":0.0,"enemies":"Maw","floor":47.0,"turns":5.0},{"damage":35.0,"enemies":"Jaw Worm Horde","floor":48.0,"turns":4.0},{"damage":73,"enemies":"Awakened One","floor":50,"turns":8}],"seed_played":"4072992010028492777","potions_obtained":[{"floor":1.0,"key":"AttackPotion"},{"floor":4.0,"key":"Weak Potion"},{"floor":8.0,"key":"Fire Potion"},{"floor":14.0,"key":"Poison Potion"},{"floor":16.0,"key":"GamblersBrew"},{"floor":18.0,"key":"Energy Potion"},{"floor":31.0,"key":"Strength Potion"},{"floor":41.0,"key":"SkillPotion"}],"is_trial":false,"path_per_floor":["M","M","?","M","?","R","M","E","T","E","M","E","M","M","R","B",null,"M","?","?","?","$","R","E","R","T","E","M","M","R","M","R","B",null,"M","?","$","M","M","R","M","R","T","T","M","$","M","M","R","B"],"character_chosen":"IRONCLAD","items_purchased":["Vajra","Ornamental Fan","Swift Potion","Bottled Tornado","Uppercut+1","Strength Potion"],"campfire_rested":2,"item_purchase_floors":[22,22,37,37,46,46],"current_hp_per_floor":[64,61,61,58,58,58,48,49,49,33,40,17,25,21,43,7,58,47,47,47,47,47,47,37,37,37,52,52,52,52,52,52,13,42,43,58,58,58,32,32,38,55,55,55,58,58,58,58,58,0],"gold":117,"neow_bonus":"RANDOM_COLORLESS","is_prod":false,"is_daily":false,"chose_seed":false,"campfire_upgraded":7,"win_rate":0,"timestamp":1541194767,"path_taken":["M","M","?","M","?","R","M","E","T","E","M","E","M","M","R","BOSS","M","?","?","?","$","R","E","R","T","E","M","M","R","M","R","BOSS","M","?","$","M","M","R","M","R","T","?","M","$","M","M","R","BOSS"],"build_version":"2018-11-01","purchased_purges":1,"victory":false,"max_hp_per_floor":[75,75,75,75,75,75,75,75,75,75,75,75,75,75,75,75,75,75,52,52,52,52,52,52,52,52,52,52,52,52,52,52,52,52,52,58,58,58,58,58,58,58,58,58,58,58,58,58,58,58],"card_choices":[{"not_picked":["True Grit","Sword Boomerang"],"picked":"Pommel Strike","floor":1.0},{"not_picked":["Sever Soul","Headbutt"],"picked":"Iron Wave","floor":2.0},{"not_picked":["Iron Wave","Clash"],"picked":"Pommel Strike","floor":4.0},{"not_picked":["Blood for Blood","Warcry"],"picked":"Twin Strike","floor":7.0},{"not_picked":["Wild Strike","Battle Trance"],"picked":"Inflame","floor":8.0},{"not_picked":["Ghostly Armor","Armaments"],"picked":"Reaper","floor":10.0},{"not_picked":["Sentinel","Carnage"],"picked":"Shrug It Off","floor":11.0},{"not_picked":["Rupture","Rampage","Combust"],"picked":"SKIP","floor":12.0},{"not_picked":["Wild Strike","Body Slam"],"picked":"Armaments","floor":13.0},{"not_picked":["Cleave","Armaments"],"picked":"Spot Weakness","floor":14.0},{"not_picked":["Heavy Blade+1","Headbutt"],"picked":"True Grit","floor":18.0},{"not_picked":["Cleave","Twin Strike","Havoc"],"picked":"SKIP","floor":24.0},{"not_picked":["Seeing Red+1","Sentinel"],"picked":"Shrug It Off","floor":27.0},{"not_picked":["Havoc+1","Dropkick+1"],"picked":"Intimidate+1","floor":28.0},{"not_picked":["Demon Form","Perfected Strike+1"],"picked":"Twin Strike+1","floor":29.0},{"not_picked":["Thunderclap+1","Sword Boomerang+1"],"picked":"Pommel Strike+1","floor":31.0},{"not_picked":["Berserk","Demon Form"],"picked":"Limit Break+1","floor":33.0},{"not_picked":["Metallicize","Armaments+1"],"picked":"Warcry+1","floor":35.0},{"not_picked":["Headbutt+1","Warcry+1"],"picked":"Shrug It Off+1","floor":38.0},{"not_picked":["Headbutt+1","Havoc+1"],"picked":"Heavy Blade+1","floor":39.0},{"not_picked":["Flex+1","Carnage+1"],"picked":"Warcry+1","floor":41.0},{"not_picked":["Rage+1","Perfected Strike+1","Rupture"],"picked":"SKIP","floor":45.0},{"not_picked":["Sword Boomerang+1","Sentinel+1"],"picked":"True Grit+1","floor":47.0},{"not_picked":["Dropkick+1","Rupture"],"picked":"Heavy Blade+1","floor":48.0}],"player_experience":1564670,"relics_obtained":[{"floor":8.0,"key":"Gremlin Horn"},{"floor":9.0,"key":"Lantern"},{"floor":10.0,"key":"Tiny Chest"},{"floor":12.0,"key":"Darkstone Periapt"},{"floor":24.0,"key":"Molten Egg 2"},{"floor":26.0,"key":"Magic Flower"},{"floor":27.0,"key":"Toxic Egg 2"},{"floor":43.0,"key":"Blood Vial"},{"floor":44.0,"key":"Dead Branch"}],"event_choices":[{"damage_healed":0.0,"max_hp_gain":0.0,"max_hp_loss":0.0,"gold_gain":150.0,"event_name":"Liars Game","player_choice":"AGREE","floor":3.0,"gold_loss":0.0,"damage_taken":0.0,"cards_obtained":["Doubt"]},{"cards_removed":["Doubt"],"damage_healed":0.0,"max_hp_gain":0.0,"max_hp_loss":0.0,"gold_gain":0.0,"event_name":"Living Wall","player_choice":"Forget","floor":5.0,"gold_loss":0.0,"damage_taken":0.0},{"damage_healed":0.0,"max_hp_gain":0.0,"max_hp_loss":23.0,"gold_gain":0.0,"event_name":"Vampires","player_choice":"Became a vampire","floor":19.0,"gold_loss":0.0,"damage_taken":0.0,"cards_obtained":["Bite","Bite","Bite","Bite","Bite"]},{"damage_healed":0.0,"max_hp_gain":0.0,"max_hp_loss":0.0,"gold_gain":50.0,"event_name":"Nest","player_choice":"Stole From Cult","floor":20.0,"gold_loss":0.0,"damage_taken":0.0},{"damage_healed":0.0,"max_hp_gain":0.0,"max_hp_loss":0.0,"gold_gain":0.0,"event_name":"Back to Basics","player_choice":"Simplicity","floor":21.0,"gold_loss":0.0,"damage_taken":0.0,"cards_upgraded":["Defend_R","Defend_R","Defend_R","Defend_R"]},{"damage_healed":10.0,"max_hp_gain":0.0,"max_hp_loss":0.0,"gold_gain":0.0,"event_name":"Winding Halls","player_choice":"Writhe","floor":36.0,"gold_loss":0.0,"damage_taken":0.0,"cards_obtained":["Writhe"]}],"is_beta":false,"boss_relics":[{"not_picked":["Lizard Tail","White Beast Statue"],"picked":"Runic Dome"},{"not_picked":["Eternal Feather","Tiny House"],"picked":"Black Blood"}],"items_purged_floors":[37],"is_endless":false,"potions_floor_spawned":[1,4,8,14,16,18,31,41,45,48],"killed_by":"Awakened One","ascension_level":15}