{"gold_per_floor":[114,129,129,142,217,217,246,303,376,402,430,430,430,449,449,449],"floor_reached":16,"playtime":497,"items_purged":[],"score":256,"play_id":"2ece09fe-e418-40a2-8313-aeadfd01927c","local_time":"20181209125351","is_ascension_mode":true,"campfire_choices":[{"data":"Hyperbeam","floor":6.0,"key":"SMITH"},{"data":"Hologram","floor":12.0,"key":"SMITH"},{"data":"Leap","floor":15.0,"key":"SMITH"}],"neow_cost":"TEN_PERCENT_HP_LOSS","seed_source_timestamp":0,"circlet_count":0,"master_deck":["AscendersBane","Strike_B","Strike_B","Strike_B","Defend_B","Defend_B","Zap","Dualcast","Echo Form","Hyperbeam+1","Glacier","Turbo+1","Hologram+1","Leap+1","Leap+1","Genetic Algorithm+1","Recycle+1"],"special_seed":0,"relics":["Cracked Core","WingedGreaves","Tiny Chest","Blue Candle","Toxic Egg 2","Centennial Puzzle"],"potions_floor_usage":[16],"damage_taken":[{"damage":0.0,"enemies":"Small Slimes","floor":1.0,"turns":1.0},{"damage":0.0,"enemies":"2 Louse","floor":2.0,"turns":1.0},{"damage":0.0,"enemies":"Cultist","floor":4.0,"turns":2.0},{"damage":10.0,"enemies":"Lagavulin","floor":7.0,"turns":6.0},{"damage":10.0,"enemies":"3 Sentries","floor":8.0,"turns":5.0},{"damage":5.0,"enemies":"Lagavulin","floor":10.0,"turns":5.0},{"damage":10.0,"enemies":"3 Sentries","floor":11.0,"turns":3.0},{"damage":6.0,"enemies":"Lots of Slimes","floor":14.0,"turns":2.0},{"damage":12,"enemies":"Slime Boss","floor":16,"turns":4}],"seed_played":"-6486288179274705409","potions_obtained":[{"floor":2.0,"key":"Swift Potion"},{"floor":4.0,"key":"EssenceOfSteel"},{"floor":8.0,"key":"FearPotion"},{"floor":11.0,"key":"FearPotion"}],"is_trial":false,"path_per_floor":["M","M","?","M","?","R","E","E","T","E","E","R","?","M","R","B"],"character_chosen":"DEFECT","items_purchased":[],"campfire_rested":0,"item_purchase_floors":[],"current_hp_per_floor":[64,64,57,57,46,46,36,26,26,21,11,11,11,5,5,0],"gold":449,"neow_bonus":"TRANSFORM_TWO_CARDS","is_prod":false,"is_daily":false,"chose_seed":true,"campfire_upgraded":3,"win_rate":0,"timestamp":1544331231,"path_taken":["M","M","?","M","?","R","E","E","T","E","E","R","?","?","R","BOSS"],"build_version":"2018-12-06","purchased_purges":0,"victory":false,"max_hp_per_floor":[64,64,64,64,64,64,64,64,64,64,64,64,64,64,64,64],"card_choices":[{"not_picked":["Hologram","Darkness"],"picked":"Glacier","floor":1.0},{"not_picked":["Ball Lightning","Force Field"],"picked":"Turbo","floor":2.0},{"not_picked":["Glacier","Leap"],"picked":"Hologram","floor":4.0},{"not_picked":["Skim","Sweeping Beam"],"picked":"Leap","floor":7.0},{"not_picked":["Gash","Storm","Redo"],"picked":"SKIP","floor":8.0},{"not_picked":["Storm","Biased Cognition"],"picked":"Leap","floor":10.0},{"not_picked":["Chaos+1","Stack+1"],"picked":"Genetic Algorithm+1","floor":11.0},{"not_picked":["Doom and Gloom","Storm"],"picked":"Recycle+1","floor":14.0}],"player_experience":2332098,"relics_obtained":[{"floor":7.0,"key":"WingedGreaves"},{"floor":8.0,"key":"Tiny Chest"},{"floor":9.0,"key":"Blue Candle"},{"floor":10.0,"key":"Toxic Egg 2"},{"floor":11.0,"key":"Centennial Puzzle"}],"event_choices":[{"cards_removed":["Defend_B"],"damage_healed":0.0,"max_hp_gain":0.0,"max_hp_loss":0.0,"gold_gain":0.0,"event_name":"Golden Wing","player_choice":"Card Removal","floor":3.0,"gold_loss":0.0,"damage_taken":7.0},{"damage_healed":0.0,"max_hp_gain":0.0,"max_hp_loss":0.0,"gold_gain":75.0,"event_name":"World of Goop","player_choice":"Gather Gold","floor":5.0,"gold_loss":0.0,"damage_taken":11.0},{"damage_healed":0.0,"max_hp_gain":0.0,"max_hp_loss":0.0,"gold_gain":0.0,"event_name":"Accursed Blacksmith","player_choice":"Forge","floor":13.0,"gold_loss":0.0,"damage_taken":0.0,"cards_upgraded":["Turbo"]}],"is_beta":false,"boss_relics":[],"items_purged_floors":[],"is_endless":false,"potions_floor_spawned":[2,4,8,11],"killed_by":"Slime Boss","ascension_level":20}