{"gold_per_floor":[113,83,83,97,116,143,143,143,143,181,281,281,297,311,311,311],"floor_reached":16,"playtime":1287,"items_purged":[],"score":116,"play_id":"1ede5a53-62ed-4b31-8d5f-f9fb4b733aaa","local_time":"20181002195544","is_ascension_mode":true,"campfire_choices":[{"data":"Flame Barrier","floor":7,"key":"SMITH"},{"data":"Disarm","floor":12,"key":"SMITH"},{"data":"Metallicize","floor":15,"key":"SMITH"}],"neow_cost":"PERCENT_DAMAGE","seed_source_timestamp":1377275243915289,"circlet_count":0,"master_deck":["Strike_R","Strike_R","Defend_R","Defend_R","Defend_R","Defend_R","Bash","Pommel Strike","Intimidate","Battle Trance","Disarm+1","Flame Barrier+1","Clothesline","Injury","Pommel Strike","Clash","Metallicize+1"],"relics":["Burning Blood","Darkstone Periapt","Golden Idol","Ornamental Fan","PreservedInsect"],"potions_floor_usage":[10,10,14,14,16],"damage_taken":[{"damage":1,"enemies":"Jaw Worm","floor":1,"turns":5},{"damage":0,"enemies":"Cultist","floor":4,"turns":4},{"damage":0,"enemies":"Small Slimes","floor":5,"turns":5},{"damage":25,"enemies":"Lagavulin","floor":6,"turns":11},{"damage":15,"enemies":"3 Sentries","floor":10,"turns":11},{"damage":4,"enemies":"Exordium Wildlife","floor":13,"turns":4},{"damage":13,"enemies":"Exordium Thugs","floor":14,"turns":4},{"damage":56,"enemies":"Slime Boss","floor":16,"turns":17}],"seed_played":"663103255044010502","potions_obtained":[{"floor":1,"key":"SteroidPotion"},{"floor":2,"key":"Energy Potion"},{"floor":2,"key":"LiquidBronze"},{"floor":4,"key":"Strength Potion"},{"floor":10,"key":"PowerPotion"},{"floor":13,"key":"BloodPotion"}],"is_trial":false,"path_per_floor":["M","?","?","M","M","E","R","?","T","E","?","R","M","M","R"],"character_chosen":"IRONCLAD","items_purchased":[],"campfire_rested":0,"item_purchase_floors":[],"current_hp_per_floor":[61,61,61,67,73,54,54,60,60,51,51,51,53,46,46,0],"gold":311,"neow_bonus":"TRANSFORM_TWO_CARDS","is_prod":false,"is_daily":false,"chose_seed":false,"campfire_upgraded":3,"win_rate":0,"timestamp":1538502944,"path_taken":["M","?","?","?","M","E","R","?","T","E","?","R","?","M","R","BOSS"],"build_version":"2018-09-27","purchased_purges":0,"victory":false,"max_hp_per_floor":[80,80,80,80,80,80,80,86,86,86,86,86,86,86,86,86],"card_choices":[{"not_picked":["Combust","Clothesline"],"picked":"Battle Trance","floor":1},{"not_picked":["Warcry","Pummel"],"picked":"Disarm","floor":4},{"not_picked":["Twin Strike","Body Slam"],"picked":"Flame Barrier","floor":5},{"not_picked":["Burning Pact","Cleave"],"picked":"Clothesline","floor":6},{"not_picked":["Body Slam","Shockwave"],"picked":"Pommel Strike","floor":10},{"not_picked":["Flex","Fire Breathing"],"picked":"Clash","floor":13},{"not_picked":["Headbutt","Shrug It Off"],"picked":"Metallicize","floor":14}],"player_experience":26893,"relics_obtained":[{"floor":6,"key":"Darkstone Periapt"},{"floor":9,"key":"Ornamental Fan"},{"floor":10,"key":"PreservedInsect"}],"event_choices":[{"event_name":"The Woman in Blue","player_choice":"Bought 2 Potions","floor":2,"damage_taken":0},{"event_name":"Purifier","player_choice":"One Purge","floor":3,"damage_taken":0},{"event_name":"Golden Idol","player_choice":"Take Wound","floor":8,"damage_taken":0},{"event_name":"Golden Shrine","player_choice":"Pray","floor":11,"damage_taken":0}],"is_beta":false,"boss_relics":[],"items_purged_floors":[],"is_endless":false,"potions_floor_spawned":[1,4,10,13],"killed_by":"Slime Boss","ascension_level":1}