{"gold_per_floor":[111,125,138,156,156,156,183,183,183,209,209,235,246,264,264,359,359,375,401,24,32,42,77,77,110,136,136,148,173,173,192,192,288,288,304,304,8,21,31,31,47,73,73,93,103,3,14,30,30,30],"floor_reached":51,"playtime":1959,"items_purged":["Regret","Strike_R"],"score":1063,"play_id":"a46a2879-9d1d-4c5f-a6ce-9a9ecefcb6bf","local_time":"25610725185933","is_ascension_mode":true,"campfire_choices":[{"data":"Armaments","floor":6,"key":"SMITH"},{"data":"Spot Weakness","floor":8,"key":"SMITH"},{"data":"Feed","floor":11,"key":"SMITH"},{"data":"Shrug It Off","floor":15,"key":"SMITH"},{"data":"Inflame","floor":24,"key":"SMITH"},{"floor":32,"key":"REST"},{"data":"Demon Form","floor":40,"key":"SMITH"},{"floor":49,"key":"REST"}],"neow_cost":"NONE","seed_source_timestamp":21465435718924,"circlet_count":0,"master_deck":["Strike_R","Strike_R","Strike_R","Defend_R","Defend_R","Defend_R","Defend_R","Bash","Armaments+1","Inflame+1","Cleave","Spot Weakness+1","Feed+1","Reaper","Shrug It Off+1","Shrug It Off+1","Pommel Strike+1","Pummel+1","Headbutt+1","Clothesline+1","Double Tap","Madness","Madness","Sword Boomerang+1","Demon Form+1","Pummel+1","Flame Barrier"],"relics":["Black Blood","Happy Flower","Meat on the Bone","Sundial","Thread and Needle","Singing Bowl","Vajra","Red Mask","Molten Egg 2","Prayer Wheel","Blood Vial","Centennial Puzzle","Bottled Flame","Empty Cage","Paper Frog","Boot","Shuriken"],"potions_floor_usage":[7,21,23,29,33,35,41,47,50],"damage_taken":[{"damage":1,"enemies":"Cultist","floor":1,"turns":3},{"damage":6,"enemies":"2 Louse","floor":2,"turns":3},{"damage":10,"enemies":"Jaw Worm","floor":3,"turns":4},{"damage":7,"enemies":"Exordium Wildlife","floor":4,"turns":3},{"damage":40,"enemies":"Gremlin Nob","floor":7,"turns":5},{"damage":10,"enemies":"3 Sentries","floor":10,"turns":6},{"damage":30,"enemies":"Gremlin Nob","floor":12,"turns":5},{"damage":8,"enemies":"Gremlin Gang","floor":13,"turns":3},{"damage":13,"enemies":"Looter","floor":14,"turns":4},{"damage":44,"enemies":"The Guardian","floor":16,"turns":10},{"damage":20,"enemies":"Spheric Guardian","floor":18,"turns":4},{"damage":43,"floor":19,"turns":5},{"damage":17,"enemies":"2 Thieves","floor":21,"turns":4},{"damage":25,"enemies":"Snake Plant","floor":22,"turns":5},{"damage":31,"enemies":"Slavers","floor":23,"turns":5},{"damage":25,"enemies":"Book of Stabbing","floor":25,"turns":4},{"damage":40,"enemies":"Sentry and Sphere","floor":28,"turns":6},{"damage":37,"enemies":"Slavers","floor":29,"turns":4},{"damage":10,"enemies":"Snecko","floor":31,"turns":4},{"damage":48,"enemies":"Champ","floor":33,"turns":13},{"damage":9,"enemies":"Flame Bruiser 1 Orb","floor":35,"turns":4},{"damage":5,"enemies":"Orb Walker","floor":38,"turns":3},{"damage":43,"enemies":"Sphere and 2 Shapes","floor":39,"turns":4},{"damage":3,"enemies":"Spire Growth","floor":41,"turns":4},{"damage":70,"enemies":"Giant Head","floor":42,"turns":8},{"damage":34,"enemies":"3 Darklings","floor":44,"turns":6},{"damage":87,"enemies":"Maw","floor":45,"turns":8},{"damage":16,"enemies":"Spire Growth","floor":47,"turns":4},{"damage":48,"enemies":"3 Darklings","floor":48,"turns":4},{"damage":114,"enemies":"Donu and Deca","floor":50,"turns":8}],"seed_played":"-7743188245366667453","potions_obtained":[{"floor":1,"key":"PowerPotion"},{"floor":10,"key":"FairyPotion"},{"floor":16,"key":"Ancient Potion"},{"floor":21,"key":"SpeedPotion"},{"floor":22,"key":"Explosive Potion"},{"floor":28,"key":"Explosive Potion"},{"floor":33,"key":"PowerPotion"},{"floor":35,"key":"Regen Potion"},{"floor":38,"key":"Explosive Potion"},{"floor":42,"key":"Ancient Potion"}],"is_trial":false,"path_per_floor":["M","M","M","M","?","R","E","R","T","E","R","E","M","M","R","B",null,"M","?","$","M","M","E","R","E","T","?","M","E","?","M","R","B",null,"M","?","$","M","M","R","M","E","T","M","M","$","M","M","R","B"],"character_chosen":"IRONCLAD","items_purchased":["Molten Egg 2","Fire Potion","Sword Boomerang+1","Paper Frog"],"campfire_rested":2,"item_purchase_floors":[20,20,37,37],"current_hp_per_floor":[77,77,73,72,72,72,50,50,50,58,58,48,60,55,55,29,72,66,62,62,75,72,86,86,71,71,71,63,69,53,82,117,86,110,126,110,110,121,103,103,128,84,84,91,37,37,49,27,73,25],"gold":30,"neow_bonus":"RANDOM_COMMON_RELIC","is_prod":false,"is_daily":false,"chose_seed":false,"campfire_upgraded":6,"win_rate":0,"timestamp":1532519973,"path_taken":["M","M","?","M","?","R","E","R","T","E","R","E","M","?","R","BOSS","M","?","$","M","M","E","R","E","T","?","M","E","?","?","R","BOSS","M","?","$","M","M","R","M","E","T","M","M","?","?","M","R","BOSS"],"build_version":"2018-07-19v2","purchased_purges":2,"victory":true,"max_hp_per_floor":[80,80,80,80,80,80,80,80,80,80,80,82,84,86,86,86,86,90,94,94,100,100,104,104,104,104,104,106,110,110,118,118,118,118,126,126,126,130,136,136,140,142,142,144,148,148,152,154,154,154],"card_choices":[{"not_picked":["Reckless Charge","Headbutt"],"picked":"Shrug It Off","floor":1},{"not_picked":["Warcry","Wild Strike"],"picked":"Armaments","floor":2},{"not_picked":["Second Wind","Armaments"],"picked":"Inflame","floor":3},{"not_picked":["Havoc","Headbutt"],"picked":"Cleave","floor":4},{"not_picked":["Cleave","Rage"],"picked":"Spot Weakness","floor":7},{"not_picked":["Sentinel","Sword Boomerang"],"picked":"Feed","floor":10},{"not_picked":["Infernal Blade","True Grit","Flex"],"picked":"Singing Bowl","floor":12},{"not_picked":["Body Slam","Warcry","Seeing Red"],"picked":"Singing Bowl","floor":13},{"not_picked":["Battle Trance","Havoc","Body Slam"],"picked":"Singing Bowl","floor":14},{"not_picked":["Berserk","Brutality"],"picked":"Reaper","floor":16},{"not_picked":["Pommel Strike","Wild Strike"],"picked":"Shrug It Off+1","floor":18},{"not_picked":["Twin Strike","Cleave+1"],"picked":"Shrug It Off+1","floor":19},{"not_picked":["Corruption+1","Inflame","Iron Wave+1"],"picked":"Singing Bowl","floor":21},{"not_picked":["Impervious","Burning Pact"],"picked":"Pommel Strike+1","floor":22},{"not_picked":["True Grit+1","Exhume"],"picked":"Pummel+1","floor":23},{"not_picked":["Sever Soul+1","Feel No Pain"],"picked":"Headbutt+1","floor":25},{"not_picked":["Twin Strike+1","Clash+1"],"picked":"Clothesline+1","floor":28},{"not_picked":["Feed+1","Second Wind+1","Rupture"],"picked":"Singing Bowl","floor":28},{"not_picked":["Havoc","Dual Wield+1","Clothesline+1"],"picked":"SKIP","floor":29},{"not_picked":["Entrench","Corruption","Havoc"],"picked":"Singing Bowl","floor":31},{"not_picked":["Spot Weakness","Pommel Strike+1","Flex"],"picked":"Singing Bowl","floor":31},{"not_picked":["Dark Embrace","Barricade"],"picked":"Double Tap","floor":33},{"not_picked":["Shrug It Off+1","Twin Strike+1","Perfected Strike+1"],"picked":"Singing Bowl","floor":35},{"not_picked":["Armaments+1","Perfected Strike+1","Fire Breathing"],"picked":"Singing Bowl","floor":35},{"not_picked":["Havoc+1","Shockwave","Clothesline+1"],"picked":"Singing Bowl","floor":38},{"not_picked":["Seeing Red","Clothesline+1","Armaments"],"picked":"Singing Bowl","floor":38},{"not_picked":["Dropkick+1","Warcry+1","Sentinel+1"],"picked":"Singing Bowl","floor":39},{"not_picked":["Sever Soul+1","Iron Wave+1"],"picked":"Demon Form","floor":39},{"not_picked":["Dual Wield","Power Through","Entrench"],"picked":"Singing Bowl","floor":41},{"not_picked":["Twin Strike+1","Body Slam+1","Anger+1"],"picked":"Singing Bowl","floor":41},{"not_picked":["Feed+1","Clothesline+1","Shrug It Off"],"picked":"Singing Bowl","floor":42},{"not_picked":["Armaments","Shrug It Off","Sentinel+1"],"picked":"Singing Bowl","floor":44},{"not_picked":["Entrench","Ghostly Armor+1"],"picked":"Pummel+1","floor":44},{"not_picked":["Whirlwind+1","Intimidate","True Grit+1"],"picked":"Singing Bowl","floor":45},{"not_picked":["Disarm","Headbutt+1","Fire Breathing+1"],"picked":"Singing Bowl","floor":45},{"not_picked":["Warcry+1","Rupture","Combust+1"],"picked":"Singing Bowl","floor":47},{"not_picked":["Reaper+1","True Grit","Corruption"],"picked":"Singing Bowl","floor":47},{"not_picked":["Shrug It Off+1","Havoc","Disarm"],"picked":"Singing Bowl","floor":48},{"not_picked":["Pommel Strike+1","Entrench+1"],"picked":"Flame Barrier","floor":48}],"player_experience":152184,"relics_obtained":[{"floor":7,"key":"Sundial"},{"floor":9,"key":"Thread and Needle"},{"floor":10,"key":"Singing Bowl"},{"floor":12,"key":"Vajra"},{"floor":19,"key":"Red Mask"},{"floor":23,"key":"Prayer Wheel"},{"floor":25,"key":"Blood Vial"},{"floor":26,"key":"Centennial Puzzle"},{"floor":29,"key":"Bottled Flame"},{"floor":42,"key":"Boot"},{"floor":43,"key":"Shuriken"}],"event_choices":[{"event_name":"Big Fish","player_choice":"Box","floor":5,"damage_taken":0},{"event_name":"Masked Bandits","player_choice":"Fought over 375 gold","floor":19,"damage_taken":0},{"event_name":"Ghosts","player_choice":"Ignored","floor":27,"damage_taken":0},{"event_name":"Cursed Tome","player_choice":"Obtained Book","floor":30,"damage_taken":0},{"event_name":"Winding Halls","player_choice":"Embrace Madness","floor":36,"damage_taken":0}],"is_beta":false,"boss_relics":[{"not_picked":["Pandora\u0027s Box","Philosopher\u0027s Stone"],"picked":"Black Blood"},{"not_picked":["Snecko Eye","Tiny House"],"picked":"Empty Cage"}],"items_purged_floors":[20,46],"is_endless":false,"potions_floor_spawned":[1,10,16,21,22,28,33,35,38,42],"ascension_level":7}