{"gold_per_floor":[116,266,285,43,43,68,78,109,163,163,176,204,204,237,237,313,343,357,370,216,216,91,123,134,169,169,169,186,186,196,206,206,283,283,297,297,317,317,23,23,51,51,51,76,76,89,89,109,109,109,109],"floor_reached":52,"playtime":2276,"items_purged":["Doubt","Pain","Regret"],"score":2206,"play_id":"d7885877-967e-409a-845b-e2a88372133a","local_time":"20181228194718","daily_mods":["SealedDeck","DeadlyEvents"],"is_ascension_mode":true,"campfire_choices":[{"data":"Choke","floor":10.0,"key":"SMITH"},{"data":"Footwork","floor":15.0,"key":"SMITH"},{"data":"Burst","floor":27.0,"key":"SMITH"},{"data":"PiercingWail","floor":29.0,"key":"SMITH"},{"floor":32.0,"key":"REST"},{"data":"Footwork","floor":40,"key":"SMITH"},{"data":"Crippling Poison","floor":42,"key":"SMITH"},{"floor":45,"key":"REST"},{"floor":49,"key":"REST"}],"neow_cost":"","seed_source_timestamp":0,"circlet_count":0,"master_deck":["AscendersBane","Dodge and Roll+1","Flying Knee+1","Dagger Throw","Poisoned Stab","Backflip","Quick Slash+1","PiercingWail+1","Deadly Poison+1","Choke+1","Dash","Dash","Footwork+1","Corpse Explosion","Night Terror","Writhe","Predator","Burst+1","Terror+1","Crippling Poison+1","Envenom","Bullet Time","Apotheosis","Footwork+1","Dodge and Roll+1"],"special_seed":0,"relics":["Snecko Eye","Whetstone","Darkstone Periapt","Omamori","Pen Nib","War Paint","Blue Candle","PreservedInsect","Calling Bell","Tiny Chest","Gremlin Horn","Mango","Question Card","Strawberry","Dodecahedron","Mercury Hourglass","Busted Crown","Meat on the Bone","The Courier","Art of War"],"potions_floor_usage":[48,51],"damage_taken":[{"damage":0.0,"enemies":"2 Louse","floor":1.0,"turns":2.0},{"damage":0.0,"enemies":"Cultist","floor":3.0,"turns":2.0},{"damage":10.0,"enemies":"3 Sentries","floor":6.0,"turns":4.0},{"damage":1.0,"enemies":"Small Slimes","floor":7.0,"turns":3.0},{"damage":11.0,"enemies":"Lagavulin","floor":8.0,"turns":4.0},{"damage":2.0,"enemies":"3 Louse","floor":11.0,"turns":2.0},{"damage":8.0,"enemies":"Gremlin Nob","floor":12.0,"turns":3.0},{"damage":14.0,"enemies":"Lagavulin","floor":14.0,"turns":4.0},{"damage":0.0,"enemies":"The Guardian","floor":16.0,"turns":6.0},{"damage":2.0,"enemies":"Spheric Guardian","floor":18.0,"turns":3.0},{"damage":8.0,"enemies":"Shell Parasite","floor":19.0,"turns":3.0},{"damage":39.0,"enemies":"Book of Stabbing","floor":23.0,"turns":4.0},{"damage":0.0,"enemies":"Cultist and Chosen","floor":24.0,"turns":3.0},{"damage":0.0,"enemies":"Slavers","floor":25.0,"turns":3.0},{"damage":7.0,"enemies":"Snake Plant","floor":28.0,"turns":3.0},{"damage":24.0,"enemies":"Centurion and Healer","floor":30.0,"turns":2.0},{"damage":13.0,"enemies":"Shelled Parasite and Fungi","floor":31.0,"turns":2.0},{"damage":18,"enemies":"Champ","floor":33,"turns":10},{"damage":3,"enemies":"3 Darklings","floor":35,"turns":2},{"damage":5,"enemies":"Orb Walker","floor":37,"turns":4},{"damage":4,"enemies":"Reptomancer","floor":41,"turns":3},{"damage":1,"enemies":"Giant Head","floor":44,"turns":5},{"damage":1,"enemies":"Sphere and 2 Shapes","floor":46,"turns":3},{"damage":17,"enemies":"Transient","floor":48,"turns":6},{"damage":25,"enemies":"Awakened One","floor":50,"turns":9},{"damage":37,"enemies":"Donu and Deca","floor":51,"turns":6}],"seed_played":"-488824485548291902","potions_obtained":[{"floor":1.0,"key":"Poison Potion"},{"floor":6.0,"key":"Weak Potion"},{"floor":14.0,"key":"FearPotion"},{"floor":23.0,"key":"Fruit Juice"},{"floor":24.0,"key":"LiquidBronze"},{"floor":30.0,"key":"Weak Potion"},{"floor":37,"key":"SkillPotion"},{"floor":46,"key":"SkillPotion"}],"is_trial":true,"path_per_floor":["M","?","M","$","?","E","M","E","T","R","M","E","?","E","R","B",null,"M","M","$","?","$","E","M","E","T","R","M","R","M","M","R","B",null,"M","?","M","?","$","R","E","R","T","E","R","M","$","M","R","B","B",null],"character_chosen":"THE_SILENT","items_purchased":["Whetstone","PowerPotion","Apotheosis","Footwork"],"campfire_rested":3,"item_purchase_floors":[4,20,39,39],"current_hp_per_floor":[59,59,59,59,59,49,48,37,37,37,35,27,27,13,13,13,79,77,69,69,75,75,48,48,48,48,48,41,41,17,4,37,19,87,84,84,79,79,79,79,75,75,75,74,104,103,103,86,104,79,54],"gold":109,"neow_bonus":"","is_prod":false,"is_daily":false,"chose_seed":false,"campfire_upgraded":6,"win_rate":0,"timestamp":1546055238,"path_taken":["M","?","M","$","?","?","M","E","T","R","M","E","?","E","R","BOSS","M","M","$","?","$","E","M","E","T","R","M","R","M","?","R","BOSS","M","?","M","?","$","R","E","R","T","E","R","M","$","M","R","BOSS","BOSS"],"build_version":"2018-12-20","purchased_purges":3,"victory":true,"max_hp_per_floor":[66,66,66,66,66,66,66,66,66,66,66,66,66,66,66,66,92,92,92,92,98,98,110,110,110,110,110,110,110,110,110,110,110,110,110,110,110,104,104,104,104,104,104,104,104,104,104,104,104,104,104],"card_choices":[{"not_picked":["Sucker Punch","Quick Slash","Setup"],"picked":"SKIP","floor":1.0},{"not_picked":["Sucker Punch","Choke","Eviscerate"],"picked":"SKIP","floor":3.0},{"not_picked":["Deflect","Underhanded Strike","Poisoned Stab"],"picked":"SKIP","floor":6.0},{"not_picked":["Poisoned Stab","PiercingWail","Backflip"],"picked":"SKIP","floor":7.0},{"not_picked":["Dagger Throw","Escape Plan","Backflip"],"picked":"SKIP","floor":8.0},{"not_picked":["Catalyst","Endless Agony"],"picked":"Footwork","floor":11.0},{"not_picked":["Blade Dance","Dagger Spray","Skewer"],"picked":"SKIP","floor":12.0},{"not_picked":["Sucker Punch","Terror"],"picked":"Corpse Explosion","floor":14.0},{"not_picked":["Tools of the Trade","A Thousand Cuts"],"picked":"Night Terror","floor":16.0},{"not_picked":["Bane+1","Flying Knee","Escape Plan"],"picked":"SKIP","floor":18.0},{"not_picked":["Bane","Dagger Throw","Flying Knee"],"picked":"SKIP","floor":19.0},{"not_picked":["Blur","Footwork","PiercingWail"],"picked":"Predator","floor":23.0},{"not_picked":["Tactician+1","Choke","Poisoned Stab"],"picked":"Burst","floor":24.0},{"not_picked":["Acrobatics","Corpse Explosion","Backflip","Eviscerate+1"],"picked":"SKIP","floor":25.0},{"not_picked":["Sucker Punch","Endless Agony","Prepared"],"picked":"Terror+1","floor":28.0},{"not_picked":["Outmaneuver","Sucker Punch","Prepared"],"picked":"Crippling Poison","floor":30.0},{"not_picked":["Prepared","Cloak And Dagger","Quick Slash"],"picked":"Envenom","floor":31.0},{"not_picked":["Die Die Die","Burst","Envenom"],"picked":"Bullet Time","floor":33},{"not_picked":["Predator","Blade Dance+1"],"picked":"SKIP","floor":35},{"not_picked":["Blade Dance","Crippling Poison"],"picked":"SKIP","floor":37},{"not_picked":["Deflect","Tools of the Trade"],"picked":"SKIP","floor":41},{"not_picked":["Dagger Throw+1","Bane"],"picked":"SKIP","floor":44},{"not_picked":["Underhanded Strike","Terror"],"picked":"SKIP","floor":46},{"not_picked":["Bane+1"],"picked":"Dodge and Roll+1","floor":48}],"player_experience":1907345,"relics_obtained":[{"floor":6.0,"key":"Darkstone Periapt"},{"floor":8.0,"key":"Omamori"},{"floor":9.0,"key":"Pen Nib"},{"floor":12.0,"key":"War Paint"},{"floor":14.0,"key":"PreservedInsect"},{"floor":17.0,"key":"Tiny Chest"},{"floor":17.0,"key":"Gremlin Horn"},{"floor":17.0,"key":"Mango"},{"floor":23.0,"key":"Strawberry"},{"floor":25.0,"key":"Dodecahedron"},{"floor":26.0,"key":"Mercury Hourglass"},{"floor":41,"key":"Meat on the Bone"},{"floor":43,"key":"The Courier"},{"floor":44,"key":"Art of War"}],"event_choices":[{"damage_healed":0.0,"max_hp_gain":0.0,"max_hp_loss":0.0,"gold_gain":150.0,"event_name":"Liars Game","player_choice":"AGREE","floor":2.0,"gold_loss":0.0,"damage_taken":0.0,"cards_obtained":["Doubt"]},{"damage_healed":0.0,"max_hp_gain":0.0,"max_hp_loss":0.0,"gold_gain":0.0,"event_name":"Match and Keep!","player_choice":"1 cards matched","floor":5.0,"gold_loss":0.0,"damage_taken":0.0,"cards_obtained":["Dash"]},{"damage_healed":0.0,"max_hp_gain":0.0,"max_hp_loss":0.0,"gold_gain":0.0,"event_name":"Big Fish","player_choice":"Box","floor":13.0,"gold_loss":0.0,"damage_taken":0.0,"relics_obtained":["Blue Candle"],"cards_obtained":["Regret"]},{"damage_healed":0.0,"max_hp_gain":0.0,"max_hp_loss":0.0,"gold_gain":0.0,"event_name":"The Mausoleum","player_choice":"Opened","floor":21.0,"gold_loss":0.0,"damage_taken":0.0,"relics_obtained":["Question Card"],"cards_obtained":["Writhe"]},{"damage_healed":0,"gold_gain":0,"player_choice":"Ignored","damage_taken":0,"max_hp_gain":0,"max_hp_loss":0,"event_name":"Tomb of Lord Red Mask","floor":36,"gold_loss":0},{"damage_healed":0,"gold_gain":0,"player_choice":"Max HP","damage_taken":0,"max_hp_gain":0,"max_hp_loss":6,"event_name":"Winding Halls","floor":38,"gold_loss":0}],"is_beta":false,"boss_relics":[{"not_picked":["Black Star","WristBlade"],"picked":"Calling Bell"},{"not_picked":["Runic Dome","Astrolabe"],"picked":"Busted Crown"}],"items_purged_floors":[4,20,22],"is_endless":false,"potions_floor_spawned":[1,6,7,8,14,23,24,28,30,37,44,46],"ascension_level":20}