{"gold_per_floor":[111,131,131,142,217,248,248,273,273,307,307,338,353,387,387,461,461,476,305,220,220,240,266,266,297,297,327,327,353,373,405,405,478,478,495,366,384,234,250,277,277,302,302,332,332,364,379,61,61,61,61,61,61,61,87,87],"floor_reached":57,"playtime":2925,"items_purged":["Flying Knee","Dagger Spray"],"score":3704,"play_id":"83ecbbdc-cdcb-49e2-ab1c-35159263f07f","local_time":"20190202220817","daily_mods":["SealedDeck","DeadlyEvents","Elite Swarm"],"is_ascension_mode":true,"campfire_choices":[{"data":"Cloak And Dagger","floor":7.0,"key":"SMITH"},{"data":"Cloak And Dagger","floor":11.0,"key":"SMITH"},{"data":"Terror","floor":15.0,"key":"SMITH"},{"data":"Adrenaline","floor":24,"key":"SMITH"},{"data":"Envenom","floor":28,"key":"SMITH"},{"data":"Burst","floor":32,"key":"SMITH"},{"data":"Malaise","floor":41,"key":"SMITH"},{"data":"1","floor":45,"key":"LIFT"},{"floor":49,"key":"RECALL"},{"data":"After Image","floor":53,"key":"SMITH"}],"neow_cost":"","seed_source_timestamp":0,"circlet_count":0,"master_deck":["AscendersBane","Backflip+1","Caltrops","Backflip","Terror+1","PiercingWail","Cloak And Dagger+1","Cloak And Dagger+1","Finisher","Backstab+1","Blade Dance","Envenom+1","Burst+1","Adrenaline+1","Malaise+1","Adrenaline","Adrenaline","Leg Sweep","Dodge and Roll","Dodge and Roll+1","Shame","After Image+1","Calculated Gamble","After Image"],"special_seed":0,"relics":["Ring of the Snake","Meat on the Bone","Singing Bowl","Kunai","Incense Burner","Blue Candle","Snake Skull","WristBlade","Bronze Scales","Orichalcum","Peace Pipe","Bottled Lightning","Shuriken","Girya","Art of War","Thread and Needle","Cursed Key","Pocketwatch","Tough Bandages","Ice Cream","Bag of Marbles","Calipers","Ninja Scroll"],"potions_floor_usage":[56,56],"damage_taken":[{"damage":0.0,"enemies":"Cultist","floor":1.0,"turns":3.0},{"damage":0.0,"enemies":"2 Louse","floor":2.0,"turns":1.0},{"damage":0.0,"enemies":"Jaw Worm","floor":4.0,"turns":2.0},{"damage":14.0,"enemies":"3 Sentries","floor":6.0,"turns":6.0},{"damage":0.0,"enemies":"Lagavulin","floor":8.0,"turns":4.0},{"damage":4.0,"enemies":"Gremlin Nob","floor":10.0,"turns":3.0},{"damage":0.0,"enemies":"Lagavulin","floor":12.0,"turns":4.0},{"damage":0.0,"enemies":"Lots of Slimes","floor":13.0,"turns":2.0},{"damage":0.0,"enemies":"3 Sentries","floor":14.0,"turns":4.0},{"damage":8.0,"enemies":"Slime Boss","floor":16.0,"turns":6.0},{"damage":0.0,"enemies":"Chosen","floor":18.0,"turns":3.0},{"damage":0,"enemies":"3 Byrds","floor":22,"turns":2},{"damage":7,"enemies":"Gremlin Leader","floor":23,"turns":3},{"damage":0,"enemies":"Slavers","floor":25,"turns":4},{"damage":8,"enemies":"Book of Stabbing","floor":27,"turns":3},{"damage":4,"enemies":"Slavers","floor":29,"turns":3},{"damage":0,"enemies":"Snake Plant","floor":30,"turns":3},{"damage":0,"enemies":"Book of Stabbing","floor":31,"turns":4},{"damage":18,"enemies":"Champ","floor":33,"turns":4},{"damage":0,"enemies":"3 Darklings","floor":35,"turns":1},{"damage":0,"enemies":"3 Shapes","floor":37,"turns":2},{"damage":0,"enemies":"Jaw Worm Horde","floor":39,"turns":2},{"damage":0,"enemies":"Reptomancer","floor":40,"turns":1},{"damage":0,"enemies":"Giant Head","floor":42,"turns":2},{"damage":1,"enemies":"Reptomancer","floor":44,"turns":4},{"damage":1,"enemies":"Nemesis","floor":46,"turns":3},{"damage":1,"enemies":"Transient","floor":47,"turns":6},{"damage":1,"enemies":"Time Eater","floor":50,"turns":7},{"damage":1,"enemies":"Donu and Deca","floor":51,"turns":5},{"damage":1,"enemies":"Shield and Spear","floor":55,"turns":5},{"damage":2,"enemies":"The Heart","floor":56,"turns":8}],"seed_played":"-6382442618423180413","potions_obtained":[{"floor":2.0,"key":"Block Potion"},{"floor":8.0,"key":"Swift Potion"},{"floor":30,"key":"Dexterity Potion"},{"floor":39,"key":"Dexterity Potion"}],"is_trial":true,"path_per_floor":["M","M","?","M","?","E","R","E","T","E","R","E","M","E","R","B",null,"M","$","?","?","M","E","R","E","T","E","R","E","M","E","R","B",null,"M","$","M","$","M","E","R","E","T","E","R","E","M","$","R","B","B",null,"R","$","E","B",null],"character_chosen":"THE_SILENT","items_purchased":["Bronze Scales","PowerPotion","Dodge and Roll","Calipers"],"campfire_rested":0,"item_purchase_floors":[19,36,38,48],"current_hp_per_floor":[59,59,39,39,28,14,14,26,26,34,34,36,38,40,40,46,67,69,69,69,69,71,64,64,66,66,60,60,56,58,58,58,54,78,78,78,80,80,80,82,82,84,84,83,83,84,83,83,83,82,81,91,91,91,90,88],"gold":87,"neow_bonus":"","is_prod":false,"is_daily":false,"chose_seed":false,"campfire_upgraded":8,"win_rate":0,"timestamp":1549174097,"path_taken":["M","?","?","M","?","E","R","E","T","E","R","E","M","E","R","BOSS","M","$","?","?","?","E","R","E","T","E","R","E","M","E","R","BOSS","M","$","M","?","M","E","R","E","T","E","R","E","M","$","R","BOSS","BOSS","R","$","E","BOSS"],"build_version":"2019-01-23","purchased_purges":2,"victory":true,"max_hp_per_floor":[66,66,66,66,66,66,66,66,66,66,66,68,70,72,72,74,74,76,76,76,76,78,78,78,80,80,82,82,82,84,84,84,86,86,86,86,88,88,88,90,90,92,92,92,92,94,94,94,94,94,94,94,94,94,94,94],"card_choices":[{"not_picked":["Blade Dance","Flechettes"],"picked":"Backstab","floor":1.0},{"not_picked":["Flying Knee","Bane"],"picked":"Blade Dance","floor":2.0},{"not_picked":["PiercingWail","Quick Slash","Concentrate"],"picked":"SKIP","floor":4.0},{"not_picked":["Unload","Tools of the Trade"],"picked":"Envenom","floor":6.0},{"not_picked":["Glass Knife","Unload"],"picked":"Burst","floor":8.0},{"not_picked":["Malaise","Wraith Form v2"],"picked":"Adrenaline","floor":10.0},{"not_picked":["Wraith Form v2","A Thousand Cuts","Phantasmal Killer"],"picked":"Singing Bowl","floor":12.0},{"not_picked":["Cloak And Dagger","Escape Plan","Endless Agony"],"picked":"Singing Bowl","floor":13.0},{"not_picked":["Die Die Die","Bullet Time","Night Terror"],"picked":"Singing Bowl","floor":14.0},{"not_picked":["Die Die Die","Venomology","Envenom"],"picked":"Singing Bowl","floor":16.0},{"not_picked":["Distraction","Cloak And Dagger","Backflip"],"picked":"Singing Bowl","floor":18.0},{"not_picked":["Cloak And Dagger","Dagger Spray+1","Accuracy"],"picked":"Singing Bowl","floor":22},{"not_picked":["Glass Knife","Doppelganger"],"picked":"Malaise","floor":23},{"not_picked":["Night Terror","Grand Finale","Burst"],"picked":"Singing Bowl","floor":25},{"not_picked":["Malaise","Burst","Doppelganger"],"picked":"Singing Bowl","floor":27},{"not_picked":["Night Terror","Unload"],"picked":"Adrenaline","floor":29},{"not_picked":["Quick Slash","Acrobatics","Choke"],"picked":"Singing Bowl","floor":30},{"not_picked":["Bullet Time","Burst"],"picked":"Adrenaline","floor":31},{"not_picked":["Malaise","Phantasmal Killer","Glass Knife"],"picked":"Singing Bowl","floor":33},{"not_picked":["Quick Slash","Expertise"],"picked":"Leg Sweep","floor":35},{"not_picked":["Underhanded Strike","All Out Attack","Catalyst+1"],"picked":"Singing Bowl","floor":37},{"not_picked":["Infinite Blades","Slice+1"],"picked":"Dodge and Roll+1","floor":39},{"not_picked":["Burst","Die Die Die","Tools of the Trade"],"picked":"Singing Bowl","floor":40},{"not_picked":["Phantasmal Killer","Envenom","Glass Knife"],"picked":"Singing Bowl","floor":42},{"not_picked":["Envenom","Corpse Explosion"],"picked":"After Image","floor":44},{"not_picked":["Corpse Explosion","Tools of the Trade","Grand Finale"],"picked":"Singing Bowl","floor":46},{"not_picked":["Deadly Poison","Poisoned Stab"],"picked":"Calculated Gamble","floor":47},{"not_picked":["Doppelganger","Unload"],"picked":"After Image","floor":55}],"player_experience":2142158,"relics_obtained":[{"floor":6.0,"key":"Meat on the Bone"},{"floor":8.0,"key":"Singing Bowl"},{"floor":9.0,"key":"Kunai"},{"floor":10.0,"key":"Incense Burner"},{"floor":12.0,"key":"Blue Candle"},{"floor":14.0,"key":"Snake Skull"},{"floor":23,"key":"Peace Pipe"},{"floor":25,"key":"Bottled Lightning"},{"floor":26,"key":"Shuriken"},{"floor":27,"key":"Girya"},{"floor":29,"key":"Art of War"},{"floor":31,"key":"Thread and Needle"},{"floor":40,"key":"Pocketwatch"},{"floor":42,"key":"Tough Bandages"},{"floor":44,"key":"Ice Cream"},{"floor":46,"key":"Bag of Marbles"},{"floor":55,"key":"Ninja Scroll"}],"event_choices":[{"damage_healed":0.0,"max_hp_gain":0.0,"max_hp_loss":0.0,"gold_gain":0.0,"event_name":"Shining Light","player_choice":"Entered Light","floor":3.0,"gold_loss":0.0,"damage_taken":20.0,"cards_upgraded":["Backflip","Backstab"]},{"damage_healed":0.0,"max_hp_gain":0.0,"max_hp_loss":0.0,"gold_gain":75.0,"event_name":"World of Goop","player_choice":"Gather Gold","floor":5.0,"gold_loss":0.0,"damage_taken":11.0},{"damage_healed":0.0,"max_hp_gain":0.0,"max_hp_loss":0.0,"gold_gain":0.0,"event_name":"Addict","player_choice":"Obtained Relic","floor":20.0,"gold_loss":85.0,"damage_taken":0.0,"relics_obtained":["Orichalcum"]},{"damage_healed":0,"gold_gain":0,"player_choice":"Ignored","damage_taken":0,"max_hp_gain":0,"max_hp_loss":0,"event_name":"Cursed Tome","floor":21,"gold_loss":0}],"is_beta":false,"boss_relics":[{"not_picked":["Runic Dome","Runic Pyramid"],"picked":"WristBlade"},{"not_picked":["Empty Cage","Eternal Feather"],"picked":"Cursed Key"}],"items_purged_floors":[36,38],"is_endless":false,"potions_floor_spawned":[2,8,10,14,16,22,27,30,31,37,39,44],"ascension_level":20}