{"gold_per_floor":[118,129,145,163,163,218,218,247,292,292,304,316,27,40,40,141,141,121,134,148,73,73,100,119,119,119,42,69,79,104,118,118,214,214,233,0,19,32,32,63,108,143,168,187,31,31,66,66,66,66],"floor_reached":51,"playtime":3748,"items_purged":[],"score":1286,"play_id":"66d208f0-546a-440d-9b50-485b7f6d1b8b","local_time":"20180810003017","is_ascension_mode":true,"campfire_choices":[{"data":"Leg Sweep","floor":7,"key":"SMITH"},{"data":"PiercingWail","floor":10,"key":"SMITH"},{"data":"Footwork","floor":15,"key":"SMITH"},{"data":"Burst","floor":25,"key":"SMITH"},{"data":"Reflex","floor":32,"key":"SMITH"},{"floor":46,"key":"REST"},{"floor":49,"key":"REST"}],"neow_cost":"NONE","seed_source_timestamp":316725261389833,"circlet_count":0,"master_deck":["Defend_G","Defend_G","Defend_G","Defend_G","Defend_G","Strike_G","Survivor","Neutralize","Die Die Die+1","Leg Sweep+1","Dagger Spray","Acrobatics+1","Burst+1","Poisoned Stab","PiercingWail+1","Blur","Tools of the Trade","Footwork+1","Blur","Malaise","Deadly Poison+1","Deadly Poison+1","Escape Plan","Crippling Poison+1","Prepared+1","Blur","Adrenaline","Reflex+1","Noxious Fumes","PiercingWail","Bullet Time+1","Tools of the Trade","Crippling Poison+1","Dark Shackles"],"relics":["Ring of the Snake","Tiny Chest","Mummified Hand","Happy Flower","Sling","Sozu","Orichalcum","Kunai","Shuriken","Ninja Scroll","Empty Cage","Red Mask","Pear","Oddly Smooth Stone","Mango","Omamori","Blood Vial","War Paint","Juzu Bracelet"],"potions_floor_usage":[6,8,50,50,50],"damage_taken":[{"damage":0,"enemies":"Small Slimes","floor":1,"turns":2},{"damage":0,"enemies":"Jaw Worm","floor":2,"turns":6},{"damage":0,"enemies":"2 Louse","floor":3,"turns":2},{"damage":0,"enemies":"Gremlin Gang","floor":4,"turns":1},{"damage":1,"enemies":"3 Sentries","floor":6,"turns":4},{"damage":16,"enemies":"Gremlin Nob","floor":8,"turns":4},{"damage":0,"enemies":"2 Fungi Beasts","floor":11,"turns":4},{"damage":0,"enemies":"3 Louse","floor":12,"turns":3},{"damage":0,"enemies":"Looter","floor":14,"turns":4},{"damage":0,"enemies":"The Guardian","floor":16,"turns":21},{"damage":1,"enemies":"2 Thieves","floor":18,"turns":4},{"damage":0,"enemies":"Chosen","floor":19,"turns":7},{"damage":0,"enemies":"Centurion and Healer","floor":20,"turns":11},{"damage":0,"enemies":"Gremlin Leader","floor":23,"turns":7},{"damage":0,"enemies":"Cultist and Chosen","floor":24,"turns":9},{"damage":9,"enemies":"Book of Stabbing","floor":28,"turns":7},{"damage":0,"enemies":"3 Cultists","floor":29,"turns":5},{"damage":0,"enemies":"Gremlin Leader","floor":30,"turns":6},{"damage":1,"enemies":"Snake Plant","floor":31,"turns":5},{"damage":0,"enemies":"Automaton","floor":33,"turns":8},{"damage":0,"enemies":"3 Shapes","floor":35,"turns":3},{"damage":0,"enemies":"3 Darklings","floor":37,"turns":4},{"damage":1,"enemies":"Sphere and 2 Shapes","floor":38,"turns":5},{"damage":33,"enemies":"2 Orb Walkers","floor":40,"turns":6},{"damage":7,"floor":41,"turns":6},{"damage":0,"enemies":"Giant Head","floor":42,"turns":9},{"damage":13,"enemies":"Spire Growth","floor":44,"turns":7},{"damage":29,"enemies":"2 Orb Walkers","floor":47,"turns":5},{"damage":19,"enemies":"Time Eater","floor":50,"turns":18}],"seed_played":"4923794209884551042","potions_obtained":[{"floor":1,"key":"PowerPotion"},{"floor":2,"key":"Strength Potion"},{"floor":11,"key":"Strength Potion"},{"floor":14,"key":"Dexterity Potion"},{"floor":16,"key":"LiquidBronze"}],"is_trial":false,"path_per_floor":["M","M","M","M","?","E","R","E","T","R","M","M","$","M","R","B",null,"M","M","M","?","?","E","M","R","T","$","E","M","E","M","R","B",null,"M","?","M","M","?","E","?","E","T","M","$","R","E","?","R","B"],"character_chosen":"THE_SILENT","items_purchased":["Footwork","Sling","Blur","War Paint"],"campfire_rested":2,"item_purchase_floors":[13,13,27,45],"current_hp_per_floor":[63,63,63,63,63,62,62,46,46,46,46,46,46,46,46,46,64,63,63,63,63,63,63,63,63,63,63,54,54,54,53,53,53,66,66,66,66,65,75,42,49,49,49,38,38,66,39,39,67,50],"gold":66,"neow_bonus":"ONE_RANDOM_RARE_CARD","is_prod":false,"is_daily":false,"chose_seed":false,"campfire_upgraded":5,"win_rate":0,"timestamp":1533853817,"path_taken":["M","M","M","M","?","E","R","E","T","R","M","M","$","M","R","BOSS","M","M","?","?","?","E","M","R","T","?","E","M","E","M","R","BOSS","M","?","M","M","?","E","?","E","T","M","$","R","E","?","R","BOSS"],"build_version":"2018-08-02","purchased_purges":0,"victory":true,"max_hp_per_floor":[70,70,70,70,70,70,70,70,70,70,70,70,70,70,70,70,70,70,70,70,70,70,70,70,70,70,70,70,70,70,70,70,70,70,70,70,70,70,80,80,94,94,94,94,94,94,94,94,94,94],"card_choices":[{"not_picked":["Blade Dance","Expertise"],"picked":"Leg Sweep","floor":1},{"not_picked":["Dagger Throw","Flechettes"],"picked":"Dagger Spray","floor":2},{"not_picked":["Slice","Outmaneuver"],"picked":"Acrobatics","floor":3},{"not_picked":["Heel Hook","Prepared"],"picked":"Burst","floor":4},{"not_picked":["Blade Dance","Sucker Punch"],"picked":"Poisoned Stab","floor":6},{"not_picked":["Riddle With Holes","Outmaneuver"],"picked":"PiercingWail","floor":8},{"not_picked":["Poisoned Stab","Dash"],"picked":"Blur","floor":11},{"not_picked":["Distraction","Dagger Spray"],"picked":"Tools of the Trade","floor":12},{"not_picked":["Outmaneuver","Crippling Poison"],"picked":"Blur","floor":14},{"not_picked":["After Image","Tools of the Trade"],"picked":"Malaise","floor":16},{"not_picked":["Blade Dance","Outmaneuver"],"picked":"Deadly Poison+1","floor":18},{"not_picked":["Dash+1","Bane"],"picked":"Dodge and Roll","floor":19},{"not_picked":["Prepared","Backflip"],"picked":"Deadly Poison+1","floor":20},{"not_picked":["Sucker Punch+1","Prepared"],"picked":"Crippling Poison+1","floor":23},{"not_picked":["Expertise","Backstab"],"picked":"Prepared+1","floor":24},{"not_picked":["Deadly Poison","Flying Knee"],"picked":"Adrenaline","floor":28},{"not_picked":["Flechettes","Outmaneuver"],"picked":"Reflex","floor":29},{"not_picked":["Caltrops","Well Laid Plans"],"picked":"Noxious Fumes","floor":30},{"not_picked":["Backflip","Prepared"],"picked":"PiercingWail","floor":31},{"not_picked":["Storm of Steel","Venomology"],"picked":"Bullet Time","floor":33},{"not_picked":["Dagger Spray+1","Flying Knee","Dagger Throw+1"],"picked":"SKIP","floor":35},{"not_picked":["Slice","Leg Sweep","Dagger Throw+1"],"picked":"SKIP","floor":37},{"not_picked":["Finisher+1","Deadly Poison"],"picked":"Tools of the Trade","floor":38},{"not_picked":["Caltrops","Dash"],"picked":"Crippling Poison+1","floor":40},{"not_picked":["Reflex+1","Dash","Dagger Throw"],"picked":"SKIP","floor":42},{"not_picked":["Tactician+1","Bane","Acrobatics+1"],"picked":"SKIP","floor":44},{"not_picked":["Bane+1","Underhanded Strike","Poisoned Stab"],"picked":"SKIP","floor":47},{"not_picked":["Master of Strategy","Dramatic Entrance"],"picked":"Dark Shackles","floor":48}],"player_experience":233506,"relics_obtained":[{"floor":6,"key":"Tiny Chest"},{"floor":8,"key":"Mummified Hand"},{"floor":9,"key":"Happy Flower"},{"floor":23,"key":"Orichalcum"},{"floor":26,"key":"Kunai"},{"floor":28,"key":"Shuriken"},{"floor":30,"key":"Ninja Scroll"},{"floor":40,"key":"Oddly Smooth Stone"},{"floor":41,"key":"Mango"},{"floor":42,"key":"Omamori"},{"floor":43,"key":"Blood Vial"},{"floor":47,"key":"Juzu Bracelet"}],"event_choices":[{"event_name":"Living Wall","player_choice":"Grow","floor":5,"damage_taken":0},{"event_name":"Beggar","player_choice":"Gave Gold","floor":21,"damage_taken":0},{"event_name":"Transmorgrifier","player_choice":"Transform","floor":22,"damage_taken":0},{"event_name":"Tomb of Lord Red Mask","player_choice":"Paid","floor":36,"damage_taken":0},{"event_name":"WeMeetAgain","player_choice":"Card","floor":39,"damage_taken":0},{"event_name":"Mysterious Sphere","player_choice":"Fight","floor":41,"damage_taken":0},{"event_name":"SensoryStone","player_choice":"Memory 1","floor":48,"damage_taken":0}],"is_beta":false,"boss_relics":[{"not_picked":["WristBlade","Ectoplasm"],"picked":"Sozu"},{"not_picked":["Busted Crown","Calling Bell"],"picked":"Empty Cage"}],"items_purged_floors":[],"is_endless":false,"potions_floor_spawned":[1,2,11,14,16,18,20,28,29,30,31,33,35,37,40,47],"ascension_level":7}