{"gold_per_floor":[361,113,83,94,94,125,125,153,153,183,203,235,235,235,235,235],"floor_reached":16,"playtime":539,"items_purged":["Defend_R"],"score":352,"play_id":"d444ea14-9acc-4bec-95ce-85202d5d0aff","local_time":"20181224161133","is_ascension_mode":true,"campfire_choices":[{"data":"Perfected Strike","floor":7.0,"key":"SMITH"},{"data":"Bash","floor":13.0,"key":"SMITH"},{"data":"Flex","floor":15.0,"key":"SMITH"}],"neow_cost":"PERCENT_DAMAGE","seed_source_timestamp":0,"circlet_count":0,"master_deck":["AscendersBane","Strike_R","Strike_R","Strike_R","Strike_R","Strike_R","Defend_R+1","Defend_R","Defend_R+1","Bash+1","Perfected Strike+1","Flex+1","Sword Boomerang","Dropkick","Twin Strike"],"special_seed":0,"relics":["Burning Blood","Omamori","Paper Frog","Vajra","War Paint","Bird Faced Urn","Pocketwatch","Bag of Marbles","WingedGreaves"],"potions_floor_usage":[16],"damage_taken":[{"damage":0.0,"enemies":"2 Louse","floor":1.0,"turns":3.0},{"damage":1.0,"enemies":"Cultist","floor":4.0,"turns":3.0},{"damage":8.0,"enemies":"Gremlin Nob","floor":6.0,"turns":3.0},{"damage":26.0,"enemies":"Lagavulin","floor":8.0,"turns":7.0},{"damage":30.0,"enemies":"Gremlin Nob","floor":10.0,"turns":4.0},{"damage":0.0,"enemies":"Jaw Worm","floor":11.0,"turns":2.0},{"damage":18.0,"enemies":"3 Sentries","floor":12.0,"turns":7.0},{"damage":14,"enemies":"Slime Boss","floor":16,"turns":4}],"seed_played":"-2179111923271883025","potions_obtained":[{"floor":3.0,"key":"AttackPotion"},{"floor":3.0,"key":"Ancient Potion"},{"floor":6.0,"key":"EssenceOfSteel"},{"floor":8.0,"key":"EssenceOfSteel"},{"floor":12.0,"key":"EssenceOfSteel"}],"is_trial":false,"path_per_floor":["M","$","?","M","?","E","R","E","T","E","M","E","R","?","R","B"],"character_chosen":"IRONCLAD","items_purchased":["Omamori"],"campfire_rested":0,"item_purchase_floors":[2],"current_hp_per_floor":[56,56,56,61,61,59,59,39,39,15,21,9,9,4,4,0],"gold":235,"neow_bonus":"TWO_FIFTY_GOLD","is_prod":false,"is_daily":false,"chose_seed":false,"campfire_upgraded":3,"win_rate":0,"timestamp":1545639093,"path_taken":["M","$","?","?","?","E","R","E","T","E","M","E","R","?","R","BOSS"],"build_version":"2018-12-20","purchased_purges":1,"victory":false,"max_hp_per_floor":[75,75,75,75,75,75,75,75,75,75,75,75,75,75,75,75],"card_choices":[{"not_picked":["Wild Strike","Havoc"],"picked":"Perfected Strike","floor":1.0},{"not_picked":["Rupture","Body Slam","Iron Wave"],"picked":"SKIP","floor":4.0},{"not_picked":["Rampage","Flex","Juggernaut"],"picked":"SKIP","floor":6.0},{"not_picked":["Rampage","Juggernaut"],"picked":"Flex","floor":6.0},{"not_picked":["Shrug It Off","Fiend Fire"],"picked":"Sword Boomerang","floor":8.0},{"not_picked":["Dropkick","Burning Pact","Cleave"],"picked":"SKIP","floor":10.0},{"not_picked":["Burning Pact","Cleave"],"picked":"Dropkick","floor":10.0},{"not_picked":["Sword Boomerang","Wild Strike","Anger"],"picked":"SKIP","floor":11.0},{"not_picked":["Pommel Strike","Seeing Red"],"picked":"Twin Strike","floor":12.0}],"player_experience":2431685,"relics_obtained":[{"floor":6.0,"key":"Vajra"},{"floor":8.0,"key":"War Paint"},{"floor":9.0,"key":"Bird Faced Urn"},{"floor":10.0,"key":"Pocketwatch"},{"floor":12.0,"key":"Bag of Marbles"}],"event_choices":[{"damage_healed":0.0,"max_hp_gain":0.0,"max_hp_loss":0.0,"gold_gain":0.0,"event_name":"The Woman in Blue","player_choice":"Bought 2 Potions","floor":3.0,"gold_loss":0.0,"damage_taken":0.0},{"damage_healed":0.0,"max_hp_gain":0.0,"max_hp_loss":0.0,"gold_gain":0.0,"event_name":"Big Fish","player_choice":"Box","floor":5.0,"gold_loss":0.0,"damage_taken":0.0,"relics_obtained":["Paper Frog"],"cards_obtained":["Regret"]},{"damage_healed":0.0,"max_hp_gain":0.0,"max_hp_loss":0.0,"gold_gain":0.0,"event_name":"Scrap Ooze","player_choice":"Success","floor":14.0,"gold_loss":0.0,"damage_taken":5.0,"relics_obtained":["WingedGreaves"]}],"is_beta":false,"boss_relics":[],"items_purged_floors":[2],"is_endless":false,"potions_floor_spawned":[6,8,12],"killed_by":"Slime Boss","ascension_level":20}