{"gold_per_floor":[109,12,12,12,22,49,49,66,66,80,108,108,134,154,154,154],"floor_reached":16,"playtime":2678,"items_purged":[],"score":240,"play_id":"b6a3018f-1619-4b2e-8b32-aecc907a82a3","local_time":"20190309184903","is_ascension_mode":true,"campfire_choices":[{"data":"Bludgeon","floor":7,"key":"SMITH"},{"floor":12,"key":"REST"},{"floor":15,"key":"DIG"}],"neow_cost":"NONE","seed_source_timestamp":3488391031540600,"circlet_count":0,"master_deck":["AscendersBane","Strike_R","Strike_R","Strike_R","Strike_R","Strike_R","Defend_R","Defend_R","Defend_R","Defend_R","Bash+1","Sword Boomerang","Headbutt","Rampage","Shockwave","Bludgeon+1","Shrug It Off","Battle Trance","Havoc","Corruption"],"relics":["Burning Blood","Strawberry","Pantograph","Singing Bowl","Shovel","Bag of Marbles","The Courier"],"potions_floor_usage":[6,11,16,16],"damage_taken":[{"damage":9,"enemies":"Small Slimes","floor":1,"turns":4},{"damage":6,"enemies":"2 Louse","floor":5,"turns":2},{"damage":6,"enemies":"Gremlin Nob","floor":6,"turns":3},{"damage":12,"enemies":"Jaw Worm","floor":8,"turns":2},{"damage":10,"enemies":"2 Fungi Beasts","floor":10,"turns":3},{"damage":15,"enemies":"3 Sentries","floor":11,"turns":6},{"damage":25,"enemies":"Lagavulin","floor":13,"turns":6},{"damage":0,"enemies":"Red Slaver","floor":14,"turns":1},{"damage":68,"enemies":"Hexaghost","floor":16,"turns":9}],"seed_played":"4973623999435237272","potions_obtained":[{"floor":5,"key":"EssenceOfSteel"},{"floor":6,"key":"SpeedPotion"},{"floor":14,"key":"EssenceOfSteel"}],"is_trial":false,"path_per_floor":["M","$","?","?","M","E","R","M","T","M","E","R","E","M","R","B"],"character_chosen":"IRONCLAD","items_purchased":["Rampage","AttackPotion"],"campfire_rested":1,"item_purchase_floors":[2,2],"current_hp_per_floor":[65,65,46,46,46,46,46,40,40,38,29,54,35,41,41,0],"gold":154,"neow_bonus":"THREE_CARDS","is_prod":false,"is_daily":false,"chose_seed":false,"campfire_upgraded":1,"win_rate":0,"timestamp":1552157343,"path_taken":["M","$","?","?","M","E","R","M","T","M","E","R","E","M","R","BOSS"],"build_version":"2019-01-23","purchased_purges":0,"victory":false,"max_hp_per_floor":[75,75,82,82,82,82,82,82,82,84,84,84,84,84,84,84],"card_choices":[{"not_picked":["Sentinel","Havoc"],"picked":"Sword Boomerang","floor":0},{"not_picked":["Perfected Strike","Havoc"],"picked":"Headbutt","floor":1},{"not_picked":["Hemokinesis","Pommel Strike"],"picked":"Shockwave","floor":5},{"not_picked":["Havoc","Headbutt"],"picked":"Bludgeon","floor":6},{"not_picked":["Anger","Iron Wave"],"picked":"Shrug It Off","floor":8},{"not_picked":["Rupture","Barricade","Clash"],"picked":"Singing Bowl","floor":10},{"not_picked":["Shockwave","Infernal Blade"],"picked":"Battle Trance","floor":11},{"not_picked":["Heavy Blade","Anger"],"picked":"Havoc","floor":13},{"not_picked":["Twin Strike","Burning Pact"],"picked":"Corruption","floor":14}],"player_experience":2254698,"relics_obtained":[{"floor":6,"key":"Pantograph"},{"floor":9,"key":"Singing Bowl"},{"floor":11,"key":"Shovel"},{"floor":13,"key":"Bag of Marbles"},{"floor":15,"key":"The Courier"}],"event_choices":[{"damage_healed":0,"gold_gain":0,"player_choice":"Success","damage_taken":26,"relics_obtained":["Strawberry"],"max_hp_gain":0,"max_hp_loss":0,"event_name":"Scrap Ooze","floor":3,"gold_loss":0},{"damage_healed":0,"gold_gain":0,"player_choice":"Grow","damage_taken":0,"max_hp_gain":0,"max_hp_loss":0,"event_name":"Living Wall","floor":4,"gold_loss":0,"cards_upgraded":["Bash"]}],"is_beta":false,"boss_relics":[],"items_purged_floors":[],"is_endless":false,"potions_floor_spawned":[5,6,10,14],"killed_by":"Hexaghost","ascension_level":20}