{"gold_per_floor":[109,122,197,197,215,215,234,265,265,265,265,284,311,311,311,311],"floor_reached":16,"playtime":516,"items_purged":[],"score":193,"play_id":"0075c5cb-bc0b-4982-a997-7f39084fcd7f","local_time":"20181220132643","is_ascension_mode":true,"campfire_choices":[{"data":"All Out Attack","floor":6.0,"key":"SMITH"},{"data":"Deadly Poison","floor":11.0,"key":"SMITH"},{"data":"Calculated Gamble","floor":15.0,"key":"SMITH"}],"neow_cost":"NONE","seed_source_timestamp":16749260484942,"circlet_count":0,"master_deck":["AscendersBane","Defend_G","Defend_G","Defend_G","Defend_G","Defend_G","Strike_G","Strike_G","Strike_G","Strike_G","Strike_G","Survivor","Neutralize+1","Calculated Gamble+1","Quick Slash","All Out Attack+1","Deadly Poison+1","Backflip+1","Adrenaline+1","Crippling Poison+1","Deflect+1","Parasite"],"special_seed":0,"relics":["Ring of the Snake","Toxic Egg 2","Darkstone Periapt","Frozen Egg 2"],"potions_floor_usage":[],"damage_taken":[{"damage":7.0,"enemies":"Small Slimes","floor":1.0,"turns":5.0},{"damage":3.0,"enemies":"Cultist","floor":2.0,"turns":4.0},{"damage":0.0,"enemies":"2 Louse","floor":5.0,"turns":3.0},{"damage":0.0,"enemies":"Blue Slaver","floor":7.0,"turns":4.0},{"damage":30.0,"enemies":"3 Sentries","floor":8.0,"turns":7.0},{"damage":0.0,"enemies":"Exordium Thugs","floor":12.0,"turns":2.0},{"damage":28.0,"enemies":"Gremlin Nob","floor":13.0,"turns":4.0},{"damage":31,"enemies":"Slime Boss","floor":16,"turns":8}],"seed_played":"-5220948115322703233","potions_obtained":[{"floor":2.0,"key":"Regen Potion"},{"floor":8.0,"key":"Dexterity Potion"}],"is_trial":false,"path_per_floor":["M","M","?","?","M","R","M","E","T","?","R","M","E","?","R","B"],"character_chosen":"THE_SILENT","items_purchased":[],"campfire_rested":0,"item_purchase_floors":[],"current_hp_per_floor":[58,55,44,44,44,44,44,29,29,29,29,29,1,25,25,0],"gold":311,"neow_bonus":"TEN_PERCENT_HP_BONUS","is_prod":false,"is_daily":false,"chose_seed":false,"campfire_upgraded":3,"win_rate":0,"timestamp":1545341203,"path_taken":["M","M","?","?","M","R","M","E","T","?","R","?","E","?","R","BOSS"],"build_version":"2018-12-13","purchased_purges":0,"victory":false,"max_hp_per_floor":[72,72,72,72,72,72,72,72,72,72,72,72,72,78,78,78],"card_choices":[{"not_picked":["Bane","Prepared"],"picked":"Calculated Gamble","floor":1.0},{"not_picked":["Sucker Punch","Catalyst"],"picked":"Quick Slash","floor":2.0},{"not_picked":["Calculated Gamble","Underhanded Strike"],"picked":"All Out Attack","floor":5.0},{"not_picked":["Unload","Underhanded Strike"],"picked":"Deadly Poison","floor":7.0},{"not_picked":["Bane","Flying Knee"],"picked":"Backflip","floor":8.0},{"not_picked":["Quick Slash","Endless Agony"],"picked":"Crippling Poison+1","floor":12.0},{"not_picked":["Dodge and Roll+1","Skewer"],"picked":"Deflect+1","floor":13.0}],"player_experience":1840514,"relics_obtained":[{"floor":8.0,"key":"Toxic Egg 2"},{"floor":9.0,"key":"Darkstone Periapt"},{"floor":13.0,"key":"Frozen Egg 2"}],"event_choices":[{"damage_healed":0.0,"max_hp_gain":0.0,"max_hp_loss":0.0,"gold_gain":75.0,"event_name":"World of Goop","player_choice":"Gather Gold","floor":3.0,"gold_loss":0.0,"damage_taken":11.0},{"damage_healed":0.0,"max_hp_gain":0.0,"max_hp_loss":0.0,"gold_gain":0.0,"event_name":"Living Wall","player_choice":"Grow","floor":4.0,"gold_loss":0.0,"damage_taken":0.0,"cards_upgraded":["Neutralize"]},{"damage_healed":0.0,"max_hp_gain":0.0,"max_hp_loss":0.0,"gold_gain":0.0,"event_name":"Match and Keep!","player_choice":"1 cards matched","floor":10.0,"gold_loss":0.0,"damage_taken":0.0,"cards_obtained":["Adrenaline"]},{"damage_healed":18.0,"max_hp_gain":0.0,"max_hp_loss":0.0,"gold_gain":0.0,"event_name":"Mushrooms","player_choice":"Healed and dodged fight","floor":14.0,"gold_loss":0.0,"damage_taken":0.0,"cards_obtained":["Parasite"]}],"is_beta":false,"boss_relics":[],"items_purged_floors":[],"is_endless":false,"potions_floor_spawned":[2,8],"killed_by":"Slime Boss","ascension_level":15}