{"gold_per_floor":[116,126,143,156,169,224,234,268,295,313,13,26,60,75,75,176,176,192,19,19,33,33,64,74,101,101,101,101,101,101,113,113,113],"floor_reached":33,"playtime":2626,"items_purged":["Strike_R"],"score":342,"play_id":"828bd8e4-c82f-42ac-bd26-73abea78523c","local_time":"20190326193131","is_ascension_mode":true,"campfire_choices":[{"data":"Flex","floor":15,"key":"SMITH"},{"floor":28,"key":"RECALL"},{"floor":30,"key":"REST"},{"data":"Apotheosis","floor":32,"key":"SMITH"}],"neow_cost":"TEN_PERCENT_HP_LOSS","seed_source_timestamp":988193857422800,"circlet_count":0,"master_deck":["Strike_R+1","Strike_R","Strike_R","Defend_R","Defend_R","Defend_R","Defend_R","Bash+1","Impervious","Warcry","Whirlwind","Flex+1","Twin Strike","Shockwave","Reaper","Bloodletting","Twin Strike","Bludgeon","Apotheosis+1","Heavy Blade","Heavy Blade","Headbutt+1","Twin Strike+1"],"relics":["Burning Blood","Tiny Chest","Juzu Bracelet","Orichalcum","Centennial Puzzle","Whetstone","Sozu","Dream Catcher","Omamori","Molten Egg 2","Ornamental Fan","Ancient Tea Set"],"potions_floor_usage":[6,6,7,8,12,16,23],"damage_taken":[{"damage":5,"enemies":"Small Slimes","floor":1,"turns":6},{"damage":6,"enemies":"Jaw Worm","floor":2,"turns":5},{"damage":1,"enemies":"Cultist","floor":3,"turns":3},{"damage":10,"enemies":"Large Slime","floor":4,"turns":5},{"damage":10,"enemies":"Looter","floor":5,"turns":4},{"damage":9,"enemies":"3 Sentries","floor":6,"turns":5},{"damage":7,"enemies":"Gremlin Gang","floor":7,"turns":5},{"damage":24,"enemies":"Gremlin Nob","floor":8,"turns":5},{"damage":12,"enemies":"Large Slime","floor":10,"turns":4},{"damage":3,"enemies":"2 Fungi Beasts","floor":12,"turns":3},{"damage":12,"enemies":"3 Sentries","floor":13,"turns":6},{"damage":8,"enemies":"Red Slaver","floor":14,"turns":4},{"damage":47,"enemies":"Slime Boss","floor":16,"turns":12},{"damage":12,"enemies":"2 Thieves","floor":18,"turns":5},{"damage":3,"enemies":"3 Byrds","floor":21,"turns":4},{"damage":28,"enemies":"Slavers","floor":23,"turns":6},{"damage":15,"enemies":"Centurion and Healer","floor":24,"turns":5},{"damage":43,"enemies":"Book of Stabbing","floor":25,"turns":5},{"damage":30,"enemies":"3 Cultists","floor":31,"turns":5},{"damage":57,"enemies":"Champ","floor":33,"turns":6}],"seed_played":"7067934320570141507","potions_obtained":[{"floor":3,"key":"GamblersBrew"},{"floor":4,"key":"SkillPotion"},{"floor":5,"key":"Weak Potion"},{"floor":6,"key":"Fire Potion"},{"floor":8,"key":"Poison Potion"},{"floor":13,"key":"Ancient Potion"},{"floor":16,"key":"SpeedPotion"}],"is_trial":false,"path_per_floor":["M","M","M","M","M","E","M","E","T","M","$","M","E","M","R","B",null,"M","$","?","M","?","E","M","E","T","?","R","?","R","M","R","B"],"character_chosen":"IRONCLAD","items_purchased":["Bloodletting","Centennial Puzzle","Apotheosis"],"campfire_rested":1,"item_purchase_floors":[11,11,19],"current_hp_per_floor":[72,72,72,68,64,61,60,42,42,36,36,45,57,61,61,44,72,66,66,66,72,72,71,62,25,25,25,25,25,46,32,32,0],"gold":113,"neow_bonus":"THREE_RARE_CARDS","is_prod":false,"is_daily":false,"chose_seed":false,"campfire_upgraded":2,"win_rate":0,"timestamp":1553621491,"path_taken":["M","M","M","M","M","E","M","E","T","M","$","M","E","M","R","BOSS","M","$","?","M","?","E","M","E","T","?","R","?","R","M","R","BOSS"],"build_version":"2019-01-23","purchased_purges":1,"victory":false,"max_hp_per_floor":[72,72,72,72,72,72,72,72,72,72,72,72,72,72,72,72,72,72,72,72,72,72,72,72,72,72,72,72,72,72,72,72,72],"card_choices":[{"not_picked":["Barricade","Bludgeon"],"picked":"Impervious","floor":0},{"not_picked":["True Grit","Clash"],"picked":"Warcry","floor":1},{"not_picked":["Flame Barrier","Disarm"],"picked":"Whirlwind","floor":2},{"not_picked":["Sever Soul","Pommel Strike","Blood for Blood"],"picked":"SKIP","floor":3},{"not_picked":["Wild Strike","Anger"],"picked":"Flex","floor":4},{"not_picked":["Dual Wield","True Grit"],"picked":"Twin Strike","floor":5},{"not_picked":["Rage","Sentinel","Shrug It Off"],"picked":"SKIP","floor":6},{"not_picked":["Rage","Sentinel","Shrug It Off"],"picked":"SKIP","floor":6},{"not_picked":["Burning Pact","Dropkick"],"picked":"Shockwave","floor":7},{"not_picked":["Body Slam","Perfected Strike"],"picked":"Reaper","floor":8},{"not_picked":["Clash","True Grit","Perfected Strike"],"picked":"SKIP","floor":10},{"not_picked":["Evolve","True Grit","Pommel Strike"],"picked":"SKIP","floor":12},{"not_picked":["Perfected Strike","Intimidate","Wild Strike"],"picked":"SKIP","floor":13},{"not_picked":["Body Slam","Searing Blow"],"picked":"Twin Strike","floor":14},{"not_picked":["Immolate","Dark Embrace"],"picked":"Bludgeon","floor":16},{"not_picked":["Power Through+1","Armaments+1","Thunderclap"],"picked":"SKIP","floor":18},{"not_picked":["Pommel Strike","Fire Breathing+1"],"picked":"Heavy Blade","floor":21},{"not_picked":["Iron Wave","True Grit","Warcry"],"picked":"SKIP","floor":23},{"not_picked":["Wild Strike","Sword Boomerang"],"picked":"Heavy Blade","floor":24},{"not_picked":["Iron Wave","Disarm","Clash"],"picked":"SKIP","floor":25},{"not_picked":["Shockwave","Sentinel+1"],"picked":"Headbutt+1","floor":30},{"not_picked":["Heavy Blade+1","Metallicize"],"picked":"Twin Strike+1","floor":31}],"player_experience":103000,"relics_obtained":[{"floor":6,"key":"Tiny Chest"},{"floor":8,"key":"Juzu Bracelet"},{"floor":9,"key":"Orichalcum"},{"floor":13,"key":"Whetstone"},{"floor":23,"key":"Omamori"},{"floor":25,"key":"Molten Egg 2"},{"floor":26,"key":"Ornamental Fan"}],"event_choices":[{"damage_healed":0,"gold_gain":0,"player_choice":"Opened","damage_taken":0,"relics_obtained":["Dream Catcher"],"max_hp_gain":0,"max_hp_loss":0,"event_name":"The Mausoleum","floor":20,"gold_loss":0},{"cards_removed":["Strike_R"],"damage_healed":0,"gold_gain":0,"player_choice":"Purged","damage_taken":0,"max_hp_gain":0,"max_hp_loss":0,"event_name":"Purifier","floor":22,"gold_loss":0},{"damage_healed":0,"gold_gain":0,"player_choice":"Ignored","damage_taken":0,"max_hp_gain":0,"max_hp_loss":0,"event_name":"Ghosts","floor":27,"gold_loss":0},{"damage_healed":0,"gold_gain":0,"player_choice":"Stole Relic","damage_taken":0,"relics_obtained":["Ancient Tea Set"],"max_hp_gain":0,"max_hp_loss":0,"event_name":"Addict","floor":29,"gold_loss":0,"cards_obtained":["Shame"]}],"is_beta":false,"boss_relics":[{"not_picked":["Runic Dome","Astrolabe"],"picked":"Sozu"}],"items_purged_floors":[11],"is_endless":false,"potions_floor_spawned":[3,4,5,6,8,13,16,24,31],"killed_by":"Champ","ascension_level":2}