{"gold_per_floor":[109,109,21,31,31,64,64,90,163,163,163,163,163,163,163,236,236,248,119,135,147,160,195,195,225,225,225,225,225,225,225,238,249,249,320,320,334,334,352,364,380,412,412,412,412,18,34,53,88,98,98,98,98,98,50,75,75],"floor_reached":58,"playtime":3912,"items_purged":["Strike_B","Writhe"],"score":2083,"play_id":"b33bad40-40f9-4ce5-a012-a37d757f6479","local_time":"20190417175202","is_ascension_mode":true,"campfire_choices":[{"data":"Streamline","floor":7.0,"key":"SMITH"},{"data":"Consume","floor":10.0,"key":"SMITH"},{"data":"Zap","floor":12.0,"key":"SMITH"},{"data":"Tempest","floor":15.0,"key":"SMITH"},{"data":"Turbo","floor":24.0,"key":"SMITH"},{"data":"Dualcast","floor":29.0,"key":"SMITH"},{"data":"Recycle","floor":31.0,"key":"SMITH"},{"data":"Heatsinks","floor":43.0,"key":"SMITH"},{"floor":51.0,"key":"RECALL"},{"data":"Coolheaded","floor":54.0,"key":"SMITH"}],"neow_cost":"TEN_PERCENT_HP_LOSS","seed_source_timestamp":0,"circlet_count":0,"master_deck":["AscendersBane","Defend_B+1","Defend_B+1","Dualcast+1","Cold Snap","Self Repair+1","Consume+1","Electrodynamics","Tempest+1","Deadly Poison+1","Undo","Heatsinks+1","Turbo+1","Go for the Eyes+1","Compile Driver+1","ReplaySort","Rainbow","Recycle+1","Chill","Meteor Strike+1","Multi-Cast","White Noise","Skim","Coolheaded+1","Hologram+1"],"special_seed":0,"relics":["Strawberry","Shuriken","ReplayTheSpireMod:Bottled Eggs","Molten Egg 2","Ring of the Snake","Inserter","Divine Protection","Potion Belt","Kunai","Cursed Key","FaceOfCleric","Replay:Mystery Machine","Ring of Panic","Ring of Fury","Replay:Accelerometer","Centennial Puzzle","Pantograph"],"potions_floor_usage":[57,57],"damage_taken":[{"damage":7.0,"enemies":"Jaw Worm","floor":1.0,"turns":3.0},{"damage":4.0,"enemies":"Small Slimes","floor":4.0,"turns":4.0},{"damage":24.0,"enemies":"Gremlin Nob","floor":6.0,"turns":5.0},{"damage":5.0,"enemies":"3 Sentries","floor":8.0,"turns":6.0},{"damage":31.0,"enemies":"Hexaghost","floor":16.0,"turns":10.0},{"damage":0.0,"enemies":"Chosen","floor":18.0,"turns":6.0},{"damage":0.0,"enemies":"Spheric Guardian","floor":20.0,"turns":5.0},{"damage":6.0,"enemies":"Centurion and Healer","floor":21.0,"turns":8.0},{"damage":6.0,"enemies":"Snake Plant","floor":22.0,"turns":4.0},{"damage":32.0,"enemies":"Gremlin Leader","floor":23.0,"turns":6.0},{"damage":15.0,"enemies":"Book of Stabbing","floor":25.0,"turns":6.0},{"damage":6.0,"enemies":"3 Cultists","floor":32.0,"turns":4.0},{"damage":10.0,"enemies":"Shelled Parasite and Fungi","floor":33.0,"turns":5.0},{"damage":23.0,"enemies":"Collector","floor":35.0,"turns":13.0},{"damage":4.0,"enemies":"3 Shapes","floor":37.0,"turns":3.0},{"damage":0.0,"enemies":"Orb Walker","floor":39.0,"turns":3.0},{"damage":6.0,"enemies":"Spire Growth","floor":40.0,"turns":4.0},{"damage":0.0,"enemies":"Sphere and 2 Shapes","floor":41.0,"turns":4.0},{"damage":8.0,"enemies":"Nemesis","floor":42.0,"turns":5.0},{"damage":0.0,"enemies":"Maw","floor":47.0,"turns":6.0},{"damage":0.0,"enemies":"Writhing Mass","floor":48.0,"turns":2.0},{"damage":0.0,"enemies":"Reptomancer","floor":49.0,"turns":4.0},{"damage":1.0,"enemies":"Spire Growth","floor":50.0,"turns":3.0},{"damage":9.0,"enemies":"Time Eater","floor":52.0,"turns":14.0},{"damage":7.0,"enemies":"Shield and Spear","floor":56.0,"turns":3.0},{"damage":38,"enemies":"The Heart","floor":57,"turns":6}],"seed_played":"3006378130446224131","potions_obtained":[{"floor":8.0,"key":"SkillPotion"},{"floor":16.0,"key":"AttackPotion"},{"floor":18.0,"key":"Ancient Potion"},{"floor":21.0,"key":"Adrenaline Potion"},{"floor":23.0,"key":"Death Potion"},{"floor":37.0,"key":"Poison Potion"},{"floor":40.0,"key":"Strength Potion"},{"floor":42.0,"key":"Energy Potion"},{"floor":50.0,"key":"Block Potion"}],"is_trial":false,"path_per_floor":["M","?","$","M","?","E","R","E","T","R","?","R","?","?","R","B",null,"M","$","M","M","M","E","R","E","T","PTL","PTL","R","?","R","M","M","R","B",null,"M","?","M","M","M","E","R","?","T","$","M","M","E","M","R","B",null,"R","$","E","B",null],"character_chosen":"DEFECT","items_purchased":["Self Repair","Streamline","Turbo","Replay:Accelerometer","Coolheaded","Adrenaline Potion"],"campfire_rested":0,"item_purchase_floors":[3,3,19,46,46,55],"current_hp_per_floor":[57,38,38,41,62,52,52,54,54,54,43,43,43,43,43,22,59,69,69,71,71,71,49,49,44,44,44,44,44,44,44,48,48,48,35,62,68,68,72,73,74,75,75,75,75,75,76,77,78,79,79,80,80,80,80,81,54],"gold":75,"neow_bonus":"REMOVE_TWO","is_prod":false,"is_daily":false,"chose_seed":false,"campfire_upgraded":9,"win_rate":0,"timestamp":1555494722,"path_taken":["M","?","$","M","?","E","R","E","T","R","?","R","?","?","R","BOSS","M","$","M","M","M","E","R","E","T","PTL","PTL","R","?","R","M","M","R","BOSS","M","?","M","?","M","E","R","?","T","$","M","M","E","M","R","BOSS","R","$","E","BOSS"],"build_version":"2019-01-23","purchased_purges":2,"victory":true,"max_hp_per_floor":[64,64,64,64,64,71,71,71,71,71,71,71,71,71,71,71,71,71,71,71,71,71,71,71,71,71,71,71,71,71,71,71,71,71,71,71,71,71,72,73,74,75,75,75,75,75,76,77,78,79,79,80,80,80,80,81,82],"card_choices":[{"not_picked":["Compile Driver","Reinforced Body"],"picked":"Cold Snap","floor":1.0},{"not_picked":["Gash","ReplayTheSpireMod:Reroute Power"],"picked":"Consume","floor":4.0},{"not_picked":["Force Field","Barrage"],"picked":"Electrodynamics","floor":6.0},{"not_picked":["Force Field","Darkness"],"picked":"Tempest","floor":8.0},{"not_picked":["Time Bomb","BasicCrystalCard"],"picked":"Heatsinks","floor":18.0},{"not_picked":["Hologram","Reinforced Body"],"picked":"Go for the Eyes+1","floor":20.0},{"not_picked":["Melter+1","Time Bomb"],"picked":"Compile Driver+1","floor":21.0},{"not_picked":["Heatsinks+1","Doom and Gloom+1"],"picked":"ReplaySort","floor":22.0},{"not_picked":["Barrage+1","Gash+1","Turbo"],"picked":"SKIP","floor":23.0},{"not_picked":["ReplayTheSpireMod:Reroute Power","Gash+1","Doom and Gloom+1"],"picked":"SKIP","floor":25.0},{"not_picked":["Conserve Battery","ReplaySolidLightProjector","Rebound+1"],"picked":"SKIP","floor":32.0},{"not_picked":["FTL+1","Fusion"],"picked":"Chill","floor":33.0},{"not_picked":["Machine Learning","Reboot"],"picked":"Multi-Cast","floor":35.0},{"not_picked":["Genetic Algorithm+1","Beam Cell+1","Loop"],"picked":"SKIP","floor":37.0},{"not_picked":["Lockon+1","Conserve Battery","White Noise"],"picked":"SKIP","floor":39.0},{"not_picked":["Lockon+1","Conserve Battery"],"picked":"White Noise","floor":39.0},{"not_picked":["Aggregate","BasicCrystalCard+1"],"picked":"Skim","floor":40.0},{"not_picked":["Aggregate","Hello World+1","Storm"],"picked":"SKIP","floor":41.0},{"not_picked":["Capacitor","Streamline+1","Cold Snap+1"],"picked":"SKIP","floor":42.0},{"not_picked":["Chaos","Undo+1","Conserve Battery"],"picked":"SKIP","floor":47.0},{"not_picked":["Aggregate","Go for the Eyes+1"],"picked":"Hologram+1","floor":48.0},{"not_picked":["FIFO Queue","Aggregate","Steam Power+1"],"picked":"SKIP","floor":49.0},{"not_picked":["FIFO Queue","Aggregate","Steam Power+1"],"picked":"SKIP","floor":49.0},{"not_picked":["Rip and Tear+1","Rebound+1","Ball Lightning+1"],"picked":"SKIP","floor":50.0},{"not_picked":["Rip and Tear+1","Rebound+1","Ball Lightning+1"],"picked":"SKIP","floor":50.0},{"not_picked":["Stack","Conserve Battery","Cold Snap+1"],"picked":"SKIP","floor":56.0}],"player_experience":2988302,"relics_obtained":[{"floor":6.0,"key":"Strawberry"},{"floor":8.0,"key":"Shuriken"},{"floor":9.0,"key":"ReplayTheSpireMod:Bottled Eggs"},{"floor":23.0,"key":"Divine Protection"},{"floor":25.0,"key":"Potion Belt"},{"floor":26.0,"key":"Kunai"},{"floor":42.0,"key":"Replay:Mystery Machine"},{"floor":44.0,"key":"Ring of Panic"},{"floor":44.0,"key":"Ring of Fury"},{"floor":49.0,"key":"Centennial Puzzle"},{"floor":56.0,"key":"Pantograph"}],"event_choices":[{"damage_healed":0.0,"max_hp_gain":0.0,"max_hp_loss":0.0,"gold_gain":0.0,"event_name":"Shining Light","player_choice":"Entered Light","floor":2.0,"gold_loss":0.0,"damage_taken":19.0,"cards_upgraded":["Defend_B","Defend_B"]},{"damage_healed":21.0,"max_hp_gain":0.0,"max_hp_loss":0.0,"gold_gain":0.0,"event_name":"Big Fish","player_choice":"Banana","floor":5.0,"gold_loss":0.0,"damage_taken":0.0},{"damage_healed":0.0,"max_hp_gain":0.0,"max_hp_loss":0.0,"gold_gain":0.0,"event_name":"Scrap Ooze","player_choice":"Success","floor":11.0,"gold_loss":0.0,"damage_taken":11.0,"relics_obtained":["Molten Egg 2"]},{"damage_healed":0.0,"max_hp_gain":0.0,"max_hp_loss":0.0,"gold_gain":0.0,"cards_transformed":["Strike_B"],"event_name":"Living Wall","player_choice":"Change","floor":14.0,"gold_loss":0.0,"damage_taken":0.0,"cards_obtained":["Undo"]},{"damage_healed":0.0,"max_hp_gain":0.0,"max_hp_loss":0.0,"gold_gain":0.0,"cards_transformed":["Defend_B","Defend_B"],"event_name":"Drug Dealer","player_choice":"Became Test Subject","floor":30.0,"gold_loss":0.0,"damage_taken":0.0,"cards_obtained":["Rainbow","Recycle"]},{"damage_healed":0.0,"max_hp_gain":0.0,"max_hp_loss":0.0,"gold_gain":0.0,"event_name":"FaceTrader","player_choice":"Trade","floor":38.0,"gold_loss":0.0,"damage_taken":0.0,"relics_obtained":["FaceOfCleric"]}],"is_beta":false,"boss_relics":[{"not_picked":["Busted Crown","Snecko Eye"],"picked":"Inserter"},{"not_picked":["Astrolabe","Lizard Tail"],"picked":"Cursed Key"}],"items_purged_floors":[19,46],"is_endless":false,"potions_floor_spawned":[8,16,18,21,23,37,40,42,49,50],"ascension_level":15}