{"gold_per_floor":[216,226,55,68,80,80,80,106,130,145,145,155,165,194,194,295,295,311,56,74,86,97,97,125,138,138,166,166,166,166,194,194,294,294,308,308,322,322,340,340,365,365,445,479,92,109,123,48,48,48],"floor_reached":51,"playtime":2946,"items_purged":["Self Repair"],"score":843,"play_id":"8662eb30-fde5-4207-876f-0f5e4f16dcc6","local_time":"20190404223240","is_ascension_mode":true,"campfire_choices":[{"data":"Zap","floor":6.0,"key":"SMITH"},{"data":"Defragment","floor":11.0,"key":"SMITH"},{"data":"Dualcast","floor":15.0,"key":"SMITH"},{"data":"Buffer","floor":23.0,"key":"SMITH"},{"floor":29.0,"key":"REST"},{"floor":32.0,"key":"REST"},{"data":"Consume","floor":40.0,"key":"SMITH"},{"data":"Go for the Eyes","floor":42.0,"key":"SMITH"},{"floor":49.0,"key":"REST"}],"neow_cost":"NONE","seed_source_timestamp":19816740866902,"circlet_count":0,"master_deck":["Defend_B+1","Defend_B+1","Defend_B+1","Zap+1","Dualcast+1","Ball Lightning+1","Leap","Streamline+1","Coolheaded","Steam","Conserve Battery","Defragment+1","Rebound","Conserve Battery","Buffer+1","Double Energy+1","Creative AI+1","Static Discharge+1","Hologram+1","Consume+1","Gash+1","Beam Cell+1","Gash","Ball Lightning+1","Echo Form","Stack","All For One","Go for the Eyes+1","Go for the Eyes+1","Biased Cognition","Gash+1","Secret Weapon","Loop+1"],"special_seed":0,"relics":["Cracked Core","Anchor","PreservedInsect","Whetstone","Blood Vial","Astrolabe","Bottled Lightning","Omamori","Cables","Kunai","Pen Nib","Empty Cage","Singing Bowl","Symbiotic Virus","Potion Belt"],"potions_floor_usage":[50,50,50],"damage_taken":[{"damage":1.0,"enemies":"Cultist","floor":1.0,"turns":3.0},{"damage":1.0,"enemies":"Small Slimes","floor":2.0,"turns":3.0},{"damage":1.0,"enemies":"Jaw Worm","floor":4.0,"turns":2.0},{"damage":0.0,"enemies":"Looter","floor":5.0,"turns":3.0},{"damage":20.0,"enemies":"3 Sentries","floor":8.0,"turns":6.0},{"damage":0.0,"enemies":"Exordium Wildlife","floor":10.0,"turns":2.0},{"damage":0.0,"enemies":"Large Slime","floor":12.0,"turns":3.0},{"damage":0.0,"enemies":"2 Fungi Beasts","floor":13.0,"turns":3.0},{"damage":5.0,"enemies":"Lagavulin","floor":14.0,"turns":4.0},{"damage":33.0,"enemies":"Slime Boss","floor":16.0,"turns":9.0},{"damage":6.0,"enemies":"Spheric Guardian","floor":18.0,"turns":6.0},{"damage":14.0,"enemies":"2 Thieves","floor":20.0,"turns":4.0},{"damage":2.0,"enemies":"Chosen and Byrds","floor":21.0,"turns":6.0},{"damage":10.0,"enemies":"Centurion and Healer","floor":22.0,"turns":6.0},{"damage":3.0,"enemies":"Slavers","floor":24.0,"turns":2.0},{"damage":36.0,"enemies":"Cultist and Chosen","floor":25.0,"turns":8.0},{"damage":6.0,"enemies":"Book of Stabbing","floor":27.0,"turns":4.0},{"damage":0.0,"enemies":"Colosseum Slavers","floor":28.0,"turns":3.0},{"damage":10.0,"enemies":"Slavers","floor":31.0,"turns":3.0},{"damage":37.0,"enemies":"Collector","floor":33.0,"turns":9.0},{"damage":7.0,"enemies":"3 Shapes","floor":35.0,"turns":3.0},{"damage":9.0,"enemies":"Orb Walker","floor":37.0,"turns":3.0},{"damage":0.0,"enemies":"4 Shapes","floor":39.0,"turns":7.0},{"damage":1.0,"enemies":"Reptomancer","floor":41.0,"turns":6.0},{"damage":0.0,"enemies":"Nemesis","floor":44.0,"turns":5.0},{"damage":42.0,"enemies":"Writhing Mass","floor":46.0,"turns":6.0},{"damage":15.0,"enemies":"3 Darklings","floor":47.0,"turns":3.0},{"damage":52,"enemies":"Time Eater","floor":50,"turns":8}],"seed_played":"3222565877737745428","potions_obtained":[{"floor":2.0,"key":"Energy Potion"},{"floor":4.0,"key":"Ancient Potion"},{"floor":5.0,"key":"Energy Potion"},{"floor":8.0,"key":"Dexterity Potion"},{"floor":21.0,"key":"PowerPotion"},{"floor":24.0,"key":"SteroidPotion"},{"floor":27.0,"key":"LiquidBronze"},{"floor":37.0,"key":"SkillPotion"},{"floor":39.0,"key":"FearPotion"},{"floor":41.0,"key":"Block Potion"},{"floor":44.0,"key":"Regen Potion"},{"floor":47.0,"key":"FocusPotion"}],"is_trial":false,"path_per_floor":["M","M","$","M","M","R","$","E","T","M","R","M","M","E","R","B",null,"M","$","M","M","M","R","E","M","T","E","?","R","?","E","R","B",null,"M","?","M","?","M","R","E","R","T","E","$","M","M","$","R","B",null],"character_chosen":"DEFECT","items_purchased":["Anchor","Streamline","Bottled Lightning","Fruit Juice","Secret Weapon","FearPotion","Explosive Potion"],"campfire_rested":3,"item_purchase_floors":[3,3,19,45,45,45,45],"current_hp_per_floor":[74,73,73,72,72,72,72,52,52,52,52,52,52,47,47,16,75,69,69,57,57,49,49,48,14,14,10,12,34,34,26,48,13,75,68,68,61,61,70,70,70,70,70,71,76,52,46,46,69,19],"gold":48,"neow_bonus":"HUNDRED_GOLD","is_prod":false,"is_daily":false,"chose_seed":false,"campfire_upgraded":6,"win_rate":0,"timestamp":1554409960,"path_taken":["M","M","$","M","M","R","$","E","T","M","R","M","M","E","R","BOSS","M","$","M","M","M","R","E","M","T","E","?","R","?","E","R","BOSS","M","?","M","?","M","R","E","R","T","E","$","M","M","?","R","BOSS"],"build_version":"2019-01-23","purchased_purges":1,"victory":true,"max_hp_per_floor":[75,75,75,75,75,75,75,75,75,75,75,75,75,75,75,75,75,75,75,75,75,75,75,75,75,75,75,75,75,75,75,75,75,75,75,71,71,71,71,71,71,71,71,71,76,78,78,78,78,78],"card_choices":[{"not_picked":["Turbo","Hologram"],"picked":"Ball Lightning","floor":1.0},{"not_picked":["Aggregate","Heatsinks"],"picked":"Leap","floor":2.0},{"not_picked":["Streamline","Double Energy"],"picked":"Coolheaded","floor":4.0},{"not_picked":["Aggregate","Redo"],"picked":"Steam","floor":5.0},{"not_picked":["Turbo","Heatsinks"],"picked":"Conserve Battery","floor":8.0},{"not_picked":["Barrage","Double Energy"],"picked":"Defragment","floor":10.0},{"not_picked":["Double Energy","Beam Cell"],"picked":"Rebound","floor":12.0},{"not_picked":["Redo","Steam Power","Blizzard"],"picked":"SKIP","floor":13.0},{"not_picked":["Multi-Cast","Streamline"],"picked":"Conserve Battery","floor":14.0},{"not_picked":["All For One","Rainbow"],"picked":"Buffer","floor":16.0},{"not_picked":["Steam Power+1","Darkness"],"picked":"Hologram+1","floor":18.0},{"not_picked":["Compile Driver","Coolheaded"],"picked":"Consume","floor":20.0},{"not_picked":["Recycle","Leap+1"],"picked":"Gash+1","floor":21.0},{"not_picked":["Loop","Lockon"],"picked":"Beam Cell+1","floor":22.0},{"not_picked":["Meteor Strike","Leap+1"],"picked":"Gash","floor":24.0},{"not_picked":["Conserve Battery","Rebound"],"picked":"Ball Lightning+1","floor":25.0},{"not_picked":["Streamline","Leap"],"picked":"Echo Form","floor":27.0},{"not_picked":["Leap","Fusion"],"picked":"Stack","floor":31.0},{"not_picked":["Seek","Core Surge"],"picked":"All For One","floor":33.0},{"not_picked":["Steam","Heatsinks+1"],"picked":"Self Repair","floor":35.0},{"not_picked":["Rebound","Double Energy+1"],"picked":"Go for the Eyes+1","floor":37.0},{"not_picked":["Steam+1","Redo+1"],"picked":"Go for the Eyes","floor":39.0},{"not_picked":["Reprogram","Heatsinks"],"picked":"Biased Cognition","floor":41.0},{"not_picked":["Blizzard+1","Hologram+1"],"picked":"Gash+1","floor":44.0},{"not_picked":["Barrage+1","Conserve Battery","Sweeping Beam"],"picked":"Singing Bowl","floor":46.0},{"not_picked":["Static Discharge+1","Tempest"],"picked":"Loop+1","floor":47.0}],"player_experience":679428,"relics_obtained":[{"floor":8.0,"key":"PreservedInsect"},{"floor":9.0,"key":"Whetstone"},{"floor":14.0,"key":"Blood Vial"},{"floor":24.0,"key":"Omamori"},{"floor":26.0,"key":"Cables"},{"floor":27.0,"key":"Kunai"},{"floor":31.0,"key":"Pen Nib"},{"floor":41.0,"key":"Singing Bowl"},{"floor":43.0,"key":"Symbiotic Virus"},{"floor":44.0,"key":"Potion Belt"}],"event_choices":[{"damage_healed":0.0,"max_hp_gain":0.0,"max_hp_loss":0.0,"gold_gain":0.0,"event_name":"Colosseum","player_choice":"Fight","floor":28.0,"gold_loss":0.0,"damage_taken":0.0},{"damage_healed":0.0,"max_hp_gain":0.0,"max_hp_loss":0.0,"gold_gain":0.0,"event_name":"Colosseum","player_choice":"Fled From Nobs","floor":28.0,"gold_loss":0.0,"damage_taken":0.0},{"damage_healed":0.0,"max_hp_gain":0.0,"max_hp_loss":0.0,"gold_gain":0.0,"event_name":"Back to Basics","player_choice":"Simplicity","floor":30.0,"gold_loss":0.0,"damage_taken":0.0,"cards_upgraded":["Strike_B","Defend_B","Defend_B","Defend_B","Defend_B"]},{"damage_healed":0.0,"max_hp_gain":0.0,"max_hp_loss":4.0,"gold_gain":0.0,"event_name":"Winding Halls","player_choice":"Max HP","floor":36.0,"gold_loss":0.0,"damage_taken":0.0},{"damage_healed":0.0,"max_hp_gain":0.0,"max_hp_loss":0.0,"gold_gain":0.0,"event_name":"Mysterious Sphere","player_choice":"Ignored","floor":38.0,"gold_loss":0.0,"damage_taken":0.0}],"is_beta":false,"boss_relics":[{"not_picked":["Tiny House","Orrery"],"picked":"Astrolabe"},{"not_picked":["Runic Pyramid","Velvet Choker"],"picked":"Empty Cage"}],"items_purged_floors":[48],"is_endless":false,"potions_floor_spawned":[2,4,5,8,12,14,21,24,25,27,28,37,39,41,44,47],"ascension_level":1}