{"gold_per_floor":[109,128,141,151,82,82,101,101,101,101,119,163,238,269,269,393,393,414,434,453,467,483,517,3,19,19,19,19,19,33,48,48,174,174,193,12,26,26,39,39],"floor_reached":40,"playtime":1623,"items_purged":[],"score":499,"play_id":"528101a6-3d50-46f3-9731-24f99e68d586","local_time":"20181116203843","is_ascension_mode":false,"campfire_choices":[{"data":"Rupture","floor":6,"key":"SMITH"},{"data":"Combust","floor":8,"key":"SMITH"},{"data":"Limit Break","floor":15,"key":"SMITH"},{"floor":29,"key":"REST"},{"data":"Demon Form","floor":32,"key":"SMITH"}],"neow_cost":"PERCENT_DAMAGE","seed_source_timestamp":218097732075841,"circlet_count":0,"master_deck":["Strike_R","Strike_R","Strike_R","Defend_R+1","Defend_R","Defend_R","Defend_R","Bash","Headbutt","Infernal Blade","Rupture+1","Flex","Shrug It Off+1","Power Through","Combust+1","Cleave","Limit Break+1","Demon Form+1","Spot Weakness","Brutality","Sword Boomerang+1","Sword Boomerang","Corruption+1","Heavy Blade+1","Berserk","Flex+1","Rupture","Panacea","Master of Strategy","Heavy Blade","True Grit+1","Metallicize+1","Limit Break","Thunderclap+1","Violence","Evolve","Twin Strike+1"],"relics":["Black Blood","War Paint","Golden Idol","Orichalcum","Pear","Omamori","Red Skull","Sundial","Coffee Dripper"],"potions_floor_usage":[7,16,16,20,23,23,25,33,39],"damage_taken":[{"damage":0,"enemies":"Small Slimes","floor":1,"turns":2},{"damage":2,"enemies":"Jaw Worm","floor":2,"turns":5},{"damage":9,"enemies":"2 Louse","floor":3,"turns":2},{"damage":5,"enemies":"Exordium Thugs","floor":4,"turns":6},{"damage":5,"enemies":"Red Slaver","floor":7,"turns":4},{"damage":13,"enemies":"Blue Slaver","floor":11,"turns":4},{"damage":10,"enemies":"3 Sentries","floor":12,"turns":5},{"damage":8,"enemies":"Gremlin Nob","floor":14,"turns":4},{"damage":29,"enemies":"Hexaghost","floor":16,"turns":9},{"damage":19,"enemies":"Spheric Guardian","floor":18,"turns":4},{"damage":11,"enemies":"Chosen","floor":19,"turns":4},{"damage":13,"enemies":"Centurion and Healer","floor":20,"turns":4},{"damage":17,"enemies":"Cultist and Chosen","floor":21,"turns":5},{"damage":43,"enemies":"Snake Plant","floor":22,"turns":5},{"damage":36,"enemies":"Gremlin Leader","floor":23,"turns":5},{"damage":4,"enemies":"Centurion and Healer","floor":25,"turns":3},{"damage":12,"enemies":"Snecko","floor":30,"turns":5},{"damage":2,"enemies":"Snake Plant","floor":31,"turns":2},{"damage":33,"enemies":"Collector","floor":33,"turns":6},{"damage":13,"enemies":"Orb Walker","floor":35,"turns":5},{"damage":15,"enemies":"3 Shapes","floor":37,"turns":3},{"damage":18,"enemies":"Jaw Worm Horde","floor":39,"turns":3},{"damage":79,"enemies":"Nemesis","floor":40,"turns":4}],"seed_played":"6906911351144445530","potions_obtained":[{"floor":1,"key":"BloodPotion"},{"floor":3,"key":"Block Potion"},{"floor":4,"key":"GamblersBrew"},{"floor":16,"key":"GamblersBrew"},{"floor":19,"key":"EssenceOfSteel"},{"floor":21,"key":"EssenceOfSteel"},{"floor":22,"key":"Fruit Juice"},{"floor":25,"key":"Poison Potion"},{"floor":30,"key":"Swift Potion"},{"floor":37,"key":"LiquidBronze"}],"is_trial":false,"path_per_floor":["M","M","M","M","$","R","M","R","T","?","M","E","?","E","R","B",null,"M","M","M","M","M","E","$","M","T","$","?","R","M","M","R","B",null,"M","$","M","?","M","E"],"character_chosen":"IRONCLAD","items_purchased":["Combust","Red Skull","Rupture","Panacea","Master of Strategy","Violence"],"campfire_rested":1,"item_purchase_floors":[5,24,24,24,24,36],"current_hp_per_floor":[62,66,63,64,64,64,73,73,73,53,46,42,31,39,39,16,90,81,80,77,70,37,16,16,22,22,22,22,50,48,56,56,33,95,92,92,87,87,79,0],"gold":39,"neow_bonus":"TRANSFORM_TWO_CARDS","is_prod":false,"is_daily":false,"chose_seed":false,"campfire_upgraded":4,"win_rate":0,"timestamp":1542397123,"path_taken":["M","M","M","M","$","R","M","R","T","?","M","E","?","E","R","BOSS","M","M","M","M","M","E","$","M","T","$","?","R","M","M","R","BOSS","M","$","M","?","?","E"],"build_version":"2018-11-15","purchased_purges":0,"victory":false,"max_hp_per_floor":[80,80,80,80,80,80,80,80,80,80,80,80,80,90,90,90,90,90,90,90,90,90,95,95,95,95,95,95,95,95,95,95,95,95,95,95,95,95,95,95],"card_choices":[{"not_picked":["Searing Blow","Sword Boomerang"],"picked":"Rupture","floor":1},{"not_picked":["Searing Blow","Armaments"],"picked":"Flex","floor":2},{"not_picked":["Anger","Evolve"],"picked":"Shrug It Off","floor":3},{"not_picked":["Havoc","Thunderclap"],"picked":"Power Through","floor":4},{"not_picked":["Iron Wave","Fire Breathing"],"picked":"Cleave","floor":7},{"not_picked":["Disarm","Cleave"],"picked":"Limit Break","floor":11},{"not_picked":["Feed","Armaments"],"picked":"Demon Form","floor":12},{"not_picked":["Reckless Charge","Pommel Strike"],"picked":"Spot Weakness","floor":14},{"not_picked":["Juggernaut","Double Tap"],"picked":"Brutality","floor":16},{"not_picked":["Flame Barrier+1","Spot Weakness"],"picked":"Sword Boomerang+1","floor":18},{"not_picked":["Hemokinesis","Shockwave"],"picked":"Sword Boomerang","floor":19},{"not_picked":["Blood for Blood+1","Clash"],"picked":"Corruption+1","floor":20},{"not_picked":["Pommel Strike","Havoc+1"],"picked":"Heavy Blade+1","floor":21},{"not_picked":["Cleave","Pommel Strike+1"],"picked":"Berserk","floor":22},{"not_picked":["Dual Wield+1","Brutality"],"picked":"Flex+1","floor":23},{"not_picked":["Twin Strike+1","Pommel Strike+1"],"picked":"Heavy Blade","floor":25},{"not_picked":["Infernal Blade","Dropkick"],"picked":"True Grit+1","floor":30},{"not_picked":["Rage","Warcry"],"picked":"Metallicize+1","floor":31},{"not_picked":["Fiend Fire","Bludgeon"],"picked":"Limit Break","floor":33},{"not_picked":["Twin Strike+1","Armaments"],"picked":"Thunderclap+1","floor":35},{"not_picked":["Fire Breathing","Clothesline+1"],"picked":"Evolve","floor":37},{"not_picked":["Uppercut+1","Clothesline+1"],"picked":"Twin Strike+1","floor":39}],"player_experience":340384,"relics_obtained":[{"floor":9,"key":"War Paint"},{"floor":12,"key":"Orichalcum"},{"floor":14,"key":"Pear"},{"floor":23,"key":"Omamori"},{"floor":26,"key":"Sundial"}],"event_choices":[{"damage_healed":0,"gold_gain":0,"player_choice":"Take Damage","damage_taken":20,"relics_obtained":["Golden Idol"],"max_hp_gain":0,"max_hp_loss":0,"event_name":"Golden Idol","floor":10,"gold_loss":0},{"damage_healed":0,"gold_gain":75,"player_choice":"Gather Gold","damage_taken":11,"max_hp_gain":0,"max_hp_loss":0,"event_name":"World of Goop","floor":13,"gold_loss":0},{"damage_healed":0,"gold_gain":0,"player_choice":"Ignored","damage_taken":0,"max_hp_gain":0,"max_hp_loss":0,"event_name":"Ghosts","floor":28,"gold_loss":0},{"damage_healed":0,"gold_gain":0,"player_choice":"Cursed","damage_taken":0,"max_hp_gain":0,"max_hp_loss":0,"event_name":"Wheel of Change","floor":38,"gold_loss":0,"cards_obtained":["Decay"]}],"is_beta":false,"boss_relics":[{"not_picked":["Eternal Feather","Astrolabe"],"picked":"Black Blood"},{"not_picked":["Snecko Eye","White Beast Statue"],"picked":"Coffee Dripper"}],"items_purged_floors":[],"is_endless":false,"potions_floor_spawned":[1,3,4,16,19,21,22,25,30,37],"killed_by":"Nemesis","ascension_level":0}