{"gold_per_floor":[111,127,139,139,153,183,183,196,196,208,219,21,121,132,132,236,236,250,101,101,61,61,61,80,94,173,184,194,194,194,207,207,207],"floor_reached":33,"playtime":3001,"items_purged":[],"score":291,"play_id":"af9cb267-1ece-4214-83d9-f06c30abba65","local_time":"20190404004350","is_ascension_mode":true,"campfire_choices":[{"floor":7,"key":"REST"},{"data":"Chaos","floor":15,"key":"SMITH"},{"data":"Rainbow","floor":23,"key":"SMITH"},{"floor":32,"key":"REST"}],"neow_cost":"NONE","seed_source_timestamp":38650627274499,"circlet_count":0,"master_deck":["Strike_B","Strike_B","Strike_B","Strike_B","Defend_B","Defend_B","Defend_B","Defend_B","Zap","Dualcast","Beam Cell","Conserve Battery","Cold Snap","Chaos+1","White Noise","Doom and Gloom","Barrage","Core Surge","Sunder","Rainbow+1","Coolheaded","Ball Lightning","Static Discharge+1","Darkness","Go for the Eyes","Sweeping Beam","Core Surge"],"relics":["Cracked Core","NeowsBlessing","NlothsMask","DataDisk","Lee\u0027s Waffle","Nuclear Battery","Bag of Preparation","The Courier"],"potions_floor_usage":[18,28,31],"damage_taken":[{"damage":0,"enemies":"Cultist","floor":1,"turns":1},{"damage":0,"enemies":"Jaw Worm","floor":2,"turns":1},{"damage":0,"enemies":"Small Slimes","floor":3,"turns":1},{"damage":2,"enemies":"Blue Slaver","floor":5,"turns":4},{"damage":17,"enemies":"3 Sentries","floor":6,"turns":11},{"damage":14,"enemies":"Exordium Thugs","floor":8,"turns":4},{"damage":16,"enemies":"2 Fungi Beasts","floor":10,"turns":3},{"damage":16,"enemies":"3 Louse","floor":11,"turns":4},{"damage":1,"enemies":"Exordium Thugs","floor":14,"turns":3},{"damage":60,"enemies":"Hexaghost","floor":16,"turns":10},{"damage":12,"enemies":"Chosen","floor":18,"turns":3},{"damage":17,"enemies":"2 Thieves","floor":24,"turns":4},{"damage":6,"enemies":"3 Cultists","floor":25,"turns":4},{"damage":12,"enemies":"Centurion and Healer","floor":27,"turns":4},{"damage":16,"enemies":"Snake Plant","floor":28,"turns":3},{"damage":9,"enemies":"Cultist and Chosen","floor":31,"turns":5},{"damage":41,"enemies":"Collector","floor":33,"turns":8}],"seed_played":"5323153459596528130","potions_obtained":[{"floor":1,"key":"EssenceOfSteel"},{"floor":6,"key":"Strength Potion"},{"floor":8,"key":"Strength Potion"},{"floor":11,"key":"Regen Potion"},{"floor":16,"key":"Poison Potion"},{"floor":25,"key":"Explosive Potion"},{"floor":27,"key":"EssenceOfSteel"},{"floor":31,"key":"Explosive Potion"}],"is_trial":false,"path_per_floor":["M","M","M","?","M","E","R","M","T","M","M","$","?","M","R","B",null,"M","$","?","?","$","R","M","M","T","M","M","?","?","M","R","B"],"character_chosen":"DEFECT","items_purchased":["Lee\u0027s Waffle","Coolheaded","Ball Lightning","Static Discharge"],"campfire_rested":2,"item_purchase_floors":[12,19,19,19],"current_hp_per_floor":[75,75,75,75,73,56,75,61,61,45,29,82,82,81,81,21,82,74,74,74,74,74,74,57,51,51,39,23,23,23,14,38,0],"gold":207,"neow_bonus":"THREE_ENEMY_KILL","is_prod":false,"is_daily":false,"chose_seed":false,"campfire_upgraded":2,"win_rate":0,"timestamp":1554335030,"path_taken":["M","?","M","?","?","E","R","M","T","M","M","$","?","?","R","BOSS","M","$","?","?","$","R","M","?","T","M","M","?","?","?","R","BOSS"],"build_version":"2019-01-23","purchased_purges":0,"victory":false,"max_hp_per_floor":[75,75,75,75,75,75,75,75,75,75,75,82,82,82,82,82,82,82,82,82,82,82,82,82,82,82,82,82,82,82,82,82,82],"card_choices":[{"not_picked":["Skim","Scrape"],"picked":"Beam Cell","floor":1},{"not_picked":["Go for the Eyes","Sweeping Beam"],"picked":"Conserve Battery","floor":2},{"not_picked":["Redo","Barrage"],"picked":"Cold Snap","floor":3},{"not_picked":["Streamline","Barrage"],"picked":"Chaos","floor":5},{"not_picked":["Skim","Seek"],"picked":"White Noise","floor":6},{"not_picked":["Ball Lightning","Steam"],"picked":"Doom and Gloom","floor":8},{"not_picked":["Stack","Scrape"],"picked":"Barrage","floor":10},{"not_picked":["Turbo","Stack"],"picked":"Core Surge","floor":11},{"not_picked":["Redo","Sweeping Beam"],"picked":"Sunder","floor":14},{"not_picked":["Amplify","Biased Cognition"],"picked":"Rainbow","floor":16},{"not_picked":["Turbo","Heatsinks","Steam"],"picked":"SKIP","floor":18},{"not_picked":["Sweeping Beam","Auto Shields","Streamline"],"picked":"SKIP","floor":24},{"not_picked":["Consume","Compile Driver"],"picked":"Darkness","floor":25},{"not_picked":["Barrage","Steam Power"],"picked":"Go for the Eyes","floor":27},{"not_picked":["Undo","Blizzard"],"picked":"Sweeping Beam","floor":28},{"not_picked":["Turbo","Stack"],"picked":"Core Surge","floor":31}],"player_experience":480048,"relics_obtained":[{"floor":6,"key":"DataDisk"},{"floor":26,"key":"The Courier"}],"event_choices":[{"damage_healed":0,"gold_gain":0,"player_choice":"Trade","damage_taken":0,"relics_obtained":["NlothsMask"],"max_hp_gain":0,"max_hp_loss":0,"event_name":"FaceTrader","floor":4,"gold_loss":0},{"damage_healed":0,"gold_gain":100,"player_choice":"Pray","damage_taken":0,"max_hp_gain":0,"max_hp_loss":0,"event_name":"Golden Shrine","floor":13,"gold_loss":0},{"damage_healed":0,"gold_gain":0,"player_choice":"Opened","damage_taken":0,"relics_obtained":["Bag of Preparation"],"max_hp_gain":0,"max_hp_loss":0,"event_name":"The Mausoleum","floor":20,"gold_loss":0},{"damage_healed":0,"gold_gain":0,"player_choice":"Upgrade","damage_taken":0,"max_hp_gain":0,"max_hp_loss":0,"event_name":"Designer","floor":21,"gold_loss":40,"cards_upgraded":["Static Discharge"]},{"damage_healed":0,"gold_gain":0,"player_choice":"Smashed Altar","damage_taken":0,"max_hp_gain":0,"max_hp_loss":0,"event_name":"Forgotten Altar","floor":29,"gold_loss":0,"cards_obtained":["Decay"]},{"cards_removed":["Decay"],"damage_healed":0,"gold_gain":0,"player_choice":"Purged","damage_taken":0,"max_hp_gain":0,"max_hp_loss":0,"event_name":"Purifier","floor":30,"gold_loss":0}],"is_beta":false,"boss_relics":[{"not_picked":["Eternal Feather","Coffee Dripper"],"picked":"Nuclear Battery"}],"items_purged_floors":[],"is_endless":false,"potions_floor_spawned":[1,6,8,11,16,25,27,31],"killed_by":"Collector","ascension_level":3}