{"gold_per_floor":[119,119,44,64,64,64,83,108,108,283,283,295,2,2,2,2],"floor_reached":16,"playtime":469,"items_purged":["Strike_R"],"score":127,"play_id":"9407b48e-1657-444d-840f-8854eb48a72d","local_time":"25610724180537","is_ascension_mode":true,"campfire_choices":[{"data":"Power Through","floor":6,"key":"SMITH"},{"floor":15,"key":"REST"}],"neow_cost":"","seed_source_timestamp":23336138391554,"circlet_count":0,"master_deck":["Strike_R","Strike_R","Strike_R+1","Strike_R","Defend_R+1","Defend_R","Defend_R","Defend_R","Bash","Thunderclap","Power Through+1","True Grit","Iron Wave","Doubt","Cleave+1","Deep Breath"],"relics":["Burning Blood","Sundial","Lantern","Thread and Needle","Molten Egg 2","Toy Ornithopter"],"potions_floor_usage":[16,16],"damage_taken":[{"damage":7,"enemies":"Jaw Worm","floor":1,"turns":3},{"damage":12,"enemies":"Small Slimes","floor":4,"turns":3},{"damage":1,"enemies":"2 Louse","floor":7,"turns":2},{"damage":46,"enemies":"Lagavulin","floor":8,"turns":7},{"damage":0,"enemies":"2 Fungi Beasts","floor":12,"turns":3},{"damage":31,"enemies":"The Guardian","floor":16,"turns":10}],"seed_played":"8909156961190491579","potions_obtained":[{"floor":7,"key":"SneckoOil"},{"floor":12,"key":"LiquidBronze"}],"is_trial":false,"path_per_floor":["M","?","$","M","?","R","M","E","T","?","T","M","$","$","R"],"character_chosen":"IRONCLAD","items_purchased":["Deep Breath","Toy Ornithopter"],"campfire_rested":1,"item_purchase_floors":[13,13],"current_hp_per_floor":[71,55,55,49,46,46,51,11,11,11,11,17,17,17,41,16],"gold":2,"neow_bonus":"","is_prod":false,"is_daily":false,"chose_seed":false,"campfire_upgraded":1,"win_rate":0,"timestamp":1532430337,"path_taken":["M","?","$","M","?","R","?","E","T","?","?","M","?","$","R","BOSS"],"build_version":"2018-07-19v2","purchased_purges":1,"victory":false,"max_hp_per_floor":[80,80,80,80,80,80,80,80,80,80,80,80,80,80,80,80],"card_choices":[{"not_picked":["Perfected Strike","Headbutt"],"picked":"Thunderclap","floor":1},{"not_picked":["Pommel Strike","Heavy Blade"],"picked":"Power Through","floor":4},{"not_picked":["Thunderclap","Body Slam"],"picked":"True Grit","floor":7},{"not_picked":["Juggernaut","Evolve"],"picked":"Iron Wave","floor":8},{"not_picked":["Body Slam+1","Bloodletting"],"picked":"Cleave+1","floor":12}],"player_experience":127938,"relics_obtained":[{"floor":8,"key":"Lantern"},{"floor":9,"key":"Thread and Needle"},{"floor":11,"key":"Molten Egg 2"}],"event_choices":[{"event_name":"Shining Light","player_choice":"Entered Light","floor":2,"damage_taken":0},{"event_name":"Scrap Ooze","player_choice":"success","floor":5,"damage_taken":3},{"event_name":"Liars Game","player_choice":"agreed","floor":10,"damage_taken":0}],"is_beta":false,"boss_relics":[],"items_purged_floors":[3],"is_endless":false,"potions_floor_spawned":[7,12],"killed_by":"The Guardian","ascension_level":6}