{"gold_per_floor":[113,129,79,79,96,129,141,153,153,153,173,191,3,42,42,197,197,212,212,212,227,265,275,275,306,330,349,469,469,522,542,542,658,658,690,707,627,381,413,413,447,464,488,515,188,188,288,305,305,325],"floor_reached":51,"playtime":9135,"items_purged":["Parasite","Pain"],"score":732,"play_id":"cb097b8c-2d82-45a5-9eea-ff29ca606e16","local_time":"20181231030319","is_ascension_mode":false,"campfire_choices":[{"floor":10,"key":"REST"},{"data":"Endless Agony","floor":15,"key":"SMITH"},{"data":"Glass Knife","floor":24,"key":"SMITH"},{"floor":32,"key":"REST"},{"floor":40,"key":"REST"},{"data":"Blade Dance","floor":49,"key":"SMITH"}],"neow_cost":"NONE","seed_source_timestamp":47843173545933,"circlet_count":0,"master_deck":["Defend_G+1","Defend_G+1","Defend_G+1","Defend_G+1","Strike_G+1","Strike_G+1","Strike_G+1","Strike_G+1","Strike_G+1","Survivor","Neutralize+1","Blade Dance+1","Blur","Dagger Throw","Die Die Die+1","Dash","Terror","After Image+1","Endless Agony+1","Dagger Throw","HandOfGreed","Escape Plan","Glass Knife+1","Sucker Punch+1","Acrobatics","Bouncing Flask+1","Flying Knee","Well Laid Plans","Caltrops+1","Tactician","Glass Knife","Decay","Deflect+1","Crippling Poison+1","Dagger Spray","Acrobatics+1","Predator+1","Tactician+1","Crippling Poison+1"],"relics":["Ring of the Snake","Bag of Marbles","Letter Opener","Busted Crown","Orichalcum","Gambling Chip","Gremlin Horn","Darkstone Periapt","Dodecahedron","Calling Bell","Centennial Puzzle","Pear","The Specimen","Ancient Tea Set","Whetstone","Lantern","MawBank","Ninja Scroll","FossilizedHelix"],"potions_floor_usage":[16,28,33,33,50,50],"damage_taken":[{"damage":1,"enemies":"Cultist","floor":1,"turns":4},{"damage":0,"enemies":"Jaw Worm","floor":2,"turns":5},{"damage":0,"enemies":"2 Louse","floor":5,"turns":3},{"damage":40,"enemies":"Gremlin Nob","floor":6,"turns":6},{"damage":6,"enemies":"Lots of Slimes","floor":7,"turns":2},{"damage":3,"enemies":"Exordium Wildlife","floor":8,"turns":5},{"damage":0,"enemies":"2 Fungi Beasts","floor":11,"turns":3},{"damage":0,"enemies":"3 Louse","floor":12,"turns":2},{"damage":0,"enemies":"Exordium Thugs","floor":14,"turns":2},{"damage":18,"enemies":"Slime Boss","floor":16,"turns":13},{"damage":0,"enemies":"Chosen","floor":18,"turns":4},{"damage":0,"enemies":"2 Thieves","floor":21,"turns":2},{"damage":4,"enemies":"Sentry and Sphere","floor":22,"turns":5},{"damage":0,"enemies":"Cultist and Chosen","floor":23,"turns":5},{"damage":5,"enemies":"Shelled Parasite and Fungi","floor":25,"turns":4},{"damage":3,"enemies":"Centurion and Healer","floor":27,"turns":6},{"damage":0,"enemies":"Colosseum Slavers","floor":28,"turns":1},{"damage":8,"enemies":"Colosseum Nobs","floor":28,"turns":4},{"damage":19,"enemies":"Book of Stabbing","floor":30,"turns":4},{"damage":0,"enemies":"Snecko","floor":31,"turns":2},{"damage":29,"enemies":"Automaton","floor":33,"turns":8},{"damage":8,"enemies":"3 Shapes","floor":35,"turns":2},{"damage":21,"enemies":"3 Darklings","floor":36,"turns":3},{"damage":1,"enemies":"4 Shapes","floor":39,"turns":1},{"damage":15,"enemies":"Reptomancer","floor":41,"turns":4},{"damage":38,"enemies":"Spire Growth","floor":42,"turns":5},{"damage":13,"enemies":"Transient","floor":44,"turns":5},{"damage":9,"enemies":"Mind Bloom Boss Battle","floor":47,"turns":4},{"damage":5,"enemies":"4 Shapes","floor":48,"turns":2},{"damage":51,"enemies":"Donu and Deca","floor":50,"turns":9}],"seed_played":"3020791026643253731","potions_obtained":[{"floor":6,"key":"EssenceOfSteel"},{"floor":7,"key":"Fire Potion"},{"floor":11,"key":"Dexterity Potion"},{"floor":18,"key":"Energy Potion"},{"floor":23,"key":"Swift Potion"},{"floor":30,"key":"PowerPotion"},{"floor":36,"key":"Block Potion"},{"floor":42,"key":"Weak Potion"},{"floor":47,"key":"SkillPotion"},{"floor":48,"key":"EssenceOfSteel"}],"is_trial":false,"path_per_floor":["M","M","?","?","M","E","M","M","T","R","M","M","$","M","R","B",null,"M","?","?","M","M","M","R","M","T","M","?","?","E","M","R","B",null,"M","M","?","$","M","R","E","M","T","M","$","?","?","M","R","B",null],"character_chosen":"THE_SILENT","items_purchased":["Dagger Throw","HandOfGreed","Whetstone","Dagger Spray","Ninja Scroll"],"campfire_rested":3,"item_purchase_floors":[13,13,38,38,45],"current_hp_per_floor":[76,76,76,76,76,36,30,27,27,50,50,50,50,50,50,32,77,77,77,77,77,73,73,73,68,68,65,57,57,38,38,61,32,105,97,76,76,76,75,102,87,49,49,36,36,89,80,75,75,24],"gold":325,"neow_bonus":"TEN_PERCENT_HP_BONUS","is_prod":false,"is_daily":false,"chose_seed":false,"campfire_upgraded":3,"win_rate":0.0,"timestamp":1546232599,"path_taken":["M","M","?","?","M","E","?","M","T","R","M","M","?","M","R","BOSS","M","?","?","?","M","M","R","M","T","M","?","?","E","M","R","BOSS","M","M","?","$","M","R","E","M","T","M","?","?","?","M","R","BOSS"],"build_version":"2018-12-20","purchased_purges":2,"victory":true,"max_hp_per_floor":[77,77,77,77,77,77,77,77,77,77,77,77,77,77,77,77,77,77,77,77,77,77,77,77,77,77,77,77,77,77,77,77,77,105,105,105,105,102,102,102,102,102,102,102,102,89,89,89,89,89],"card_choices":[{"not_picked":["Dodge and Roll","Slice"],"picked":"Blade Dance","floor":1},{"not_picked":["Heel Hook","PiercingWail"],"picked":"Blur","floor":2},{"not_picked":["Blade Dance","Slice"],"picked":"Dagger Throw","floor":5},{"not_picked":["Predator","Deflect"],"picked":"Die Die Die","floor":6},{"not_picked":["Dagger Throw","Quick Slash"],"picked":"Dash","floor":7},{"not_picked":["Outmaneuver","Sucker Punch"],"picked":"Terror","floor":8},{"not_picked":["PiercingWail","Prepared"],"picked":"After Image","floor":11},{"not_picked":["Footwork","Underhanded Strike"],"picked":"Endless Agony","floor":12},{"not_picked":["Terror","Dagger Spray"],"picked":"Escape Plan","floor":14},{"not_picked":["Night Terror","Malaise"],"picked":"Glass Knife","floor":16},{"not_picked":[],"picked":"Sucker Punch","floor":18},{"not_picked":[],"picked":"Acrobatics","floor":21},{"not_picked":[],"picked":"Bouncing Flask+1","floor":22},{"not_picked":[],"picked":"Flying Knee","floor":23},{"not_picked":["Bouncing Flask"],"picked":"SKIP","floor":25},{"not_picked":[],"picked":"Well Laid Plans","floor":27},{"not_picked":[],"picked":"Caltrops+1","floor":28},{"not_picked":[],"picked":"Tactician","floor":30},{"not_picked":["Terror+1"],"picked":"SKIP","floor":31},{"not_picked":[],"picked":"Glass Knife","floor":33},{"not_picked":[],"picked":"Deflect+1","floor":35},{"not_picked":[],"picked":"Crippling Poison+1","floor":36},{"not_picked":["Deflect"],"picked":"SKIP","floor":39},{"not_picked":[],"picked":"Acrobatics+1","floor":41},{"not_picked":[],"picked":"Predator+1","floor":42},{"not_picked":[],"picked":"Tactician+1","floor":44},{"not_picked":[],"picked":"Crippling Poison+1","floor":47},{"not_picked":["Dodge and Roll+1"],"picked":"SKIP","floor":48}],"player_experience":10505,"relics_obtained":[{"floor":6,"key":"Bag of Marbles"},{"floor":9,"key":"Letter Opener"},{"floor":26,"key":"Orichalcum"},{"floor":28,"key":"Gambling Chip"},{"floor":28,"key":"Gremlin Horn"},{"floor":30,"key":"Dodecahedron"},{"floor":34,"key":"Centennial Puzzle"},{"floor":34,"key":"Pear"},{"floor":34,"key":"The Specimen"},{"floor":41,"key":"Lantern"},{"floor":43,"key":"MawBank"},{"floor":47,"key":"FossilizedHelix"}],"event_choices":[{"cards_removed":["Defend_G"],"damage_healed":0,"gold_gain":0,"player_choice":"Card Removal","damage_taken":0,"max_hp_gain":0,"max_hp_loss":0,"event_name":"The Cleric","floor":3,"gold_loss":50},{"damage_healed":0,"gold_gain":0,"player_choice":"Forge","damage_taken":0,"max_hp_gain":0,"max_hp_loss":0,"event_name":"Accursed Blacksmith","floor":4,"gold_loss":0,"cards_upgraded":["Neutralize"]},{"damage_healed":0,"gold_gain":0,"player_choice":"Simplicity","damage_taken":0,"max_hp_gain":0,"max_hp_loss":0,"event_name":"Back to Basics","floor":19,"gold_loss":0,"cards_upgraded":["Defend_G","Defend_G","Defend_G","Defend_G","Strike_G","Strike_G","Strike_G","Strike_G","Strike_G"]},{"damage_healed":0,"gold_gain":0,"player_choice":"Upgraded","damage_taken":0,"max_hp_gain":0,"max_hp_loss":0,"event_name":"Upgrade Shrine","floor":20,"gold_loss":0,"cards_upgraded":["After Image"]},{"damage_healed":0,"gold_gain":0,"player_choice":"Fight","damage_taken":0,"max_hp_gain":0,"max_hp_loss":0,"event_name":"Colosseum","floor":28,"gold_loss":0},{"damage_healed":0,"gold_gain":0,"player_choice":"Fought Nobs","damage_taken":0,"max_hp_gain":0,"max_hp_loss":0,"event_name":"Colosseum","floor":28,"gold_loss":0},{"damage_healed":0,"gold_gain":0,"player_choice":"Opened","damage_taken":0,"relics_obtained":["Darkstone Periapt"],"max_hp_gain":0,"max_hp_loss":0,"event_name":"The Mausoleum","floor":29,"gold_loss":0},{"damage_healed":0,"gold_gain":0,"player_choice":"Paid Gold","damage_taken":0,"relics_obtained":["Ancient Tea Set"],"max_hp_gain":0,"max_hp_loss":0,"event_name":"WeMeetAgain","floor":37,"gold_loss":80},{"damage_healed":89,"gold_gain":0,"player_choice":"Heal","damage_taken":0,"max_hp_gain":0,"max_hp_loss":13,"event_name":"The Moai Head","floor":46,"gold_loss":0},{"damage_healed":0,"gold_gain":0,"player_choice":"Fight","damage_taken":0,"max_hp_gain":0,"max_hp_loss":0,"event_name":"MindBloom","floor":47,"gold_loss":0}],"is_beta":false,"boss_relics":[{"not_picked":["Eternal Feather","Black Star"],"picked":"Busted Crown"},{"not_picked":["Tiny House","Sozu"],"picked":"Calling Bell"}],"items_purged_floors":[38,45],"is_endless":false,"potions_floor_spawned":[6,7,11,14,18,23,28,30,31,36,42,47,48],"ascension_level":0}