{"gold_per_floor":[117,117,130,130,198,198,213,213,262,262,295,345,395,428,428,428],"floor_reached":16,"playtime":480,"items_purged":[],"score":236,"play_id":"1889aef2-9202-499a-b16e-bd35c234d6ec","local_time":"20181225190708","is_ascension_mode":true,"campfire_choices":[{"data":"Skewer","floor":6,"key":"SMITH"},{"floor":10,"key":"REST"},{"data":"Terror","floor":15,"key":"SMITH"}],"neow_cost":"NONE","seed_source_timestamp":0,"circlet_count":0,"master_deck":["AscendersBane","Defend_G","Defend_G","Defend_G","Defend_G","Defend_G","Strike_G","Strike_G","Strike_G","Strike_G","Strike_G","Survivor","Neutralize","Skewer+1","Terror+1","Underhanded Strike","Well Laid Plans","Acrobatics"],"special_seed":0,"relics":["Ring of the Snake","PreservedInsect","SsserpentHead","Happy Flower","Pen Nib","Oddly Smooth Stone"],"potions_floor_usage":[7,8],"damage_taken":[{"damage":13.0,"enemies":"Jaw Worm","floor":1.0,"turns":7.0},{"damage":12,"enemies":"Small Slimes","floor":3,"turns":4},{"damage":3,"enemies":"Cultist","floor":5,"turns":4},{"damage":22,"enemies":"Exordium Wildlife","floor":7,"turns":4},{"damage":0,"enemies":"Lagavulin","floor":8,"turns":4},{"damage":8,"enemies":"Gremlin Nob","floor":11,"turns":3},{"damage":5,"enemies":"Lagavulin","floor":14,"turns":6},{"damage":38,"enemies":"Slime Boss","floor":16,"turns":8}],"seed_played":"-6055332814112144689","potions_obtained":[{"floor":5,"key":"LiquidBronze"},{"floor":7,"key":"SmokeBomb"}],"is_trial":false,"path_per_floor":["M","?","M","?","M","R","M","E","T","R","E","?","?","E","R","B"],"character_chosen":"THE_SILENT","items_purchased":[],"campfire_rested":1,"item_purchase_floors":[],"current_hp_per_floor":[46,46,34,34,31,31,9,9,9,28,20,42,42,37,37,0],"gold":428,"neow_bonus":"RANDOM_COMMON_RELIC","is_prod":false,"is_daily":false,"chose_seed":true,"campfire_upgraded":2,"win_rate":0,"timestamp":1545736028,"path_taken":["M","?","M","?","?","R","M","E","T","R","E","?","?","E","R","BOSS"],"build_version":"2018-12-20","purchased_purges":0,"victory":false,"max_hp_per_floor":[66,66,66,66,66,66,66,66,66,66,66,66,66,66,66,66],"card_choices":[{"not_picked":["PiercingWail","Dodge and Roll"],"picked":"Skewer","floor":1.0},{"not_picked":["Slice","Prepared","Sucker Punch"],"picked":"SKIP","floor":3},{"not_picked":["Concentrate","Acrobatics"],"picked":"Terror","floor":5},{"not_picked":["Underhanded Strike","Flechettes","Sucker Punch"],"picked":"SKIP","floor":7},{"not_picked":["Flechettes","Sucker Punch"],"picked":"Underhanded Strike","floor":7},{"not_picked":["Flying Knee","Distraction"],"picked":"Well Laid Plans","floor":11},{"not_picked":["Noxious Fumes","Dash"],"picked":"Acrobatics","floor":14}],"player_experience":2445847,"relics_obtained":[{"floor":9,"key":"Happy Flower"},{"floor":11,"key":"Pen Nib"},{"floor":14,"key":"Oddly Smooth Stone"}],"event_choices":[{"damage_healed":0,"gold_gain":0,"player_choice":"Fled","damage_taken":0,"max_hp_gain":0,"max_hp_loss":0,"event_name":"Scrap Ooze","floor":2,"gold_loss":0},{"damage_healed":0,"gold_gain":0,"player_choice":"Trade","damage_taken":0,"relics_obtained":["SsserpentHead"],"max_hp_gain":0,"max_hp_loss":0,"event_name":"FaceTrader","floor":4,"gold_loss":0},{"damage_healed":22,"gold_gain":0,"player_choice":"Banana","damage_taken":0,"max_hp_gain":0,"max_hp_loss":0,"event_name":"Big Fish","floor":12,"gold_loss":0},{"damage_healed":0,"gold_gain":0,"player_choice":"Ignored","damage_taken":0,"max_hp_gain":0,"max_hp_loss":0,"event_name":"Liars Game","floor":13,"gold_loss":0}],"is_beta":false,"boss_relics":[],"items_purged_floors":[],"is_endless":false,"potions_floor_spawned":[5,7,8],"killed_by":"Slime Boss","ascension_level":20}