{"gold_per_floor":[115,115,115,80,80,80,115,115,140,140,150,166,66,76,76,180,180,180,180,180,105,54,54,54,54,54,18,18,18,18,18,18,18],"floor_reached":33,"playtime":1859,"items_purged":[],"score":395,"play_id":"ad89242c-e70b-4a1a-bc08-33787fce5b51","local_time":"20181227053445","is_ascension_mode":true,"campfire_choices":[{"data":"Madness","floor":6.0,"key":"SMITH"},{"floor":8.0,"key":"REST"},{"floor":10.0,"key":"REST"},{"data":"Genetic Algorithm","floor":15.0,"key":"SMITH"},{"floor":23.0,"key":"REST"},{"floor":25.0,"key":"REST"},{"floor":32,"key":"REST"}],"neow_cost":"NONE","seed_source_timestamp":52442215787008,"circlet_count":0,"master_deck":["AscendersBane","Strike_B+1","Strike_B","Strike_B","Defend_B+1","Defend_B","Zap+1","Dualcast+1","Madness+1","Storm","Electrodynamics+1","Hello World+1","Auto Shields","Conserve Battery","Loop+1","Genetic Algorithm+1","Creative AI+1","Doom and Gloom+1","Heatsinks+1","Rebound","Hologram+1","Steam","Force Field","Self Repair+1","FTL","Coolheaded+1"],"special_seed":0,"relics":["Cracked Core","War Paint","Frozen Egg 2","Vajra","Boot","Ectoplasm","Pear","Symbiotic Virus"],"potions_floor_usage":[33],"damage_taken":[{"damage":2.0,"enemies":"Jaw Worm","floor":1.0,"turns":3.0},{"damage":43.0,"enemies":"Lagavulin","floor":7.0,"turns":7.0},{"damage":2.0,"enemies":"2 Louse","floor":11.0,"turns":2.0},{"damage":0.0,"enemies":"Small Slimes","floor":12.0,"turns":2.0},{"damage":3.0,"enemies":"Looter","floor":14.0,"turns":3.0},{"damage":1.0,"enemies":"The Guardian","floor":16.0,"turns":11.0},{"damage":0.0,"enemies":"Chosen","floor":18.0,"turns":3.0},{"damage":10.0,"enemies":"Shell Parasite","floor":19.0,"turns":5.0},{"damage":37.0,"enemies":"Masked Bandits","floor":22.0,"turns":4.0},{"damage":27.0,"enemies":"Snake Plant","floor":24.0,"turns":4.0},{"damage":0.0,"enemies":"Cultist and Chosen","floor":28.0,"turns":4.0},{"damage":23,"enemies":"Book of Stabbing","floor":30,"turns":6},{"damage":22,"enemies":"Centurion and Healer","floor":31,"turns":5},{"damage":75,"enemies":"Champ","floor":33,"turns":10}],"seed_played":"807378365380264904","potions_obtained":[{"floor":12.0,"key":"Block Potion"},{"floor":14.0,"key":"Fire Potion"},{"floor":28.0,"key":"SteroidPotion"}],"is_trial":false,"path_per_floor":["M","?","?","?","T","R","E","R","T","R","M","M","$","M","R","B",null,"M","M","?","?","?","R","M","R","T","$","M","?","M","R","B"],"character_chosen":"DEFECT","items_purchased":["Conserve Battery","Loop+1","Hologram","Force Field"],"campfire_rested":5,"item_purchase_floors":[13,13,22,27],"current_hp_per_floor":[66,51,39,57,57,57,14,36,36,58,56,56,56,53,53,52,69,69,59,59,59,22,44,17,39,49,49,49,49,36,24,49,0],"gold":18,"neow_bonus":"RANDOM_COLORLESS","is_prod":false,"is_daily":false,"chose_seed":false,"campfire_upgraded":2,"win_rate":0,"timestamp":1545885285,"path_taken":["M","?","?","?","?","R","E","R","T","R","M","M","$","M","R","BOSS","M","M","?","?","?","R","?","R","T","?","?","?","E","M","R","BOSS"],"build_version":"2018-12-25","purchased_purges":0,"victory":false,"max_hp_per_floor":[75,75,75,75,75,75,75,75,75,75,75,75,75,75,75,75,75,75,75,75,75,75,75,75,75,85,85,85,85,85,85,85,85],"card_choices":[{"not_picked":["Steam","Reprogram"],"picked":"Storm","floor":1.0},{"not_picked":["Hologram","Auto Shields"],"picked":"Electrodynamics+1","floor":7.0},{"not_picked":["Barrage","Redo"],"picked":"Hello World+1","floor":11.0},{"not_picked":["Lockon","Melter"],"picked":"Auto Shields","floor":12.0},{"not_picked":["Hologram","Coolheaded"],"picked":"Genetic Algorithm","floor":14.0},{"not_picked":["Thunder Strike","All For One"],"picked":"Creative AI+1","floor":16.0},{"not_picked":["Capacitor+1","Beam Cell+1"],"picked":"Doom and Gloom+1","floor":18.0},{"not_picked":["Turbo","Melter","Scrape"],"picked":"SKIP","floor":19.0},{"not_picked":["Reprogram+1","Redo"],"picked":"Steam","floor":24.0},{"not_picked":["Barrage","Doom and Gloom+1"],"picked":"Self Repair+1","floor":28.0},{"not_picked":["Conserve Battery","Beam Cell"],"picked":"FTL","floor":30},{"not_picked":["Fusion","Barrage"],"picked":"Coolheaded+1","floor":31}],"player_experience":309882,"relics_obtained":[{"floor":5.0,"key":"Frozen Egg 2"},{"floor":7.0,"key":"Vajra"},{"floor":9.0,"key":"Boot"},{"floor":26.0,"key":"Pear"},{"floor":30,"key":"Symbiotic Virus"}],"event_choices":[{"damage_healed":0.0,"max_hp_gain":0.0,"max_hp_loss":0.0,"gold_gain":0.0,"event_name":"Shining Light","player_choice":"Entered Light","floor":2.0,"gold_loss":0.0,"damage_taken":15.0,"cards_upgraded":["Defend_B","Strike_B"]},{"damage_healed":0.0,"max_hp_gain":0.0,"max_hp_loss":0.0,"gold_gain":0.0,"event_name":"Scrap Ooze","player_choice":"Success","floor":3.0,"gold_loss":0.0,"damage_taken":12.0,"relics_obtained":["War Paint"]},{"damage_healed":18.0,"max_hp_gain":0.0,"max_hp_loss":0.0,"gold_gain":0.0,"event_name":"The Cleric","player_choice":"Healed","floor":4.0,"gold_loss":35.0,"damage_taken":0.0},{"damage_healed":0.0,"max_hp_gain":0.0,"max_hp_loss":0.0,"gold_gain":0.0,"cards_transformed":["Strike_B","Defend_B"],"event_name":"Drug Dealer","player_choice":"Became Test Subject","floor":20.0,"gold_loss":0.0,"damage_taken":0.0,"cards_obtained":["Heatsinks","Rebound"]},{"cards_removed":["Defend_B"],"damage_healed":0.0,"max_hp_gain":0.0,"max_hp_loss":0.0,"gold_gain":0.0,"event_name":"Beggar","player_choice":"Gave Gold","floor":21.0,"gold_loss":75.0,"damage_taken":0.0},{"damage_healed":0.0,"max_hp_gain":0.0,"max_hp_loss":0.0,"gold_gain":0.0,"event_name":"Masked Bandits","player_choice":"Fought Bandits","floor":22.0,"gold_loss":0.0,"damage_taken":0.0},{"damage_healed":0.0,"max_hp_gain":0.0,"max_hp_loss":0.0,"gold_gain":0.0,"event_name":"Upgrade Shrine","player_choice":"Upgraded","floor":29.0,"gold_loss":0.0,"damage_taken":0.0,"cards_upgraded":["Hologram"]}],"is_beta":true,"boss_relics":[{"not_picked":["Runic Pyramid","Coffee Dripper"],"picked":"Ectoplasm"}],"items_purged_floors":[],"is_endless":false,"potions_floor_spawned":[12,14,22,28],"killed_by":"Champ","ascension_level":10}