{"gold_per_floor":[361,21,37,50,50,50,50,50,50,70,83,83,124,142,142,236,236,249,249,78,101,101,101,140,160,206,220,220,260,285,304,304,400,400,413,413,413,427,446,446,464,497,544,568,607,622,660,660,660,660],"floor_reached":50,"playtime":3348,"items_purged":["Writhe"],"score":1277,"play_id":"d5f28b5c-073c-41d5-aceb-3b57f8c5e85b","local_time":"20190414105036","is_ascension_mode":true,"campfire_choices":[{"data":"Bash","floor":6.0,"key":"SMITH"},{"data":"Pommel Strike","floor":8.0,"key":"SMITH"},{"data":"Disarm","floor":15.0,"key":"SMITH"},{"data":"Spot Weakness","floor":23.0,"key":"SMITH"},{"data":"Demon Form","floor":28.0,"key":"SMITH"},{"floor":32.0,"key":"REST"},{"data":"Disarm","floor":40,"key":"SMITH"},{"floor":49,"key":"RECALL"}],"neow_cost":"CURSE","seed_source_timestamp":2172759524571800,"circlet_count":0,"master_deck":["AscendersBane","Strike_R","Strike_R","Strike_R","Strike_R","Defend_R","Defend_R","Defend_R","Bash+1","Pommel Strike+1","Thunderclap+1","Anger+1","Disarm+1","Disarm+1","Ghostly Armor","Iron Wave+1","Bludgeon+1","Twin Strike+1","Spot Weakness+1","Dropkick+1","Demon Form+1","Pummel+1","Clothesline+1","Shockwave+1","True Grit+1","Offering+1","Inflame","Metallicize+1","Whirlwind+1","Spot Weakness+1","Regret","Bludgeon+1","Limit Break+1"],"special_seed":0,"relics":["Burning Blood","Molten Egg 2","Golden Idol","Torii","Red Skull","Pen Nib","Cursed Key","Oddly Smooth Stone","Darkstone Periapt","Anchor","Toxic Egg 2","Snecko Eye","Du-Vu Doll","Incense Burner","Singing Bowl"],"potions_floor_usage":[33,33,42,42,50,50],"damage_taken":[{"damage":21.0,"enemies":"Jaw Worm","floor":1.0,"turns":6.0},{"damage":4.0,"enemies":"2 Louse","floor":3.0,"turns":3.0},{"damage":0.0,"enemies":"Small Slimes","floor":4.0,"turns":3.0},{"damage":7.0,"enemies":"Exordium Thugs","floor":10.0,"turns":4.0},{"damage":13.0,"enemies":"3 Louse","floor":11.0,"turns":3.0},{"damage":31.0,"enemies":"Gremlin Nob","floor":13.0,"turns":4.0},{"damage":2.0,"enemies":"2 Fungi Beasts","floor":14.0,"turns":3.0},{"damage":6.0,"enemies":"The Guardian","floor":16.0,"turns":12.0},{"damage":14.0,"enemies":"3 Byrds","floor":18.0,"turns":6.0},{"damage":9.0,"enemies":"Shell Parasite","floor":21.0,"turns":5.0},{"damage":11.0,"enemies":"Gremlin Leader","floor":24.0,"turns":8.0},{"damage":1.0,"enemies":"Centurion and Healer","floor":25.0,"turns":4.0},{"damage":17.0,"enemies":"3 Cultists","floor":27.0,"turns":4.0},{"damage":21.0,"enemies":"Book of Stabbing","floor":29.0,"turns":6.0},{"damage":0.0,"enemies":"Chosen and Byrds","floor":30.0,"turns":4.0},{"damage":14.0,"enemies":"Snake Plant","floor":31.0,"turns":2.0},{"damage":15,"enemies":"Champ","floor":33,"turns":8},{"damage":34,"enemies":"3 Darklings","floor":35,"turns":5},{"damage":6,"enemies":"Orb Walker","floor":38,"turns":2},{"damage":10,"enemies":"Writhing Mass","floor":39,"turns":6},{"damage":15,"enemies":"Maw","floor":41,"turns":6},{"damage":36,"enemies":"Reptomancer","floor":42,"turns":5},{"damage":0,"enemies":"3 Darklings","floor":44,"turns":2},{"damage":7,"enemies":"Nemesis","floor":45,"turns":3},{"damage":6,"enemies":"Spire Growth","floor":46,"turns":2},{"damage":6,"enemies":"Giant Head","floor":47,"turns":4},{"damage":33,"enemies":"Awakened One","floor":50,"turns":3}],"seed_played":"1720976085911513492","potions_obtained":[{"floor":10.0,"key":"Weak Potion"},{"floor":11.0,"key":"SkillPotion"},{"floor":21.0,"key":"Explosive Potion"},{"floor":24.0,"key":"Poison Potion"},{"floor":25.0,"key":"Ancient Potion"},{"floor":29.0,"key":"Ancient Potion"},{"floor":39,"key":"LiquidBronze"},{"floor":41,"key":"Poison Potion"},{"floor":44,"key":"Swift Potion"},{"floor":46,"key":"EssenceOfSteel"}],"is_trial":false,"path_per_floor":["M","$","M","M","?","R","T","R","T","M","M","?","E","M","R","B",null,"M","?","$","M","?","R","E","M","T","M","R","E","M","M","R","B",null,"M","?","?","M","M","R","M","E","T","M","E","M","E","?","R","B"],"character_chosen":"IRONCLAD","items_purchased":["Molten Egg 2","Oddly Smooth Stone"],"campfire_rested":1,"item_purchase_floors":[2,20],"current_hp_per_floor":[53,53,55,61,61,61,61,61,61,60,53,53,28,32,32,32,59,51,51,51,48,48,48,43,48,54,43,43,28,34,26,48,39,65,37,58,58,58,54,54,45,15,21,27,26,26,26,26,26,0],"gold":660,"neow_bonus":"TWO_FIFTY_GOLD","is_prod":false,"is_daily":false,"chose_seed":false,"campfire_upgraded":6,"win_rate":0,"timestamp":1555235436,"path_taken":["M","$","M","M","?","R","?","R","T","M","M","?","E","?","R","BOSS","M","?","?","M","?","R","E","M","T","?","R","E","M","M","R","BOSS","M","?","?","M","?","R","M","E","T","M","E","M","E","?","R","BOSS"],"build_version":"2019-01-23","purchased_purges":1,"victory":false,"max_hp_per_floor":[75,75,75,75,68,68,68,68,68,68,68,68,68,68,68,68,68,68,68,68,68,68,68,68,68,74,74,74,74,74,74,74,74,74,74,80,80,80,80,80,80,80,86,86,86,86,86,86,86,86],"card_choices":[{"not_picked":["True Grit","Feel No Pain"],"picked":"Pommel Strike","floor":1.0},{"not_picked":["Body Slam+1","Perfected Strike+1"],"picked":"Thunderclap+1","floor":3.0},{"not_picked":["Power Through","Clash+1"],"picked":"Anger+1","floor":4.0},{"not_picked":["Warcry","Wild Strike+1"],"picked":"Disarm","floor":10.0},{"not_picked":["Power Through","Thunderclap+1"],"picked":"Disarm","floor":11.0},{"not_picked":["Berserk","Armaments"],"picked":"Ghostly Armor","floor":13.0},{"not_picked":["Hemokinesis+1","Armaments"],"picked":"Iron Wave+1","floor":14.0},{"not_picked":["Impervious","Berserk"],"picked":"Bludgeon+1","floor":16.0},{"not_picked":["Sever Soul+1","Warcry"],"picked":"Twin Strike+1","floor":18.0},{"not_picked":["Blood for Blood+1","Iron Wave+1"],"picked":"Spot Weakness","floor":21.0},{"not_picked":["Iron Wave+1","Second Wind"],"picked":"Dropkick+1","floor":24.0},{"not_picked":["Warcry+1","Blood for Blood+1"],"picked":"Demon Form","floor":25.0},{"not_picked":["Shockwave","Wild Strike+1"],"picked":"Pummel+1","floor":27.0},{"not_picked":["Second Wind","Warcry"],"picked":"Clothesline+1","floor":29.0},{"not_picked":["Anger+1","Disarm+1"],"picked":"Shockwave+1","floor":30.0},{"not_picked":["Ghostly Armor+1","Uppercut+1"],"picked":"True Grit+1","floor":31.0},{"not_picked":["Dark Embrace","Bludgeon+1"],"picked":"Offering+1","floor":33},{"not_picked":["Rupture","Twin Strike+1","Clash+1"],"picked":"SKIP","floor":35},{"not_picked":["Rupture","Warcry+1"],"picked":"Inflame","floor":38},{"not_picked":["Armaments+1","Twin Strike+1"],"picked":"Metallicize+1","floor":39},{"not_picked":["Battle Trance+1","Anger+1"],"picked":"Whirlwind+1","floor":41},{"not_picked":["Thunderclap+1","Evolve+1"],"picked":"Spot Weakness+1","floor":42},{"not_picked":["Thunderclap+1","Hemokinesis+1"],"picked":"Bludgeon+1","floor":44},{"not_picked":["Second Wind+1","Twin Strike+1","Armaments+1"],"picked":"SKIP","floor":45},{"not_picked":["Power Through+1","Body Slam+1","Wild Strike+1"],"picked":"SKIP","floor":46},{"not_picked":["Inflame","Battle Trance+1"],"picked":"Limit Break+1","floor":47}],"player_experience":2727698,"relics_obtained":[{"floor":7.0,"key":"Torii"},{"floor":9.0,"key":"Red Skull"},{"floor":13.0,"key":"Pen Nib"},{"floor":24.0,"key":"Darkstone Periapt"},{"floor":26.0,"key":"Anchor"},{"floor":29.0,"key":"Toxic Egg 2"},{"floor":42,"key":"Du-Vu Doll"},{"floor":45,"key":"Incense Burner"},{"floor":47,"key":"Singing Bowl"}],"event_choices":[{"damage_healed":0.0,"max_hp_gain":0.0,"max_hp_loss":7.0,"gold_gain":0.0,"event_name":"Golden Idol","player_choice":"Lose Max HP","floor":5.0,"gold_loss":0.0,"damage_taken":0.0,"relics_obtained":["Golden Idol"]},{"cards_removed":["Strike_R"],"damage_healed":0.0,"max_hp_gain":0.0,"max_hp_loss":0.0,"gold_gain":0.0,"event_name":"Living Wall","player_choice":"Forget","floor":12.0,"gold_loss":0.0,"damage_taken":0.0},{"damage_healed":0.0,"max_hp_gain":0.0,"max_hp_loss":0.0,"gold_gain":0.0,"event_name":"The Mausoleum","player_choice":"Ignored","floor":19.0,"gold_loss":0.0,"damage_taken":0.0},{"damage_healed":0.0,"max_hp_gain":0.0,"max_hp_loss":0.0,"gold_gain":0.0,"event_name":"Ghosts","player_choice":"Ignored","floor":22.0,"gold_loss":0.0,"damage_taken":0.0},{"damage_healed":15,"gold_gain":0,"player_choice":"Writhe","damage_taken":0,"max_hp_gain":0,"max_hp_loss":0,"event_name":"Winding Halls","floor":36,"gold_loss":0,"cards_obtained":["Writhe"]},{"cards_removed":["Writhe","Normality"],"damage_healed":0,"gold_gain":0,"player_choice":"Removed Curses","damage_taken":0,"max_hp_gain":0,"max_hp_loss":0,"event_name":"Fountain of Cleansing","floor":37,"gold_loss":0},{"cards_removed":["Defend_R"],"damage_healed":0,"gold_gain":0,"player_choice":"Removed Skill","damage_taken":0,"max_hp_gain":0,"max_hp_loss":0,"event_name":"Falling","floor":48,"gold_loss":0}],"is_beta":false,"boss_relics":[{"not_picked":["Black Star","Runic Cube"],"picked":"Cursed Key"},{"not_picked":["Eternal Feather","Pandora\u0027s Box"],"picked":"Snecko Eye"}],"items_purged_floors":[2],"is_endless":false,"potions_floor_spawned":[10,11,13,21,24,25,29,31,39,41,44,46],"killed_by":"Awakened One","ascension_level":20}