{"gold_per_floor":[111,111,12,22,32,32,57,11,35,35,66,85,85,104,104,180,180,192,41,52,72,87,87,99,124,124,24,55,105,105,27,27,100,100,116,116,44,54,71,104,104,115,145,191,191,210,226,236,236,236],"floor_reached":50,"playtime":2643,"items_purged":["Strike_G","Strike_G"],"score":1005,"play_id":"73bc5345-889d-48d8-9ae5-acae5ed8a8d1","local_time":"20181030113134","is_ascension_mode":true,"campfire_choices":[{"data":"Neutralize","floor":6.0,"key":"SMITH"},{"data":"Dagger Spray","floor":13.0,"key":"SMITH"},{"data":"Noxious Fumes","floor":15.0,"key":"SMITH"},{"data":"Footwork","floor":23.0,"key":"SMITH"},{"floor":30.0,"key":"REST"},{"floor":32.0,"key":"REST"},{"data":"Cloak And Dagger","floor":41.0,"key":"SMITH"},{"floor":45.0,"key":"DIG"},{"floor":49.0,"key":"REST"}],"neow_cost":"NONE","seed_source_timestamp":84274069731703,"circlet_count":0,"master_deck":["Defend_G","Defend_G","Defend_G","Defend_G","Defend_G","Strike_G+1","Strike_G","Survivor","Neutralize+1","AscendersBane","Wraith Form v2","Sucker Punch","Flying Knee","Dagger Spray+1","Backflip","Dagger Spray","Cloak And Dagger+1","Well Laid Plans","Noxious Fumes+1","Leg Sweep","Adrenaline","Footwork+1","PiercingWail","Dodge and Roll","Venomology","Backstab+1","Distraction+1","Blade Dance","Cloak And Dagger"],"special_seed":0,"relics":["Ring of the Snake","Boot","Art of War","Prayer Wheel","Sundial","Busted Crown","Shuriken","Bag of Preparation","Shovel","Eternal Feather","Gremlin Horn","Tiny Chest","Blood Vial","Whetstone"],"potions_floor_usage":[50,50,50],"damage_taken":[{"damage":5.0,"enemies":"Small Slimes","floor":1.0,"turns":5.0},{"damage":0.0,"enemies":"Jaw Worm","floor":4.0,"turns":5.0},{"damage":3.0,"enemies":"2 Louse","floor":5.0,"turns":3.0},{"damage":14.0,"enemies":"Lagavulin","floor":7.0,"turns":8.0},{"damage":5.0,"enemies":"3 Sentries","floor":11.0,"turns":6.0},{"damage":1.0,"enemies":"2 Fungi Beasts","floor":12.0,"turns":2.0},{"damage":4.0,"enemies":"Looter","floor":14.0,"turns":4.0},{"damage":0.0,"enemies":"Slime Boss","floor":16.0,"turns":9.0},{"damage":0.0,"enemies":"Chosen","floor":18.0,"turns":5.0},{"damage":0.0,"enemies":"3 Byrds","floor":20.0,"turns":3.0},{"damage":7.0,"enemies":"Sentry and Sphere","floor":21.0,"turns":8.0},{"damage":4.0,"enemies":"Snake Plant","floor":22.0,"turns":7.0},{"damage":0.0,"enemies":"Centurion and Healer","floor":24.0,"turns":7.0},{"damage":8.0,"enemies":"Book of Stabbing","floor":25.0,"turns":7.0},{"damage":29.0,"enemies":"Slavers","floor":28.0,"turns":6.0},{"damage":50.0,"enemies":"Automaton","floor":33.0,"turns":13.0},{"damage":10.0,"enemies":"3 Darklings","floor":35.0,"turns":5.0},{"damage":5.0,"enemies":"Orb Walker","floor":38.0,"turns":5.0},{"damage":0.0,"enemies":"Jaw Worm Horde","floor":39.0,"turns":4.0},{"damage":28.0,"enemies":"Nemesis","floor":40.0,"turns":11.0},{"damage":2.0,"enemies":"4 Shapes","floor":42.0,"turns":9.0},{"damage":20.0,"enemies":"Spire Growth","floor":46.0,"turns":7.0},{"damage":0.0,"enemies":"Jaw Worm Horde","floor":47.0,"turns":5.0},{"damage":4.0,"enemies":"4 Shapes","floor":48.0,"turns":10.0},{"damage":81,"enemies":"Donu and Deca","floor":50,"turns":10}],"seed_played":"-8488927606082053022","potions_obtained":[{"floor":5.0,"key":"Fire Potion"},{"floor":11.0,"key":"Weak Potion"},{"floor":12.0,"key":"Block Potion"},{"floor":18.0,"key":"LiquidBronze"},{"floor":20.0,"key":"Strength Potion"},{"floor":47.0,"key":"PowerPotion"}],"is_trial":false,"path_per_floor":["M","?","$","M","M","R","E","$","T","T","E","M","R","M","R","B",null,"M","$","M","M","M","R","M","E","T","$","E","?","R","$","R","B",null,"M","?","$","M","M","E","R","M","T","T","R","M","M","M","R"],"character_chosen":"THE_SILENT","items_purchased":["Flying Knee","Strength Potion","Cloak And Dagger","Footwork","Backstab","Regen Potion"],"campfire_rested":3,"item_purchase_floors":[3,3,8,19,31,37],"current_hp_per_floor":[54,59,59,59,56,56,42,42,42,42,37,36,36,32,32,32,61,61,61,61,54,50,50,50,42,42,42,13,13,34,34,55,5,55,45,45,45,40,40,27,42,40,40,40,55,37,39,37,71,0],"gold":236,"neow_bonus":"TRANSFORM_CARD","is_prod":false,"is_daily":false,"chose_seed":false,"campfire_upgraded":5,"win_rate":0,"timestamp":1540924294,"path_taken":["M","?","$","M","M","R","E","?","T","?","E","M","R","M","R","BOSS","M","$","M","M","M","R","M","E","T","$","E","?","R","?","R","BOSS","M","?","$","M","M","E","R","?","T","?","R","M","M","M","R","BOSS"],"build_version":"2018-10-25v2","purchased_purges":2,"victory":false,"max_hp_per_floor":[66,71,71,71,71,71,71,71,71,71,71,71,71,71,71,71,71,71,71,71,71,71,71,71,71,71,71,71,71,71,71,71,71,71,71,71,71,71,71,71,71,71,71,71,71,71,71,71,71,71],"card_choices":[{"not_picked":["Prepared","All Out Attack"],"picked":"Sucker Punch","floor":1.0},{"not_picked":["Flying Knee","Poisoned Stab"],"picked":"Dagger Spray","floor":4.0},{"not_picked":["Dagger Throw","Reflex"],"picked":"Backflip","floor":5.0},{"not_picked":["Acrobatics","Deadly Poison"],"picked":"Dagger Spray","floor":7.0},{"not_picked":["Quick Slash","Storm of Steel"],"picked":"Well Laid Plans","floor":11.0},{"not_picked":["Dagger Spray","Reflex"],"picked":"Noxious Fumes","floor":12.0},{"not_picked":["Dagger Spray","Tactician","Underhanded Strike"],"picked":"SKIP","floor":12.0},{"not_picked":["Terror","Underhanded Strike"],"picked":"Leg Sweep","floor":14.0},{"not_picked":["Deadly Poison","Outmaneuver","Backflip"],"picked":"SKIP","floor":14.0},{"not_picked":["Doppelganger","Wraith Form v2"],"picked":"Adrenaline","floor":16.0},{"not_picked":["Dagger Throw"],"picked":"SKIP","floor":18.0},{"not_picked":["Outmaneuver"],"picked":"SKIP","floor":18.0},{"not_picked":["Blade Dance"],"picked":"SKIP","floor":20.0},{"not_picked":["Concentrate"],"picked":"SKIP","floor":20.0},{"not_picked":[],"picked":"PiercingWail","floor":21.0},{"not_picked":["Slice"],"picked":"SKIP","floor":21.0},{"not_picked":["Well Laid Plans"],"picked":"SKIP","floor":22.0},{"not_picked":["Endless Agony"],"picked":"SKIP","floor":22.0},{"not_picked":[],"picked":"Dodge and Roll","floor":24.0},{"not_picked":["PiercingWail+1"],"picked":"SKIP","floor":24.0},{"not_picked":["Deadly Poison"],"picked":"SKIP","floor":25.0},{"not_picked":[],"picked":"Venomology","floor":28.0},{"not_picked":[],"picked":"Distraction+1","floor":35.0},{"not_picked":["Flying Knee"],"picked":"SKIP","floor":35.0},{"not_picked":["Dodge and Roll"],"picked":"SKIP","floor":38.0},{"not_picked":["Outmaneuver"],"picked":"SKIP","floor":38.0},{"not_picked":["Sucker Punch+1"],"picked":"SKIP","floor":39.0},{"not_picked":["Deadly Poison+1"],"picked":"SKIP","floor":39.0},{"not_picked":["Tactician"],"picked":"SKIP","floor":40.0},{"not_picked":["All Out Attack"],"picked":"SKIP","floor":42.0},{"not_picked":["Underhanded Strike"],"picked":"SKIP","floor":42.0},{"not_picked":[],"picked":"Blade Dance","floor":46.0},{"not_picked":["Blade Dance"],"picked":"SKIP","floor":46.0},{"not_picked":[],"picked":"Cloak And Dagger","floor":47.0},{"not_picked":["Setup"],"picked":"SKIP","floor":47.0},{"not_picked":["Poisoned Stab+1"],"picked":"SKIP","floor":48.0},{"not_picked":["Quick Slash"],"picked":"SKIP","floor":48.0}],"player_experience":1522592,"relics_obtained":[{"floor":7.0,"key":"Boot"},{"floor":9.0,"key":"Art of War"},{"floor":10.0,"key":"Prayer Wheel"},{"floor":11.0,"key":"Sundial"},{"floor":25.0,"key":"Shuriken"},{"floor":26.0,"key":"Bag of Preparation"},{"floor":28.0,"key":"Shovel"},{"floor":40.0,"key":"Gremlin Horn"},{"floor":43.0,"key":"Tiny Chest"},{"floor":44.0,"key":"Blood Vial"},{"floor":45.0,"key":"Whetstone"}],"event_choices":[{"damage_healed":0.0,"max_hp_gain":5.0,"max_hp_loss":0.0,"gold_gain":0.0,"event_name":"Big Fish","player_choice":"Donut","floor":2.0,"gold_loss":0.0,"damage_taken":0.0},{"damage_healed":0.0,"max_hp_gain":0.0,"max_hp_loss":0.0,"gold_gain":50.0,"event_name":"Nest","player_choice":"Stole From Cult","floor":29.0,"gold_loss":0.0,"damage_taken":0.0},{"damage_healed":0.0,"max_hp_gain":0.0,"max_hp_loss":0.0,"gold_gain":0.0,"event_name":"Tomb of Lord Red Mask","player_choice":"Ignored","floor":36.0,"gold_loss":0.0,"damage_taken":0.0}],"is_beta":false,"boss_relics":[{"not_picked":["White Beast Statue","Pandora\u0027s Box"],"picked":"Busted Crown"},{"not_picked":["Philosopher\u0027s Stone","Calling Bell"],"picked":"Eternal Feather"}],"items_purged_floors":[19,27],"is_endless":false,"potions_floor_spawned":[5,11,12,18,20,22,35,47,48],"killed_by":"Donu and Deca","ascension_level":15}