{"gold_per_floor":[117,36,46,64,82,82,107,107,107,134,134,134,32,48,48,148,148,148,73,73,73],"floor_reached":21,"playtime":716,"items_purged":["Parasite"],"score":281,"play_id":"ac49389f-fca3-41f7-903d-2128d4970f06","local_time":"20181104225508","is_ascension_mode":true,"campfire_choices":[{"data":"Static Discharge","floor":6,"key":"SMITH"},{"floor":8,"key":"REST"},{"floor":12,"key":"REST"},{"data":"Genetic Algorithm","floor":15,"key":"SMITH"}],"neow_cost":"NONE","seed_source_timestamp":6477828840980,"circlet_count":0,"master_deck":["AscendersBane","Strike_B","Strike_B","Strike_B","Strike_B","Defend_B","Defend_B","Defend_B","Defend_B","Zap","Dualcast","Thunder Strike","Genetic Algorithm+1","Static Discharge+1","Tempest","Rip and Tear","Stack","Steam Power","Loop","Steam","Thunder Strike","Shame"],"relics":["Cracked Core","Oddly Smooth Stone","Singing Bowl","Kunai","Ectoplasm","Smiling Mask"],"potions_floor_usage":[7,7,16,18],"damage_taken":[{"damage":6,"enemies":"Cultist","floor":1,"turns":5},{"damage":6,"enemies":"Jaw Worm","floor":3,"turns":3},{"damage":12,"enemies":"Small Slimes","floor":4,"turns":3},{"damage":7,"enemies":"Looter","floor":5,"turns":3},{"damage":30,"enemies":"Lagavulin","floor":7,"turns":5},{"damage":22,"enemies":"3 Sentries","floor":10,"turns":5},{"damage":3,"enemies":"Exordium Wildlife","floor":14,"turns":3},{"damage":22,"enemies":"The Guardian","floor":16,"turns":5},{"damage":16,"enemies":"Chosen","floor":18,"turns":5},{"damage":36,"enemies":"Colosseum Slavers","floor":21,"turns":4},{"damage":29,"enemies":"Colosseum Nobs","floor":21,"turns":2}],"seed_played":"-5118992970049627976","potions_obtained":[{"floor":1,"key":"PowerPotion"},{"floor":3,"key":"Dexterity Potion"},{"floor":4,"key":"FearPotion"},{"floor":10,"key":"PowerPotion"},{"floor":16,"key":"SkillPotion"}],"is_trial":false,"path_per_floor":["M","$","M","M","M","R","E","R","T","E","?","R","$","M","R","B",null,"M","$","?","?"],"character_chosen":"DEFECT","items_purchased":["Static Discharge","Loop","Steam"],"campfire_rested":2,"item_purchase_floors":[2,13,13],"current_hp_per_floor":[62,62,56,44,37,37,7,29,29,9,28,51,51,50,50,28,66,52,52,52,0],"gold":73,"neow_bonus":"ONE_RANDOM_RARE_CARD","is_prod":false,"is_daily":false,"chose_seed":false,"campfire_upgraded":2,"win_rate":0,"timestamp":1541368508,"path_taken":["M","$","M","?","M","R","E","R","T","E","?","R","$","M","R","BOSS","M","$","?","?"],"build_version":"2018-11-01","purchased_purges":1,"victory":false,"max_hp_per_floor":[75,75,75,75,75,75,75,75,75,77,77,77,77,79,79,79,79,81,78,78,78],"card_choices":[{"not_picked":["Stack","Gash"],"picked":"Genetic Algorithm","floor":1},{"not_picked":["Recycle","Static Discharge"],"picked":"Tempest","floor":3},{"not_picked":["Genetic Algorithm","Hologram"],"picked":"Rip and Tear","floor":4},{"not_picked":["Darkness","Barrage"],"picked":"Stack","floor":5},{"not_picked":["Conserve Battery","Barrage"],"picked":"Steam Power","floor":7},{"not_picked":["Blizzard","Skim","Melter"],"picked":"Singing Bowl","floor":10},{"not_picked":["Doom and Gloom","Fusion","Compile Driver"],"picked":"Singing Bowl","floor":14},{"not_picked":["Seek","Multi-Cast"],"picked":"Thunder Strike","floor":16},{"not_picked":["Rebound","Scrape","Stack"],"picked":"Singing Bowl","floor":18}],"player_experience":315164,"relics_obtained":[{"floor":7,"key":"Oddly Smooth Stone"},{"floor":9,"key":"Singing Bowl"},{"floor":10,"key":"Kunai"}],"event_choices":[{"damage_healed":19,"gold_gain":0,"player_choice":"Healed and dodged fight","damage_taken":0,"max_hp_gain":0,"max_hp_loss":0,"event_name":"Mushrooms","floor":11,"gold_loss":0,"cards_obtained":["Parasite"]},{"damage_healed":0,"gold_gain":0,"player_choice":"Stole Relic","damage_taken":0,"relics_obtained":["Smiling Mask"],"max_hp_gain":0,"max_hp_loss":0,"event_name":"Addict","floor":20,"gold_loss":0,"cards_obtained":["Shame"]},{"damage_healed":0,"gold_gain":0,"player_choice":"Fight","damage_taken":0,"max_hp_gain":0,"max_hp_loss":0,"event_name":"Colosseum","floor":21,"gold_loss":0},{"damage_healed":0,"gold_gain":0,"player_choice":"Fought Nobs","damage_taken":0,"max_hp_gain":0,"max_hp_loss":0,"event_name":"Colosseum","floor":21,"gold_loss":0}],"is_beta":false,"boss_relics":[{"not_picked":["White Beast Statue","Eternal Feather"],"picked":"Ectoplasm"}],"items_purged_floors":[19],"is_endless":false,"potions_floor_spawned":[1,3,4,10,16,21],"killed_by":"Colosseum Nobs","ascension_level":10}