{"gold_per_floor":[116,130,142,158,171,171,200,200,200,213,269,269,299,70,70,141,141,153,22,41,41,53,87,87,105,158,158,158,189,207,220,220,295,295,310,327,327,342,354,382,382,37,37,66,66,99,117,131,131,131],"floor_reached":51,"playtime":2521,"items_purged":[],"score":1397,"play_id":"5113218e-34e4-42b5-9979-704d77f94702","local_time":"20181024104421","is_ascension_mode":true,"campfire_choices":[{"data":"Terror","floor":6,"key":"SMITH"},{"data":"Neutralize","floor":8,"key":"SMITH"},{"floor":12,"key":"REST"},{"data":"Dagger Spray","floor":15,"key":"SMITH"},{"floor":24,"key":"REST"},{"floor":28,"key":"REST"},{"floor":32,"key":"REST"},{"data":"Finisher","floor":41,"key":"SMITH"},{"data":"Blur","floor":45,"key":"SMITH"},{"data":"Dodge and Roll","floor":49,"key":"SMITH"}],"neow_cost":"NONE","seed_source_timestamp":4444420358145,"circlet_count":0,"master_deck":["Defend_G+1","Defend_G+1","Defend_G+1","Defend_G+1","Defend_G+1","Strike_G+1","Strike_G+1","Strike_G+1","Strike_G+1","Survivor+1","Neutralize+1","AscendersBane","Bane","Backflip","Terror+1","Dash+1","Caltrops","Flying Knee","Dagger Spray+1","Adrenaline+1","Backstab+1","Finisher+1","Backflip","Dagger Spray+1","Dagger Spray","After Image","Blur+1","Sucker Punch+1","Dagger Spray+1","Dodge and Roll+1"],"relics":["Ring of the Snake","Gremlin Horn","Singing Bowl","Kunai","Shuriken","Centennial Puzzle","Philosopher\u0027s Stone","Vajra","Tiny Chest","Strawberry","Eternal Feather","War Paint","Whetstone","Bronze Scales","The Courier","Anchor","Dream Catcher"],"potions_floor_usage":[7,11,13,16,23,23,38,39,40,50,50],"damage_taken":[{"damage":1,"enemies":"Small Slimes","floor":1,"turns":4},{"damage":11,"enemies":"Jaw Worm","floor":2,"turns":6},{"damage":3,"enemies":"2 Louse","floor":3,"turns":4},{"damage":0,"enemies":"2 Fungi Beasts","floor":4,"turns":4},{"damage":0,"enemies":"Blue Slaver","floor":5,"turns":5},{"damage":7,"enemies":"3 Sentries","floor":7,"turns":9},{"damage":7,"enemies":"Large Slime","floor":10,"turns":6},{"damage":6,"enemies":"Lagavulin Event","floor":11,"turns":5},{"damage":10,"enemies":"Gremlin Nob","floor":13,"turns":3},{"damage":4,"enemies":"Slime Boss","floor":16,"turns":6},{"damage":39,"enemies":"3 Byrds","floor":18,"turns":3},{"damage":0,"enemies":"Shell Parasite","floor":20,"turns":3},{"damage":1,"enemies":"Sentry and Sphere","floor":22,"turns":4},{"damage":15,"enemies":"Book of Stabbing","floor":23,"turns":4},{"damage":16,"enemies":"Shelled Parasite and Fungi","floor":25,"turns":3},{"damage":16,"enemies":"Gremlin Leader","floor":29,"turns":3},{"damage":3,"enemies":"Snake Plant","floor":30,"turns":3},{"damage":0,"enemies":"Centurion and Healer","floor":31,"turns":3},{"damage":45,"enemies":"Automaton","floor":33,"turns":7},{"damage":0,"enemies":"Orb Walker","floor":35,"turns":2},{"damage":14,"enemies":"3 Shapes","floor":36,"turns":5},{"damage":16,"enemies":"Jaw Worm Horde","floor":38,"turns":3},{"damage":0,"enemies":"Transient","floor":39,"turns":5},{"damage":10,"enemies":"Giant Head","floor":40,"turns":8},{"damage":7,"enemies":"Nemesis","floor":44,"turns":7},{"damage":11,"enemies":"Reptomancer","floor":46,"turns":4},{"damage":1,"enemies":"Writhing Mass","floor":47,"turns":5},{"damage":5,"enemies":"Sphere and 2 Shapes","floor":48,"turns":5},{"damage":2,"enemies":"Awakened One","floor":50,"turns":15}],"seed_played":"-677442637260630933","potions_obtained":[{"floor":1,"key":"SkillPotion"},{"floor":7,"key":"SkillPotion"},{"floor":11,"key":"Poison Potion"},{"floor":13,"key":"Fire Potion"},{"floor":18,"key":"Strength Potion"},{"floor":25,"key":"Weak Potion"},{"floor":29,"key":"Weak Potion"},{"floor":33,"key":"Energy Potion"},{"floor":39,"key":"SneckoOil"},{"floor":40,"key":"Weak Potion"}],"is_trial":false,"path_per_floor":["M","M","M","M","M","R","E","R","T","M","?","R","E","$","R","B",null,"M","$","M","?","M","E","R","M","T","?","R","E","M","M","R","B",null,"M","M","?","M","M","E","R","$","T","E","R","E","M","M","R","B"],"character_chosen":"THE_SILENT","items_purchased":["Regen Potion","Centennial Puzzle","Finisher","Backflip","Dexterity Potion","Whetstone","Bronze Scales"],"campfire_rested":4,"item_purchase_floors":[14,14,19,19,42,42,42],"current_hp_per_floor":[58,47,44,44,44,44,37,37,37,30,24,43,35,35,35,31,59,20,20,20,20,21,20,41,27,27,27,49,40,39,41,66,21,69,71,59,59,43,43,35,50,50,50,43,58,49,48,45,63,61],"gold":131,"neow_bonus":"REMOVE_CARD","is_prod":false,"is_daily":false,"chose_seed":false,"campfire_upgraded":6,"win_rate":0,"timestamp":1540403061,"path_taken":["M","M","M","M","M","R","E","R","T","M","?","R","E","$","R","BOSS","M","$","?","?","M","E","R","M","T","?","R","E","M","?","R","BOSS","M","M","?","M","M","E","R","$","T","E","R","E","?","M","R","BOSS"],"build_version":"2018-10-18","purchased_purges":0,"victory":true,"max_hp_per_floor":[66,66,66,66,66,66,66,66,66,66,66,66,68,68,68,68,68,68,68,68,68,70,72,72,74,74,74,74,81,83,85,85,85,85,87,89,89,89,89,91,91,91,91,91,91,93,93,95,95,95],"card_choices":[{"not_picked":["Expertise","Prepared"],"picked":"Bane","floor":1},{"not_picked":["Escape Plan","Underhanded Strike"],"picked":"Backflip","floor":2},{"not_picked":["Setup","Choke"],"picked":"Terror","floor":3},{"not_picked":["Dodge and Roll","Blade Dance"],"picked":"Bouncing Flask","floor":4},{"not_picked":["Underhanded Strike","Distraction"],"picked":"Dash","floor":5},{"not_picked":["Predator","Leg Sweep"],"picked":"Caltrops","floor":7},{"not_picked":["Acrobatics","Tactician"],"picked":"Flying Knee","floor":10},{"not_picked":["Heel Hook","Backflip"],"picked":"Dagger Spray","floor":11},{"not_picked":["Flechettes","Eviscerate","Bouncing Flask"],"picked":"Singing Bowl","floor":13},{"not_picked":["Corpse Explosion","Doppelganger"],"picked":"Adrenaline","floor":16},{"not_picked":["PiercingWail","Deflect"],"picked":"Backstab","floor":18},{"not_picked":["Dodge and Roll","Bane+1"],"picked":"Dagger Spray+1","floor":20},{"not_picked":["Flechettes","Underhanded Strike+1","PiercingWail"],"picked":"Singing Bowl","floor":22},{"not_picked":["Tactician","Quick Slash","Sucker Punch"],"picked":"Singing Bowl","floor":23},{"not_picked":["Tactician+1","Outmaneuver","Riddle With Holes"],"picked":"Singing Bowl","floor":25},{"not_picked":["All Out Attack","Acrobatics"],"picked":"Dagger Spray","floor":29},{"not_picked":["Dagger Throw","PiercingWail","Acrobatics+1"],"picked":"Singing Bowl","floor":30},{"not_picked":["Backflip","Unload","Dagger Throw"],"picked":"Singing Bowl","floor":31},{"not_picked":["Phantasmal Killer","Malaise"],"picked":"After Image","floor":33},{"not_picked":["Sucker Punch","Footwork+1","Skewer"],"picked":"Singing Bowl","floor":35},{"not_picked":["Leg Sweep","Heel Hook","Well Laid Plans"],"picked":"Singing Bowl","floor":36},{"not_picked":["Prepared+1","Dodge and Roll"],"picked":"Blur","floor":38},{"not_picked":["Backflip","Masterful Stab"],"picked":"Sucker Punch+1","floor":39},{"not_picked":["Flying Knee+1","Endless Agony","Bouncing Flask"],"picked":"Singing Bowl","floor":40},{"not_picked":["Poisoned Stab","Underhanded Strike"],"picked":"Dagger Spray+1","floor":44},{"not_picked":["Distraction+1","Blur","Infinite Blades"],"picked":"Singing Bowl","floor":46},{"not_picked":["Deadly Poison","Concentrate"],"picked":"Dodge and Roll","floor":47},{"not_picked":["Quick Slash","Expertise","Night Terror"],"picked":"Singing Bowl","floor":48}],"player_experience":1443885,"relics_obtained":[{"floor":7,"key":"Gremlin Horn"},{"floor":9,"key":"Singing Bowl"},{"floor":13,"key":"Shuriken"},{"floor":23,"key":"Vajra"},{"floor":26,"key":"Tiny Chest"},{"floor":29,"key":"Strawberry"},{"floor":40,"key":"War Paint"},{"floor":43,"key":"The Courier"},{"floor":44,"key":"Anchor"},{"floor":46,"key":"Dream Catcher"}],"event_choices":[{"damage_healed":0,"gold_gain":0,"player_choice":"Searched \u00272\u0027 times","damage_taken":0,"relics_obtained":["Kunai"],"max_hp_gain":0,"max_hp_loss":0,"event_name":"Dead Adventurer","floor":11,"gold_loss":0},{"damage_healed":0,"gold_gain":0,"player_choice":"Ignored","damage_taken":0,"max_hp_gain":0,"max_hp_loss":0,"event_name":"Cursed Tome","floor":21,"gold_loss":0},{"damage_healed":0,"gold_gain":0,"player_choice":"Simplicity","damage_taken":0,"max_hp_gain":0,"max_hp_loss":0,"event_name":"Back to Basics","floor":27,"gold_loss":0,"cards_upgraded":["Defend_G","Defend_G","Defend_G","Defend_G","Defend_G","Strike_G","Strike_G","Strike_G","Strike_G"]},{"cards_removed":["Bouncing Flask"],"damage_healed":0,"gold_gain":0,"player_choice":"Removed Skill","damage_taken":0,"max_hp_gain":0,"max_hp_loss":0,"event_name":"Falling","floor":37,"gold_loss":0}],"is_beta":false,"boss_relics":[{"not_picked":["Runic Pyramid","Velvet Choker"],"picked":"Philosopher\u0027s Stone"},{"not_picked":["White Beast Statue","Black Star"],"picked":"Eternal Feather"}],"items_purged_floors":[],"is_endless":false,"potions_floor_spawned":[1,7,11,13,18,20,25,29,33,36,39,40,47],"ascension_level":15}