{"gold_per_floor":[114,114,114,127,147,175,72,72],"floor_reached":8,"playtime":198,"items_purged":["Strike_R"],"score":112,"play_id":"726b11ef-ca1a-4c69-9643-b63bc7e578c0","local_time":"20181207171903","is_ascension_mode":true,"campfire_choices":[],"neow_cost":"NONE","seed_source_timestamp":3314259337991,"circlet_count":0,"master_deck":["AscendersBane","Strike_R","Strike_R","Strike_R","Strike_R","Defend_R","Defend_R","Defend_R","Defend_R","Bash","Sword Boomerang","Feel No Pain","Perfected Strike","Corruption","Twin Strike"],"special_seed":0,"relics":["Burning Blood","NeowsBlessing","Bottled Tornado"],"potions_floor_usage":[],"damage_taken":[{"damage":0.0,"enemies":"2 Louse","floor":1.0,"turns":1.0},{"damage":0.0,"enemies":"Cultist","floor":4.0,"turns":1.0},{"damage":0.0,"enemies":"Small Slimes","floor":5.0,"turns":1.0},{"damage":25.0,"enemies":"3 Sentries","floor":6.0,"turns":7.0},{"damage":42,"enemies":"Exordium Thugs","floor":8,"turns":5}],"seed_played":"-7403111973132930785","potions_obtained":[{"floor":5.0,"key":"SkillPotion"}],"is_trial":false,"path_per_floor":["M","?","?","M","M","E","E","$","M"],"character_chosen":"IRONCLAD","items_purchased":["Twin Strike"],"campfire_rested":0,"item_purchase_floors":[7],"current_hp_per_floor":[74,74,75,75,75,56,56,14],"gold":72,"neow_bonus":"THREE_ENEMY_KILL","is_prod":false,"is_daily":false,"chose_seed":false,"campfire_upgraded":0,"win_rate":0,"timestamp":1544174343,"path_taken":["M","?","?","?","?","E","?","M"],"build_version":"2018-12-06","purchased_purges":1,"victory":false,"max_hp_per_floor":[75,75,75,75,75,75,75,75],"card_choices":[{"not_picked":["Armaments","Thunderclap"],"picked":"Sword Boomerang","floor":1.0},{"not_picked":["True Grit","Body Slam"],"picked":"Feel No Pain","floor":4.0},{"not_picked":["Warcry","Rupture","Perfected Strike"],"picked":"SKIP","floor":5.0},{"not_picked":["Warcry","Rupture"],"picked":"Perfected Strike","floor":5.0},{"not_picked":["Wild Strike","True Grit"],"picked":"Corruption","floor":6}],"player_experience":2293665,"relics_obtained":[{"floor":6,"key":"Bottled Tornado"}],"event_choices":[{"damage_healed":0.0,"max_hp_gain":0.0,"max_hp_loss":0.0,"gold_gain":0.0,"event_name":"Shining Light","player_choice":"Ignored","floor":2.0,"gold_loss":0.0,"damage_taken":0.0},{"damage_healed":1.0,"max_hp_gain":0.0,"max_hp_loss":0.0,"gold_gain":0.0,"event_name":"Wheel of Change","player_choice":"Full Heal","floor":3.0,"gold_loss":0.0,"damage_taken":0.0}],"is_beta":false,"boss_relics":[],"items_purged_floors":[7],"is_endless":false,"potions_floor_spawned":[5],"killed_by":"Exordium Thugs","ascension_level":20}