{"gold_per_floor":[369,384,384,11,25,25,60,60,84,102,121,121,135,149,149,225,225,237,27,43,143,143],"floor_reached":22,"playtime":954,"items_purged":[],"score":376,"play_id":"7987cc4b-6c90-4222-83c5-a4ed72879a64","local_time":"20181210174343","is_ascension_mode":true,"campfire_choices":[{"data":"Darkness","floor":6.0,"key":"SMITH"},{"data":"Doom and Gloom","floor":8.0,"key":"SMITH"},{"floor":15.0,"key":"REST"}],"neow_cost":"PERCENT_DAMAGE","seed_source_timestamp":144161583555,"circlet_count":0,"master_deck":["AscendersBane","Strike_B","Strike_B","Strike_B","Defend_B","Defend_B","Zap","Dualcast","Darkness+1","Hologram","Doom and Gloom+1","Beam Cell","Auto Shields+1","Leap","Coolheaded","Compile Driver","Steam","Rainbow","Stack+1","Genetic Algorithm+1","Beam Cell+1","Reprogram+1","Self Repair","Apotheosis","Machine Learning","Aggregate","Reinforced Body+1"],"special_seed":0,"relics":["Cracked Core","Prayer Wheel","Bronze Scales","Bag of Preparation","Astrolabe","Emotion Chip","Mummified Hand"],"potions_floor_usage":[22],"damage_taken":[{"damage":9.0,"enemies":"Jaw Worm","floor":1.0,"turns":4.0},{"damage":0.0,"enemies":"Cultist","floor":2.0,"turns":3.0},{"damage":4.0,"enemies":"2 Louse","floor":5.0,"turns":4.0},{"damage":52.0,"enemies":"3 Sentries","floor":7.0,"turns":8.0},{"damage":12.0,"enemies":"Red Slaver","floor":10.0,"turns":4.0},{"damage":12.0,"enemies":"Exordium Wildlife","floor":11.0,"turns":3.0},{"damage":0.0,"enemies":"2 Fungi Beasts","floor":13.0,"turns":2.0},{"damage":0.0,"enemies":"3 Louse","floor":14.0,"turns":2.0},{"damage":17.0,"enemies":"Slime Boss","floor":16.0,"turns":9.0},{"damage":7.0,"enemies":"Chosen","floor":18.0,"turns":5.0},{"damage":9.0,"enemies":"Spheric Guardian","floor":20.0,"turns":5.0},{"damage":16.0,"enemies":"Colosseum Slavers","floor":21.0,"turns":4.0},{"damage":31.0,"enemies":"Colosseum Nobs","floor":21.0,"turns":3.0},{"damage":9,"enemies":"Snake Plant","floor":22,"turns":3}],"seed_played":"-4430119693111824665","potions_obtained":[{"floor":5.0,"key":"Regen Potion"},{"floor":13.0,"key":"PowerPotion"},{"floor":16.0,"key":"Poison Potion"},{"floor":18.0,"key":"FocusPotion"},{"floor":20.0,"key":"Energy Potion"},{"floor":21.0,"key":"PowerPotion"}],"is_trial":false,"path_per_floor":["M","M","?","$","M","R","E","R","T","M","M","?","M","M","R","B",null,"M","$","M","?","M"],"character_chosen":"DEFECT","items_purchased":["Prayer Wheel","Hologram","Apotheosis"],"campfire_rested":1,"item_purchase_floors":[4,4,19],"current_hp_per_floor":[37,37,71,71,67,67,30,30,30,18,6,6,6,6,27,10,56,49,49,50,3,0],"gold":143,"neow_bonus":"TWO_FIFTY_GOLD","is_prod":false,"is_daily":false,"chose_seed":false,"campfire_upgraded":2,"win_rate":0,"timestamp":1544435023,"path_taken":["M","M","?","?","M","R","E","R","T","?","?","?","?","M","R","BOSS","M","$","M","?","M"],"build_version":"2018-12-06","purchased_purges":0,"victory":false,"max_hp_per_floor":[71,71,71,71,71,71,71,71,71,71,71,71,71,71,71,71,71,71,71,71,71,71],"card_choices":[{"not_picked":["Steam","Heatsinks"],"picked":"Darkness","floor":1.0},{"not_picked":["Consume","Go for the Eyes"],"picked":"BootSequence","floor":2.0},{"not_picked":["Sweeping Beam","Auto Shields"],"picked":"Doom and Gloom","floor":5.0},{"not_picked":["Turbo","Sweeping Beam"],"picked":"Beam Cell","floor":5.0},{"not_picked":["Recycle","Skim"],"picked":"Auto Shields","floor":7.0},{"not_picked":["Gash","Steam"],"picked":"Leap","floor":10.0},{"not_picked":["Gash","Coolheaded","Rip and Tear"],"picked":"SKIP","floor":10.0},{"not_picked":["Gash","Rip and Tear"],"picked":"Coolheaded","floor":10.0},{"not_picked":["Ball Lightning","Gash"],"picked":"Compile Driver","floor":11.0},{"not_picked":["Amplify","Streamline","Cold Snap"],"picked":"SKIP","floor":11.0},{"not_picked":["Leap","Sunder"],"picked":"Steam","floor":13.0},{"not_picked":["Turbo","Steam","Auto Shields"],"picked":"SKIP","floor":13.0},{"not_picked":["Steam","Turbo","Stack"],"picked":"SKIP","floor":14.0},{"not_picked":["Darkness","Hello World","Leap"],"picked":"SKIP","floor":14.0},{"not_picked":["Seek","Reboot"],"picked":"Rainbow","floor":16.0},{"not_picked":["BootSequence","Stack"],"picked":"Reprogram+1","floor":18.0},{"not_picked":["Streamline","Rebound"],"picked":"Self Repair","floor":18.0},{"not_picked":["Go for the Eyes","Stack"],"picked":"Machine Learning","floor":20.0},{"not_picked":["Cold Snap","Sweeping Beam+1"],"picked":"Aggregate","floor":20.0},{"not_picked":["Compile Driver","Defragment"],"picked":"Reinforced Body+1","floor":21.0}],"player_experience":2351249,"relics_obtained":[{"floor":7.0,"key":"Bronze Scales"},{"floor":9.0,"key":"Bag of Preparation"},{"floor":21.0,"key":"Emotion Chip"},{"floor":21.0,"key":"Mummified Hand"}],"event_choices":[{"cards_removed":["BootSequence"],"damage_healed":34.0,"max_hp_gain":0.0,"max_hp_loss":0.0,"gold_gain":0.0,"event_name":"Bonfire Elementals","player_choice":"Offered Uncommon","floor":3.0,"gold_loss":0.0,"damage_taken":0.0},{"damage_healed":0.0,"max_hp_gain":0.0,"max_hp_loss":0.0,"gold_gain":0.0,"event_name":"Upgrade Shrine","player_choice":"Upgraded","floor":12.0,"gold_loss":0.0,"damage_taken":0.0,"cards_upgraded":["Auto Shields"]},{"damage_healed":0.0,"max_hp_gain":0.0,"max_hp_loss":0.0,"gold_gain":0.0,"event_name":"Colosseum","player_choice":"Fight","floor":21.0,"gold_loss":0.0,"damage_taken":0.0},{"damage_healed":0.0,"max_hp_gain":0.0,"max_hp_loss":0.0,"gold_gain":0.0,"event_name":"Colosseum","player_choice":"Fought Nobs","floor":21.0,"gold_loss":0.0,"damage_taken":0.0}],"is_beta":false,"boss_relics":[{"not_picked":["Tiny House","FrozenCore"],"picked":"Astrolabe"}],"items_purged_floors":[],"is_endless":false,"potions_floor_spawned":[5,13,16,18,20,21],"killed_by":"Snake Plant","ascension_level":20}