{"gold_per_floor":[116,132,307,125,125,125,150,150,150,150,225,225,225,225,225,326,326,340,355,355,370,370],"floor_reached":22,"playtime":680,"items_purged":["Doubt"],"score":216,"play_id":"9ec0ab9c-8529-4410-8502-9217e85c3daf","local_time":"20180722112221","is_ascension_mode":true,"campfire_choices":[{"data":"Zap","floor":6,"key":"SMITH"},{"floor":8,"key":"DIG"},{"floor":10,"key":"DIG"},{"floor":12,"key":"DIG"},{"floor":15,"key":"REST"}],"neow_cost":"NONE","seed_source_timestamp":271992617984466,"circlet_count":0,"master_deck":["Strike_B+1","Strike_B+1","Strike_B","Defend_B","Defend_B","Defend_B","Defend_B","Zap+1","Dualcast","Ball Lightning","Self Repair","Defragment+1","Tempest","Steam Power","Stack","Creative AI","Melter","Beam Cell+1","Defragment+1"],"relics":["Cracked Core","Dream Catcher","Shovel","Regal Pillow","Shuriken","Bronze Scales","Juzu Bracelet","Busted Crown"],"potions_floor_usage":[16,21,21],"damage_taken":[{"damage":2,"enemies":"Jaw Worm","floor":1,"turns":5},{"damage":17,"enemies":"2 Louse","floor":2,"turns":3},{"damage":12,"enemies":"3 Sentries","floor":7,"turns":6},{"damage":51,"enemies":"Hexaghost","floor":16,"turns":7},{"damage":25,"enemies":"2 Thieves","floor":18,"turns":4},{"damage":28,"enemies":"Shell Parasite","floor":19,"turns":3},{"damage":27,"enemies":"Centurion and Healer","floor":21,"turns":3},{"damage":9,"enemies":"Chosen and Byrds","floor":22,"turns":2}],"seed_played":"-9048076537641154040","potions_obtained":[{"floor":1,"key":"Regen Potion"},{"floor":7,"key":"Swift Potion"},{"floor":18,"key":"Poison Potion"}],"is_trial":false,"path_per_floor":["M","M","?","$","?","R","E","R","T","R","?","R","?","?","R","B",null,"M","M","?","M"],"character_chosen":"DEFECT","items_purchased":["Defragment","Tempest"],"campfire_rested":1,"item_purchase_floors":[4,4],"current_hp_per_floor":[73,56,56,56,56,56,51,51,51,51,40,40,25,18,55,19,75,57,36,36,9,0],"gold":370,"neow_bonus":"RANDOM_COMMON_RELIC","is_prod":false,"is_daily":false,"chose_seed":false,"campfire_upgraded":1,"win_rate":0,"timestamp":1532251341,"path_taken":["M","M","?","$","?","R","E","R","T","R","?","R","?","?","R","BOSS","M","M","?","M","M"],"build_version":"2018-07-19v2","purchased_purges":1,"victory":false,"max_hp_per_floor":[75,75,75,75,75,75,75,75,75,75,75,75,75,75,75,75,75,75,75,75,75,75],"card_choices":[{"not_picked":["Rip and Tear","Steam"],"picked":"Ball Lightning","floor":1},{"not_picked":["Gash","Cold Snap"],"picked":"Self Repair","floor":2},{"not_picked":["Blizzard","Glacier"],"picked":"Steam Power","floor":7},{"not_picked":["Chaos","Barrage"],"picked":"Stack","floor":15},{"not_picked":["All For One","Reboot"],"picked":"Creative AI","floor":16},{"not_picked":[],"picked":"Melter","floor":18},{"not_picked":[],"picked":"Beam Cell+1","floor":19},{"not_picked":["Compile Driver+1"],"picked":"SKIP","floor":21}],"player_experience":174960,"relics_obtained":[{"floor":7,"key":"Shovel"},{"floor":8,"key":"Regal Pillow"},{"floor":9,"key":"Shuriken"},{"floor":10,"key":"Bronze Scales"},{"floor":12,"key":"Juzu Bracelet"}],"event_choices":[{"event_name":"Liars Game","player_choice":"agreed","floor":3,"damage_taken":0},{"event_name":"Upgrade Shrine","player_choice":"Upgraded","floor":5,"damage_taken":0},{"event_name":"World of Goop","player_choice":"Gather Gold","floor":11,"damage_taken":0},{"event_name":"Shining Light","player_choice":"Entered Light","floor":13,"damage_taken":0},{"event_name":"Golden Wing","player_choice":"Card Removal","floor":14,"damage_taken":0},{"event_name":"Duplicator","player_choice":"One dupe","floor":20,"damage_taken":0}],"is_beta":false,"boss_relics":[{"not_picked":["Snecko Eye","Ectoplasm"],"picked":"Busted Crown"}],"items_purged_floors":[4],"is_endless":false,"potions_floor_spawned":[1,7,18],"killed_by":"Chosen and Byrds","ascension_level":4}