{"gold_per_floor":[364,384,384,401,33,63,63,81,108,108,108],"floor_reached":11,"playtime":466,"items_purged":[],"score":142,"play_id":"e0724e18-88c5-4418-bf10-50605a7fb6da","local_time":"20190428221816","is_ascension_mode":true,"campfire_choices":[{"floor":7,"key":"REST"}],"neow_cost":"TEN_PERCENT_HP_LOSS","seed_source_timestamp":201537976656200,"circlet_count":0,"master_deck":["AscendersBane","Strike_R","Strike_R+1","Strike_R","Strike_R","Strike_R","Defend_R","Defend_R","Defend_R","Defend_R","Bash","Hemokinesis","Pommel Strike","Cleave+1","Inflame","Feed"],"relics":["Burning Blood","Dream Catcher","Dead Branch","Whetstone","Bronze Scales"],"potions_floor_usage":[8],"damage_taken":[{"damage":10,"enemies":"Small Slimes","floor":1,"turns":4},{"damage":3,"enemies":"2 Louse","floor":2,"turns":2},{"damage":15,"enemies":"Jaw Worm","floor":4,"turns":3},{"damage":37,"enemies":"3 Sentries","floor":6,"turns":8},{"damage":17,"enemies":"Large Slime","floor":8,"turns":5},{"damage":36,"enemies":"Lagavulin","floor":11,"turns":6}],"seed_played":"-437813263319031261","potions_obtained":[{"floor":6,"key":"Explosive Potion"},{"floor":8,"key":"Fire Potion"}],"is_trial":false,"path_per_floor":["M","M","?","M","$","E","R","M","T","?","E"],"character_chosen":"IRONCLAD","items_purchased":["Dead Branch","Inflame"],"campfire_rested":1,"item_purchase_floors":[5,5],"current_hp_per_floor":[64,67,62,53,53,22,42,34,34,34,0],"gold":108,"neow_bonus":"TWO_FIFTY_GOLD","is_prod":false,"is_daily":false,"chose_seed":false,"campfire_upgraded":0,"win_rate":0,"timestamp":1556479096,"path_taken":["M","M","?","M","$","E","R","M","T","?","E"],"build_version":"2019-01-23","purchased_purges":0,"victory":false,"max_hp_per_floor":[68,68,68,68,68,68,68,71,71,71,71],"card_choices":[{"not_picked":["Wild Strike","Heavy Blade"],"picked":"Hemokinesis","floor":1},{"not_picked":["Sword Boomerang","Reckless Charge"],"picked":"Pommel Strike","floor":2},{"not_picked":["Warcry","Sever Soul"],"picked":"Cleave","floor":4},{"not_picked":["Wild Strike","Armaments"],"picked":"Feed","floor":6},{"not_picked":["Sever Soul","Thunderclap","Twin Strike"],"picked":"SKIP","floor":8}],"player_experience":353043,"relics_obtained":[{"floor":6,"key":"Whetstone"},{"floor":9,"key":"Bronze Scales"}],"event_choices":[{"damage_healed":0,"gold_gain":0,"player_choice":"Success","damage_taken":5,"relics_obtained":["Dream Catcher"],"max_hp_gain":0,"max_hp_loss":0,"event_name":"Scrap Ooze","floor":3,"gold_loss":0},{"damage_healed":0,"gold_gain":0,"player_choice":"Ignored","damage_taken":0,"max_hp_gain":0,"max_hp_loss":0,"event_name":"Liars Game","floor":10,"gold_loss":0}],"is_beta":false,"boss_relics":[],"items_purged_floors":[],"is_endless":false,"potions_floor_spawned":[6,8],"killed_by":"Lagavulin","ascension_level":19}