{"gold_per_floor":[16,16,16,16,28,28,93,61,61,73,88,9,9,9,9,104,104,114,114,134,151,0,16,16],"floor_reached":24,"playtime":1504,"items_purged":[],"score":186,"play_id":"e1aae0fe-c429-45df-bead-4af550563d9b","local_time":"20181004230657","is_ascension_mode":false,"campfire_choices":[{"data":"Rainbow","floor":6,"key":"SMITH"},{"data":"Defragment","floor":15,"key":"SMITH"}],"neow_cost":"NO_GOLD","seed_source_timestamp":1561332806348700,"circlet_count":0,"master_deck":["Defend_B+1","Defend_B+1","Defend_B+1","Defend_B+1","Zap","Rainbow+1","Leap","Darkness","Melter","Defragment+1","Coolheaded","Genetic Algorithm","Coolheaded+1","Creative AI+1","White Noise+1","Conserve Battery+1","Chill","White Noise"],"relics":["Cracked Core","Orichalcum","Lantern","Ornamental Fan","Astrolabe"],"potions_floor_usage":[16],"damage_taken":[{"damage":0,"enemies":"Cultist","floor":1,"turns":3},{"damage":1,"enemies":"Jaw Worm","floor":5,"turns":3},{"damage":11,"enemies":"3 Sentries","floor":7,"turns":8},{"damage":0,"enemies":"2 Louse","floor":10,"turns":2},{"damage":0,"enemies":"2 Fungi Beasts","floor":11,"turns":3},{"damage":32,"enemies":"Hexaghost","floor":16,"turns":11},{"damage":8,"enemies":"Shell Parasite","floor":18,"turns":7},{"damage":2,"enemies":"Chosen","floor":20,"turns":5},{"damage":0,"enemies":"Snecko","floor":21,"turns":5},{"damage":47,"enemies":"3 Cultists","floor":23,"turns":8},{"damage":18,"enemies":"Centurion and Healer","floor":24,"turns":7}],"seed_played":"-4893059684479132934","potions_obtained":[{"floor":5,"key":"Dexterity Potion"},{"floor":7,"key":"EssenceOfSteel"},{"floor":16,"key":"AttackPotion"},{"floor":18,"key":"AttackPotion"}],"is_trial":false,"path_per_floor":["M","$","T","?","M","R","?","?","T","M","M","$","?","?","R","B",null,"M","?","M","M","?","M"],"character_chosen":"DEFECT","items_purchased":["Genetic Algorithm"],"campfire_rested":0,"item_purchase_floors":[12],"current_hp_per_floor":[75,75,75,75,74,74,63,63,63,63,63,63,63,63,63,31,75,67,67,65,65,65,18,0],"gold":16,"neow_bonus":"THREE_RARE_CARDS","is_prod":false,"is_daily":false,"chose_seed":false,"campfire_upgraded":2,"win_rate":0,"timestamp":1538687217,"path_taken":["M","$","?","?","M","R","?","?","T","M","?","$","?","?","R","BOSS","M","?","M","M","?","M","M"],"build_version":"2018-09-27","purchased_purges":0,"victory":false,"max_hp_per_floor":[75,75,75,75,75,75,75,75,75,75,75,75,75,75,75,75,75,75,75,75,75,75,75,75],"card_choices":[{"not_picked":["Electrodynamics","Creative AI"],"picked":"Rainbow","floor":0},{"not_picked":["Stack","Ball Lightning"],"picked":"Leap","floor":1},{"not_picked":["Tempest","Undo"],"picked":"Melter","floor":5},{"not_picked":["Hologram","Rebound"],"picked":"Defragment","floor":7},{"not_picked":["Aggregate","Force Field"],"picked":"Coolheaded","floor":10},{"not_picked":["Lockon","Consume","Darkness"],"picked":"SKIP","floor":11},{"not_picked":["Cold Snap","Force Field"],"picked":"Conserve Battery+1","floor":18},{"not_picked":["Streamline","Rebound+1","Fusion"],"picked":"SKIP","floor":20},{"not_picked":["Beam Cell","Scrape"],"picked":"Chill","floor":21},{"not_picked":["Doom and Gloom+1","Redo"],"picked":"White Noise","floor":23}],"player_experience":85513,"relics_obtained":[{"floor":3,"key":"Orichalcum"},{"floor":7,"key":"Lantern"},{"floor":9,"key":"Ornamental Fan"}],"event_choices":[{"event_name":"Transmorgrifier","player_choice":"Transform","floor":4,"damage_taken":0},{"event_name":"Dead Adventurer","player_choice":"Searched \u00271\u0027 times","floor":7,"damage_taken":0},{"event_name":"World of Goop","player_choice":"Left","floor":8,"damage_taken":0},{"event_name":"The Cleric","player_choice":"Leave","floor":13,"damage_taken":0},{"event_name":"Bonfire Elementals","player_choice":"BASIC","floor":14,"damage_taken":0},{"event_name":"Back to Basics","player_choice":"Simplicity","floor":19,"damage_taken":0},{"event_name":"Masked Bandits","player_choice":"Paid Fearfully","floor":22,"damage_taken":0}],"is_beta":false,"boss_relics":[{"not_picked":["Snecko Eye","Calling Bell"],"picked":"Astrolabe"}],"items_purged_floors":[],"is_endless":false,"potions_floor_spawned":[5,7,16,18],"killed_by":"Centurion and Healer","ascension_level":0}