{"gold_per_floor":[365,365,12,27,42,42,73,87,87,99,123,165,194,225,237,320,332,327,254,266,295,307,319,356,368,380,405,446,458,470,495,507,596,608,637,649,676,287,301,301,327,327,327,327,22,22,39,52,52,52],"floor_reached":51,"playtime":2738,"items_purged":["Strike_G","Strike_G"],"score":1279,"play_id":"c4b0cb6a-33eb-4c12-9446-2c9ed10e87bb","local_time":"20181211222412","is_ascension_mode":true,"campfire_choices":[{"data":"Apotheosis","floor":6.0,"key":"SMITH"},{"floor":10.0,"key":"REST"},{"data":"Well Laid Plans","floor":15.0,"key":"SMITH"},{"data":"A Thousand Cuts","floor":23.0,"key":"SMITH"},{"data":"Neutralize","floor":25.0,"key":"SMITH"},{"floor":30.0,"key":"REST"},{"data":"Bouncing Flask","floor":32.0,"key":"SMITH"},{"floor":40.0,"key":"REST"},{"data":"Burst","floor":42.0,"key":"SMITH"},{"data":"Catalyst","floor":46,"key":"SMITH"},{"floor":49,"key":"REST"}],"neow_cost":"PERCENT_DAMAGE","seed_source_timestamp":48693863685800,"circlet_count":0,"master_deck":["AscendersBane","Defend_G","Defend_G","Defend_G","Defend_G","Defend_G","Strike_G","Strike_G","Survivor","Neutralize+1","Deadly Poison","Cloak And Dagger","Sucker Punch","Apotheosis+1","Deadly Poison","Backstab","Well Laid Plans+1","Leg Sweep","Cloak And Dagger","A Thousand Cuts+1","Catalyst","Bouncing Flask+1","Backflip","PiercingWail","Burst+1","PiercingWail","Backflip","Acrobatics+1","Catalyst+1","Crippling Poison","Dagger Throw+1","Deadly Poison+1"],"special_seed":0,"relics":["Ring of the Snake","Potion Belt","MawBank","Meat on the Bone","Cursed Key","Calipers","Regal Pillow","PreservedInsect","Orrery","Ice Cream","Blood Vial"],"potions_floor_usage":[48,50,50,50,50],"damage_taken":[{"damage":7.0,"enemies":"Jaw Worm","floor":1.0,"turns":7.0},{"damage":0.0,"enemies":"Cultist","floor":4.0,"turns":3.0},{"damage":0.0,"enemies":"2 Louse","floor":5.0,"turns":2.0},{"damage":29.0,"enemies":"Gremlin Nob","floor":7.0,"turns":5.0},{"damage":0.0,"enemies":"Exordium Wildlife","floor":8.0,"turns":3.0},{"damage":1.0,"enemies":"Looter","floor":11.0,"turns":3.0},{"damage":18.0,"enemies":"3 Sentries","floor":12.0,"turns":10.0},{"damage":0.0,"enemies":"Lots of Slimes","floor":13.0,"turns":4.0},{"damage":0.0,"enemies":"Gremlin Gang","floor":14.0,"turns":3.0},{"damage":25.0,"enemies":"Slime Boss","floor":16.0,"turns":15.0},{"damage":3.0,"enemies":"2 Thieves","floor":18.0,"turns":4.0},{"damage":22.0,"enemies":"Spheric Guardian","floor":21.0,"turns":5.0},{"damage":27.0,"enemies":"Slavers","floor":24.0,"turns":6.0},{"damage":7.0,"enemies":"Centurion and Healer","floor":27.0,"turns":7.0},{"damage":14.0,"enemies":"Book of Stabbing","floor":28.0,"turns":5.0},{"damage":7.0,"enemies":"Chosen and Byrds","floor":31.0,"turns":6.0},{"damage":37.0,"enemies":"Champ","floor":33.0,"turns":8.0},{"damage":0.0,"enemies":"3 Shapes","floor":35.0,"turns":4.0},{"damage":6.0,"enemies":"3 Darklings","floor":37.0,"turns":6.0},{"damage":10.0,"enemies":"Maw","floor":39.0,"turns":7.0},{"damage":2.0,"enemies":"Nemesis","floor":41.0,"turns":5.0},{"damage":29,"enemies":"Sphere and 2 Shapes","floor":47,"turns":7},{"damage":22,"enemies":"Transient","floor":48,"turns":5},{"damage":30,"enemies":"Time Eater","floor":50,"turns":9}],"seed_played":"6645409989326003596","potions_obtained":[{"floor":4.0,"key":"Swift Potion"},{"floor":8.0,"key":"Swift Potion"},{"floor":11.0,"key":"Regen Potion"},{"floor":12.0,"key":"Fire Potion"},{"floor":16.0,"key":"Regen Potion"},{"floor":24.0,"key":"SpeedPotion"},{"floor":27.0,"key":"Regen Potion"},{"floor":33.0,"key":"AttackPotion"},{"floor":41.0,"key":"Fire Potion"},{"floor":48,"key":"FairyPotion"}],"is_trial":false,"path_per_floor":["M","?","$","M","M","R","E","M","T","R","M","E","M","M","R","B",null,"M","?","?","M","$","R","E","R","T","M","E","?","R","M","R","B",null,"M","?","M","$","M","R","E","R","T","?","$","R","M","M","R","B",null],"character_chosen":"THE_SILENT","items_purchased":["Cloak And Dagger","Sucker Punch","Apotheosis","Ice Cream","Catalyst","Crippling Poison","Dexterity Potion","EntropicBrew"],"campfire_rested":4,"item_purchase_floors":[3,3,3,38,45,45,45,45],"current_hp_per_floor":[37,37,37,37,37,37,8,8,8,27,26,23,35,35,35,22,55,52,52,52,42,42,42,42,42,42,35,33,15,51,44,44,19,58,58,58,52,52,42,71,69,69,69,69,69,69,42,37,71,41],"gold":52,"neow_bonus":"TWO_FIFTY_GOLD","is_prod":false,"is_daily":false,"chose_seed":false,"campfire_upgraded":7,"win_rate":0,"timestamp":1544595852,"path_taken":["M","?","$","M","M","R","E","M","T","R","M","E","?","M","R","BOSS","M","?","?","M","$","R","E","R","T","M","E","?","R","M","R","BOSS","M","?","M","$","M","R","E","R","T","?","$","R","?","M","R","BOSS"],"build_version":"2018-12-06","purchased_purges":2,"victory":true,"max_hp_per_floor":[66,66,66,66,66,66,66,66,66,66,66,66,66,66,66,66,66,66,66,66,66,66,66,66,66,66,66,66,71,71,71,71,71,71,71,71,71,71,71,71,71,71,71,71,71,71,71,71,71,71],"card_choices":[{"not_picked":["Backflip","Bane"],"picked":"Deadly Poison","floor":1.0},{"not_picked":["Dodge and Roll","Quick Slash"],"picked":"Deadly Poison","floor":4.0},{"not_picked":["Slice","Predator","Deadly Poison"],"picked":"SKIP","floor":5.0},{"not_picked":["Dagger Throw","Underhanded Strike"],"picked":"Backstab","floor":7.0},{"not_picked":["Masterful Stab","Reflex","All Out Attack"],"picked":"SKIP","floor":8.0},{"not_picked":["Quick Slash","Escape Plan","Dagger Throw"],"picked":"SKIP","floor":11.0},{"not_picked":["Underhanded Strike","Sucker Punch"],"picked":"Well Laid Plans","floor":12.0},{"not_picked":["Deadly Poison","Concentrate"],"picked":"Leg Sweep","floor":13.0},{"not_picked":["Acrobatics","Caltrops"],"picked":"Cloak And Dagger","floor":14.0},{"not_picked":["Night Terror","Venomology"],"picked":"A Thousand Cuts","floor":16.0},{"not_picked":["Underhanded Strike","Setup"],"picked":"Catalyst","floor":18.0},{"not_picked":["Dodge and Roll","Flechettes","Deflect"],"picked":"SKIP","floor":21.0},{"not_picked":["Doppelganger","Distraction","Outmaneuver"],"picked":"SKIP","floor":24.0},{"not_picked":["Outmaneuver","Eviscerate+1"],"picked":"Bouncing Flask","floor":27.0},{"not_picked":["Deadly Poison","A Thousand Cuts"],"picked":"Backflip","floor":28.0},{"not_picked":["Poisoned Stab+1","Blade Dance"],"picked":"PiercingWail","floor":31.0},{"not_picked":["Tools of the Trade","Phantasmal Killer"],"picked":"Burst","floor":33.0},{"not_picked":["Endless Agony","Blade Dance+1"],"picked":"PiercingWail","floor":34.0},{"not_picked":["Choke","Infinite Blades"],"picked":"Backflip","floor":34.0},{"not_picked":["Well Laid Plans+1","Poisoned Stab"],"picked":"Acrobatics+1","floor":35.0},{"not_picked":["Bane","Flying Knee","Finisher+1"],"picked":"SKIP","floor":37.0},{"not_picked":["Crippling Poison","Die Die Die"],"picked":"Bouncing Flask","floor":39.0},{"not_picked":["Deadly Poison","Infinite Blades+1","Dagger Spray"],"picked":"SKIP","floor":41.0},{"not_picked":["Accuracy","Dodge and Roll"],"picked":"Dagger Throw+1","floor":47},{"not_picked":["Deflect+1","PiercingWail"],"picked":"Deadly Poison+1","floor":48}],"player_experience":1779955,"relics_obtained":[{"floor":7.0,"key":"Potion Belt"},{"floor":9.0,"key":"MawBank"},{"floor":12.0,"key":"Meat on the Bone"},{"floor":24.0,"key":"Regal Pillow"},{"floor":28.0,"key":"PreservedInsect"},{"floor":41.0,"key":"Blood Vial"}],"event_choices":[{"cards_removed":["Strike_G"],"damage_healed":0.0,"max_hp_gain":0.0,"max_hp_loss":0.0,"gold_gain":0.0,"event_name":"Bonfire Elementals","player_choice":"Offered Basic","floor":2.0,"gold_loss":0.0,"damage_taken":0.0},{"damage_healed":0.0,"max_hp_gain":0.0,"max_hp_loss":0.0,"gold_gain":0.0,"event_name":"Addict","player_choice":"Obtained Relic","floor":19.0,"gold_loss":85.0,"damage_taken":0.0,"relics_obtained":["Calipers"]},{"damage_healed":0.0,"max_hp_gain":0.0,"max_hp_loss":0.0,"gold_gain":0.0,"event_name":"Vampires","player_choice":"Ignored","floor":20.0,"gold_loss":0.0,"damage_taken":0.0},{"damage_healed":0.0,"max_hp_gain":5.0,"max_hp_loss":0.0,"gold_gain":0.0,"event_name":"Forgotten Altar","player_choice":"Shed Blood","floor":29.0,"gold_loss":0.0,"damage_taken":23.0},{"damage_healed":0.0,"max_hp_gain":0.0,"max_hp_loss":0.0,"gold_gain":0.0,"event_name":"Tomb of Lord Red Mask","player_choice":"Ignored","floor":36.0,"gold_loss":0.0,"damage_taken":0.0},{"cards_removed":["Bouncing Flask"],"damage_healed":0,"gold_gain":0,"player_choice":"Purged","damage_taken":0,"max_hp_gain":0,"max_hp_loss":0,"event_name":"Purifier","floor":44,"gold_loss":0}],"is_beta":false,"boss_relics":[{"not_picked":["Eternal Feather","White Beast Statue"],"picked":"Cursed Key"},{"not_picked":["Calling Bell","Sozu"],"picked":"Orrery"}],"items_purged_floors":[3,38],"is_endless":false,"potions_floor_spawned":[4,8,11,12,16,24,27,33,41,47,48],"ascension_level":15}