{"gold_per_floor":[115,131,142,68,68,68,96,96,123,138,154,169,169,199,199,278,278,293,66,66,78,78,78,88,119,119,131,143,143,143,161,161,239,239,258,277,277,277,295,295,261,261,285,320,332,13,13,29,29,29],"floor_reached":51,"playtime":1948,"items_purged":["Strike_G"],"score":1269,"play_id":"29f0d278-d768-4e0f-b76b-2f58c65add3d","local_time":"20181103172044","is_ascension_mode":true,"campfire_choices":[{"data":"Neutralize","floor":6.0,"key":"SMITH"},{"data":"Caltrops","floor":8.0,"key":"SMITH"},{"data":"Terror","floor":13.0,"key":"SMITH"},{"floor":15.0,"key":"REST"},{"floor":23.0,"key":"REST"},{"data":"Cloak And Dagger","floor":30.0,"key":"SMITH"},{"floor":32.0,"key":"REST"},{"data":"Finisher","floor":40,"key":"SMITH"},{"data":"Secret Technique","floor":42,"key":"SMITH"},{"data":"Finisher","floor":47,"key":"SMITH"},{"data":"Doppelganger","floor":49,"key":"SMITH"}],"neow_cost":"NONE","seed_source_timestamp":28742751457197,"circlet_count":0,"master_deck":["AscendersBane","Defend_G","Defend_G","Defend_G","Strike_G","Strike_G","Strike_G","Survivor","Neutralize+1","Finisher+1","Leg Sweep","Caltrops+1","Blade Dance","Terror+1","Dagger Throw","Doppelganger+1","Accuracy+1","Backstab","Noxious Fumes+1","Predator","Ghostly","Ghostly","Ghostly","Dash","Blade Dance+1","Calculated Gamble+1","Cloak And Dagger+1","Footwork+1","After Image+1","Malaise+1","Prepared+1","Reflex+1","Backflip+1","Secret Technique+1","Well Laid Plans+1","Footwork+1","Escape Plan","Finisher+1"],"special_seed":0,"relics":["Ring of the Snake","Vajra","Orichalcum","PreservedInsect","Snake Skull","Frozen Egg 2","Sozu","Shuriken","Ancient Tea Set","Astrolabe","Centennial Puzzle","MawBank","Bronze Scales"],"potions_floor_usage":[],"damage_taken":[{"damage":0.0,"enemies":"2 Louse","floor":1.0,"turns":4.0},{"damage":2.0,"enemies":"Jaw Worm","floor":2.0,"turns":6.0},{"damage":0.0,"enemies":"Small Slimes","floor":3.0,"turns":4.0},{"damage":6.0,"enemies":"Gremlin Nob","floor":7.0,"turns":4.0},{"damage":0.0,"enemies":"2 Fungi Beasts","floor":10.0,"turns":3.0},{"damage":7.0,"enemies":"Lots of Slimes","floor":11.0,"turns":4.0},{"damage":1.0,"enemies":"Exordium Wildlife","floor":12.0,"turns":4.0},{"damage":18.0,"enemies":"3 Sentries","floor":14.0,"turns":6.0},{"damage":1.0,"enemies":"Slime Boss","floor":16.0,"turns":7.0},{"damage":0.0,"enemies":"Spheric Guardian","floor":18.0,"turns":3.0},{"damage":22.0,"enemies":"Colosseum Slavers","floor":20.0,"turns":5.0},{"damage":16.0,"enemies":"2 Thieves","floor":21.0,"turns":4.0},{"damage":0.0,"enemies":"Snecko","floor":24.0,"turns":5.0},{"damage":16.0,"enemies":"Book of Stabbing","floor":25.0,"turns":5.0},{"damage":8.0,"enemies":"Centurion and Healer","floor":27.0,"turns":4.0},{"damage":0.0,"enemies":"Sentry and Sphere","floor":28.0,"turns":5.0},{"damage":2.0,"enemies":"Cultist and Chosen","floor":31.0,"turns":4.0},{"damage":2.0,"enemies":"Collector","floor":33.0,"turns":7.0},{"damage":0,"enemies":"3 Shapes","floor":35,"turns":6},{"damage":0,"enemies":"Orb Walker","floor":36,"turns":4},{"damage":0,"enemies":"Spire Growth","floor":39,"turns":4},{"damage":0,"enemies":"Reptomancer","floor":44,"turns":5},{"damage":0,"enemies":"Transient","floor":48,"turns":5},{"damage":11,"enemies":"Donu and Deca","floor":50,"turns":10}],"seed_played":"424063586543382623","potions_obtained":[{"floor":1.0,"key":"PowerPotion"},{"floor":3.0,"key":"FearPotion"},{"floor":10.0,"key":"Fire Potion"},{"floor":11.0,"key":"SpeedPotion"},{"floor":14.0,"key":"SteroidPotion"}],"is_trial":false,"path_per_floor":["M","M","M","?","?","R","E","R","T","M","M","M","R","E","R","B",null,"M","$","?","M","?","R","M","E","T","M","M","?","R","M","R","B",null,"M","M","?","?","M","R","$","R","T","E","?","$","R","M","R","B",null],"character_chosen":"THE_SILENT","items_purchased":["Backstab","Noxious Fumes+1","Well Laid Plans+1","Footwork+1","Escape Plan","Finisher","Bronze Scales"],"campfire_rested":3,"item_purchase_floors":[19,19,41,46,46,46,46],"current_hp_per_floor":[59,57,57,57,52,52,46,46,46,46,39,38,38,20,39,38,59,59,59,37,21,21,30,30,14,14,6,6,6,6,4,13,11,28,28,28,28,28,28,28,28,28,28,28,28,28,28,28,28,17],"gold":29,"neow_bonus":"RANDOM_COMMON_RELIC","is_prod":false,"is_daily":false,"chose_seed":false,"campfire_upgraded":8,"win_rate":0,"timestamp":1541290844,"path_taken":["M","M","M","?","?","R","E","R","T","M","M","M","R","E","R","BOSS","M","$","?","M","?","R","M","E","T","M","M","?","R","M","R","BOSS","M","M","?","?","?","R","$","R","T","E","?","$","R","M","R","BOSS"],"build_version":"2018-11-01","purchased_purges":1,"victory":true,"max_hp_per_floor":[66,66,66,66,66,66,66,66,66,66,66,66,66,66,66,66,66,66,66,66,66,33,33,33,33,33,33,33,33,33,33,33,33,33,33,33,33,33,33,33,33,33,33,33,33,33,33,33,33,33],"card_choices":[{"not_picked":["Slice","Distraction"],"picked":"Finisher","floor":1.0},{"not_picked":["Choke","Catalyst","Accuracy"],"picked":"SKIP","floor":2.0},{"not_picked":["Sucker Punch","Reflex"],"picked":"Leg Sweep","floor":3.0},{"not_picked":["Prepared","Riddle With Holes"],"picked":"Caltrops","floor":7.0},{"not_picked":["Heel Hook","Prepared"],"picked":"Blade Dance","floor":10.0},{"not_picked":["Masterful Stab","Blade Dance","Prepared"],"picked":"SKIP","floor":11.0},{"not_picked":["Acrobatics","Catalyst"],"picked":"Terror","floor":12.0},{"not_picked":["Heel Hook","Catalyst"],"picked":"Dagger Throw","floor":14.0},{"not_picked":["Unload","Night Terror"],"picked":"Doppelganger","floor":16.0},{"not_picked":["Predator","Bane"],"picked":"Accuracy+1","floor":18.0},{"not_picked":["Sucker Punch","Underhanded Strike"],"picked":"Predator","floor":21.0},{"not_picked":["Sucker Punch+1","Flying Knee+1"],"picked":"Dash","floor":24.0},{"not_picked":["Leg Sweep","Corpse Explosion"],"picked":"Blade Dance+1","floor":25.0},{"not_picked":["Prepared","Terror"],"picked":"Calculated Gamble+1","floor":27.0},{"not_picked":["Accuracy+1","Dodge and Roll"],"picked":"Cloak And Dagger","floor":28.0},{"not_picked":["Flechettes","Bouncing Flask+1"],"picked":"Footwork+1","floor":31.0},{"not_picked":["Burst","Phantasmal Killer"],"picked":"After Image+1","floor":33.0},{"not_picked":["Crippling Poison","Tactician"],"picked":"Backflip+1","floor":35},{"not_picked":["Accuracy+1","Flying Knee","Masterful Stab"],"picked":"SKIP","floor":36},{"not_picked":["Dark Shackles","PanicButton"],"picked":"Secret Technique","floor":37},{"not_picked":["Dagger Throw","Crippling Poison"],"picked":"Dodge and Roll","floor":39},{"not_picked":["Predator","Glass Knife","Slice"],"picked":"SKIP","floor":44},{"not_picked":["Eviscerate","Underhanded Strike","Dagger Throw"],"picked":"SKIP","floor":48}],"player_experience":1578802,"relics_obtained":[{"floor":7.0,"key":"PreservedInsect"},{"floor":9.0,"key":"Snake Skull"},{"floor":14.0,"key":"Frozen Egg 2"},{"floor":25.0,"key":"Shuriken"},{"floor":26.0,"key":"Ancient Tea Set"},{"floor":43,"key":"Centennial Puzzle"},{"floor":44,"key":"MawBank"}],"event_choices":[{"damage_healed":0.0,"max_hp_gain":0.0,"max_hp_loss":0.0,"gold_gain":0.0,"event_name":"World of Goop","player_choice":"Left Gold","floor":4.0,"gold_loss":74.0,"damage_taken":0.0},{"damage_healed":0.0,"max_hp_gain":0.0,"max_hp_loss":0.0,"gold_gain":0.0,"event_name":"Scrap Ooze","player_choice":"Success","floor":5.0,"gold_loss":0.0,"damage_taken":5.0,"relics_obtained":["Orichalcum"]},{"damage_healed":0.0,"max_hp_gain":0.0,"max_hp_loss":0.0,"gold_gain":0.0,"event_name":"Colosseum","player_choice":"Fight","floor":20.0,"gold_loss":0.0,"damage_taken":0.0},{"damage_healed":0.0,"max_hp_gain":0.0,"max_hp_loss":0.0,"gold_gain":0.0,"event_name":"Colosseum","player_choice":"Fled From Nobs","floor":20.0,"gold_loss":0.0,"damage_taken":0.0},{"damage_healed":0.0,"max_hp_gain":0.0,"max_hp_loss":33.0,"gold_gain":0.0,"event_name":"Ghosts","player_choice":"Became a Ghost","floor":22.0,"gold_loss":0.0,"damage_taken":0.0,"cards_obtained":["Ghostly","Ghostly","Ghostly"]},{"damage_healed":0.0,"max_hp_gain":0.0,"max_hp_loss":0.0,"gold_gain":0.0,"event_name":"Cursed Tome","player_choice":"Ignored","floor":29.0,"gold_loss":0.0,"damage_taken":0.0},{"damage_healed":0,"gold_gain":0,"player_choice":"Memory 1","damage_taken":0,"max_hp_gain":0,"max_hp_loss":0,"event_name":"SensoryStone","floor":37,"gold_loss":0},{"damage_healed":0,"gold_gain":0,"player_choice":"Got Potions","damage_taken":0,"max_hp_gain":0,"max_hp_loss":0,"event_name":"Lab","floor":38,"gold_loss":0},{"cards_removed":["Dodge and Roll"],"damage_healed":0,"gold_gain":0,"player_choice":"Removed Skill","damage_taken":0,"max_hp_gain":0,"max_hp_loss":0,"event_name":"Falling","floor":45,"gold_loss":0}],"is_beta":false,"boss_relics":[{"not_picked":["Velvet Choker","Calling Bell"],"picked":"Sozu"},{"not_picked":["Black Star","Ring of the Serpent"],"picked":"Astrolabe"}],"items_purged_floors":[19],"is_endless":false,"potions_floor_spawned":[1,3,10,11,14,18,21,25,27,36],"ascension_level":15}