{"gold_per_floor":[118,136,152,152,169,169,169,169,219,219,238,264,264,590,590,665,665,685,443,458,155,166,194,194,194,219,180,196,215,215,248,248,322,322,340,212,212,212,226,255,255,285,285,314,314,314,332,348,348,348],"floor_reached":51,"playtime":2148,"items_purged":["Strike_G"],"score":1402,"play_id":"0fa40be7-4889-407a-bb72-14b7724e58ef","local_time":"20181022162133","is_ascension_mode":true,"campfire_choices":[{"data":"Sucker Punch","floor":6.0,"key":"SMITH"},{"data":"Cloak And Dagger","floor":10.0,"key":"SMITH"},{"data":"Dagger Spray","floor":13.0,"key":"SMITH"},{"data":"Deadly Poison","floor":15.0,"key":"SMITH"},{"floor":24,"key":"REST"},{"data":"Wraith Form v2","floor":30,"key":"SMITH"},{"data":"Blur","floor":32,"key":"SMITH"},{"data":"Cloak And Dagger","floor":41,"key":"SMITH"},{"data":"Finisher","floor":46,"key":"SMITH"},{"data":"Leg Sweep","floor":49,"key":"SMITH"}],"neow_cost":"NONE","seed_source_timestamp":29154477735378,"circlet_count":0,"master_deck":["Defend_G","Defend_G","Defend_G","Defend_G","Defend_G","Survivor","Neutralize+1","AscendersBane","Sucker Punch+1","Cloak And Dagger+1","Terror+1","Leg Sweep+1","Deadly Poison+1","Dagger Spray+1","Wraith Form v2+1","Noxious Fumes+1","Footwork+1","All Out Attack+1","PiercingWail","Blur+1","Deflect","Blur+1","Adrenaline","Cloak And Dagger+1","Finisher+1","Parasite","Crippling Poison+1"],"special_seed":0,"relics":["Ring of the Snake","Omamori","Boot","Old Coin","Astrolabe","Vajra","Membership Card","Centennial Puzzle","Bag of Preparation","WarpedTongs","Oddly Smooth Stone","Regal Pillow","Coffee Dripper","Gremlin Horn","Pen Nib","Ancient Tea Set","Smiling Mask","Snake Skull"],"potions_floor_usage":[16,16,23,23,31,40,42,44,50],"damage_taken":[{"damage":2.0,"enemies":"2 Louse","floor":1.0,"turns":4.0},{"damage":2.0,"enemies":"Jaw Worm","floor":2.0,"turns":4.0},{"damage":0.0,"enemies":"Small Slimes","floor":3.0,"turns":3.0},{"damage":16.0,"enemies":"Gremlin Gang","floor":5.0,"turns":7.0},{"damage":6.0,"enemies":"2 Fungi Beasts","floor":11.0,"turns":3.0},{"damage":18.0,"enemies":"Lagavulin","floor":12.0,"turns":7.0},{"damage":9.0,"enemies":"3 Sentries","floor":14.0,"turns":4.0},{"damage":17,"enemies":"Slime Boss","floor":16,"turns":10},{"damage":23,"enemies":"2 Thieves","floor":18,"turns":4},{"damage":0,"enemies":"Shell Parasite","floor":20,"turns":7},{"damage":3,"enemies":"Snake Plant","floor":22,"turns":5},{"damage":10,"enemies":"Book of Stabbing","floor":23,"turns":6},{"damage":3,"enemies":"Chosen and Byrds","floor":28,"turns":6},{"damage":0,"enemies":"Centurion and Healer","floor":29,"turns":6},{"damage":5,"enemies":"Slavers","floor":31,"turns":6},{"damage":19,"enemies":"Collector","floor":33,"turns":12},{"damage":0,"enemies":"Orb Walker","floor":35,"turns":4},{"damage":0,"enemies":"3 Darklings","floor":39,"turns":4},{"damage":12,"enemies":"Giant Head","floor":40,"turns":9},{"damage":0,"enemies":"Reptomancer","floor":42,"turns":6},{"damage":3,"enemies":"Giant Head","floor":44,"turns":8},{"damage":0,"enemies":"Jaw Worm Horde","floor":47,"turns":4},{"damage":0,"enemies":"Writhing Mass","floor":48,"turns":6},{"damage":29,"enemies":"Time Eater","floor":50,"turns":15}],"seed_played":"5637350245011965936","potions_obtained":[{"floor":5.0,"key":"FearPotion"},{"floor":11.0,"key":"SkillPotion"},{"floor":16,"key":"SkillPotion"},{"floor":22,"key":"Regen Potion"},{"floor":23,"key":"PowerPotion"},{"floor":33,"key":"Explosive Potion"},{"floor":40,"key":"Explosive Potion"},{"floor":42,"key":"SteroidPotion"},{"floor":48,"key":"Weak Potion"}],"is_trial":false,"path_per_floor":["M","M","M","?","M","R","?","?","T","R","M","E","R","E","R","B",null,"M","$","M","$","M","E","R","?","T","$","M","M","R","E","R","B",null,"M","$","?","$","M","E","R","E","T","E","?","R","M","M","R","B"],"character_chosen":"THE_SILENT","items_purchased":["PiercingWail","Vajra","Membership Card","Centennial Puzzle","PowerPotion","Regen Potion","Gremlin Horn"],"campfire_rested":1,"item_purchase_floors":[19,19,21,21,21,27,36],"current_hp_per_floor":[57,55,55,55,39,39,39,61,61,61,55,37,37,28,28,11,52,29,29,29,29,26,31,50,50,50,50,47,47,47,57,57,38,59,59,59,59,59,59,47,47,47,47,44,57,57,57,57,57,28],"gold":348,"neow_bonus":"UPGRADE_CARD","is_prod":false,"is_daily":false,"chose_seed":false,"campfire_upgraded":9,"win_rate":0,"timestamp":1540250493,"path_taken":["M","M","M","?","?","R","?","?","T","R","M","E","R","E","R","BOSS","M","$","M","$","M","E","R","?","T","$","M","?","R","E","R","BOSS","M","$","?","$","M","E","R","E","T","E","?","R","M","?","R","BOSS"],"build_version":"2018-10-18","purchased_purges":1,"victory":true,"max_hp_per_floor":[66,66,66,66,66,66,66,66,66,66,66,66,66,66,66,66,66,66,66,66,66,66,66,66,66,66,66,66,66,66,66,66,66,66,66,66,66,66,66,66,66,66,66,66,66,66,66,66,66,66],"card_choices":[{"not_picked":["Underhanded Strike","Acrobatics"],"picked":"Sucker Punch","floor":1.0},{"not_picked":["Riddle With Holes","Blade Dance"],"picked":"Cloak And Dagger","floor":2.0},{"not_picked":["Acrobatics","Dodge and Roll"],"picked":"Terror","floor":3.0},{"not_picked":["Poisoned Stab","Bouncing Flask"],"picked":"Leg Sweep","floor":5.0},{"not_picked":["Slice","Heel Hook"],"picked":"Deadly Poison","floor":11.0},{"not_picked":["Dodge and Roll","Predator"],"picked":"Dagger Spray","floor":12.0},{"not_picked":["Acrobatics","Dodge and Roll","Blade Dance"],"picked":"SKIP","floor":14.0},{"not_picked":["Storm of Steel","Night Terror"],"picked":"Wraith Form v2","floor":16},{"not_picked":["Infinite Blades+1","Riddle With Holes+1","Underhanded Strike"],"picked":"SKIP","floor":18},{"not_picked":["Blade Dance","Prepared"],"picked":"Blur","floor":20},{"not_picked":["Poisoned Stab","Reflex","Blade Dance"],"picked":"SKIP","floor":22},{"not_picked":["Sucker Punch+1","Quick Slash","Bullet Time"],"picked":"SKIP","floor":23},{"not_picked":["Dagger Spray","Sucker Punch"],"picked":"Deflect","floor":28},{"not_picked":["PiercingWail","Poisoned Stab","Footwork"],"picked":"SKIP","floor":29},{"not_picked":["A Thousand Cuts","Dagger Throw"],"picked":"Blur+1","floor":31},{"not_picked":["Glass Knife","Phantasmal Killer"],"picked":"Adrenaline","floor":33},{"not_picked":["Prepared","Quick Slash"],"picked":"Cloak And Dagger","floor":35},{"not_picked":["Dash","Prepared"],"picked":"Finisher","floor":39},{"not_picked":["Dagger Spray","Sucker Punch","Prepared+1"],"picked":"SKIP","floor":40},{"not_picked":["Sucker Punch","Grand Finale","Phantasmal Killer"],"picked":"SKIP","floor":42},{"not_picked":["Dagger Throw","Blade Dance","Venomology"],"picked":"SKIP","floor":44},{"not_picked":["Predator","Outmaneuver","Eviscerate"],"picked":"SKIP","floor":47},{"not_picked":["Deadly Poison","Setup"],"picked":"Crippling Poison+1","floor":48}],"player_experience":1425853,"relics_obtained":[{"floor":9.0,"key":"Omamori"},{"floor":12.0,"key":"Boot"},{"floor":14.0,"key":"Old Coin"},{"floor":23,"key":"Bag of Preparation"},{"floor":26,"key":"Oddly Smooth Stone"},{"floor":31,"key":"Regal Pillow"},{"floor":40,"key":"Pen Nib"},{"floor":42,"key":"Ancient Tea Set"},{"floor":43,"key":"Smiling Mask"},{"floor":44,"key":"Snake Skull"}],"event_choices":[{"damage_healed":0.0,"max_hp_gain":0.0,"max_hp_loss":0.0,"gold_gain":0.0,"event_name":"Living Wall","player_choice":"Grow","floor":4.0,"gold_loss":0.0,"damage_taken":0.0,"cards_upgraded":["Terror"]},{"damage_healed":0.0,"max_hp_gain":0.0,"max_hp_loss":0.0,"gold_gain":0.0,"cards_transformed":["Strike_G"],"event_name":"Transmorgrifier","player_choice":"Transformed","floor":7.0,"gold_loss":0.0,"damage_taken":0.0,"cards_obtained":["All Out Attack"]},{"damage_healed":22.0,"max_hp_gain":0.0,"max_hp_loss":0.0,"gold_gain":0.0,"event_name":"Big Fish","player_choice":"Banana","floor":8.0,"gold_loss":0.0,"damage_taken":0.0},{"damage_healed":0,"gold_gain":0,"player_choice":"Rummage","damage_taken":0,"relics_obtained":["WarpedTongs"],"max_hp_gain":0,"max_hp_loss":0,"event_name":"Accursed Blacksmith","floor":25,"gold_loss":0,"cards_obtained":["Pain"]},{"cards_removed":["All Out Attack"],"damage_healed":0,"gold_gain":0,"player_choice":"Removed Attack","damage_taken":0,"max_hp_gain":0,"max_hp_loss":0,"event_name":"Falling","floor":37,"gold_loss":0},{"damage_healed":13,"gold_gain":0,"player_choice":"Writhe","damage_taken":0,"max_hp_gain":0,"max_hp_loss":0,"event_name":"Winding Halls","floor":45,"gold_loss":0,"cards_obtained":["Writhe"]}],"is_beta":false,"boss_relics":[{"not_picked":["Ring of the Serpent","Runic Pyramid"],"picked":"Astrolabe"},{"not_picked":["Lizard Tail","Runic Dome"],"picked":"Coffee Dripper"}],"items_purged_floors":[19],"is_endless":false,"potions_floor_spawned":[5,11,16,22,23,33,40,42,48],"ascension_level":15}