{"gold_per_floor":[18,38,51,126,139,167,167,167,167,167,46,65,65,65,65,65],"floor_reached":16,"playtime":645,"items_purged":["Strike_R"],"score":195,"play_id":"b7a1ad68-c264-4ae4-ac71-cf6a75a50033","local_time":"25620119180203","is_ascension_mode":true,"campfire_choices":[{"floor":8,"key":"REST"},{"data":"Chrysalis","floor":13,"key":"SMITH"},{"data":"Impervious","floor":15,"key":"SMITH"}],"neow_cost":"NO_GOLD","seed_source_timestamp":26138440169247,"circlet_count":0,"master_deck":["AscendersBane","Immolate+1","Strike_R","Strike_R","Strike_R","Strike_R","Defend_R","Defend_R","Defend_R","Defend_R","Bash","Deep Breath","Chrysalis+1","Disarm","Havoc","Life Link","Corruption","Body Slam","Impervious+1"],"relics":["Burning Blood","Darkstone Periapt","Anchor","Pear","Golden Idol"],"potions_floor_usage":[16],"damage_taken":[{"damage":0,"enemies":"2 Louse","floor":1,"turns":1},{"damage":9,"enemies":"Small Slimes","floor":2,"turns":2},{"damage":0,"enemies":"Cultist","floor":3,"turns":2},{"damage":17,"enemies":"Red Slaver","floor":5,"turns":5},{"damage":32,"enemies":"Gremlin Nob","floor":6,"turns":4},{"damage":2,"enemies":"Looter","floor":12,"turns":3},{"damage":90,"enemies":"Fading Forest","floor":16,"turns":13}],"seed_played":"3882225979899307787","potions_obtained":[{"floor":3,"key":"Dexterity Potion"},{"floor":6,"key":"Regen Potion"}],"is_trial":false,"path_per_floor":["M","M","M","?","M","E","?","R","T","?","$","M","R","?","R","B"],"character_chosen":"IRONCLAD","items_purchased":["Corruption","Body Slam"],"campfire_rested":1,"item_purchase_floors":[11,11],"current_hp_per_floor":[74,71,75,64,53,27,27,49,59,59,59,63,63,63,63,0],"gold":65,"neow_bonus":"RANDOM_COLORLESS_2","is_prod":false,"is_daily":false,"chose_seed":false,"campfire_upgraded":2,"win_rate":0,"timestamp":1547895723,"path_taken":["M","M","M","?","M","E","?","R","T","?","$","M","R","?","R","BOSS"],"build_version":"2019-01-17v2","purchased_purges":1,"victory":false,"max_hp_per_floor":[75,75,75,75,75,75,75,75,85,85,85,85,85,77,77,77],"card_choices":[{"not_picked":["Replay:Undeath\u0027s Touch","Fire Breathing"],"picked":"Disarm","floor":1},{"not_picked":["Massacre","Hemokinesis"],"picked":"Cleave","floor":2},{"not_picked":["Cleave","Pommel Strike"],"picked":"Havoc","floor":3},{"not_picked":["Headbutt","Cleave","Rupture"],"picked":"SKIP","floor":5},{"not_picked":["Run Through","Replay:Undeath\u0027s Touch"],"picked":"Life Link","floor":6},{"not_picked":["Perfected Strike","Armaments"],"picked":"Impervious","floor":12}],"player_experience":249133,"relics_obtained":[{"floor":6,"key":"Anchor"},{"floor":9,"key":"Pear"}],"event_choices":[{"damage_healed":0,"gold_gain":75,"player_choice":"Gather Gold","damage_taken":11,"max_hp_gain":0,"max_hp_loss":0,"event_name":"World of Goop","floor":4,"gold_loss":0},{"damage_healed":0,"gold_gain":0,"player_choice":"Lose Max HP","damage_taken":0,"relics_obtained":["Golden Idol"],"max_hp_gain":0,"max_hp_loss":8,"event_name":"Golden Idol","floor":14,"gold_loss":0}],"is_beta":false,"boss_relics":[],"items_purged_floors":[11],"is_endless":false,"potions_floor_spawned":[3,6],"killed_by":"Fading Forest","ascension_level":19}