{"gold_per_floor":[116,41,61,61,75,75,107,121,144,144,160,160,171,198,198,198],"floor_reached":16,"playtime":510,"items_purged":["Strike_R"],"score":224,"play_id":"3a6ec1dd-6c4c-4bbf-8835-0663d496e945","local_time":"20181008191705","is_ascension_mode":true,"campfire_choices":[{"data":"Searing Blow","floor":6.0,"key":"SMITH"},{"data":"Searing Blow+1","floor":10.0,"key":"SMITH"},{"data":"Searing Blow+2","floor":12,"key":"SMITH"},{"data":"Searing Blow+3","floor":15,"key":"SMITH"}],"neow_cost":"NONE","seed_source_timestamp":41764267716642,"circlet_count":0,"master_deck":["Strike_R","Strike_R","Strike_R","Strike_R","Defend_R","Defend_R","Defend_R","Defend_R","Bash+1","AscendersBane","Searing Blow+4","Ghostly Armor","Shockwave","Double Tap","Headbutt","Metallicize","Corruption"],"special_seed":0,"relics":["Burning Blood","Omamori","Lantern","Dream Catcher","Meat on the Bone"],"potions_floor_usage":[14],"damage_taken":[{"damage":7.0,"enemies":"Small Slimes","floor":1.0,"turns":3.0},{"damage":4.0,"enemies":"Jaw Worm","floor":3.0,"turns":4.0},{"damage":1.0,"enemies":"Cultist","floor":5.0,"turns":4.0},{"damage":38.0,"enemies":"Lagavulin","floor":7.0,"turns":8.0},{"damage":7.0,"enemies":"Exordium Thugs","floor":8.0,"turns":4.0},{"damage":9,"enemies":"Large Slime","floor":11,"turns":4},{"damage":7,"enemies":"Gremlin Gang","floor":13,"turns":4},{"damage":6,"enemies":"3 Sentries","floor":14,"turns":8},{"damage":26,"enemies":"Slime Boss","floor":16,"turns":7}],"seed_played":"7298146798060344522","potions_obtained":[{"floor":1.0,"key":"Swift Potion"},{"floor":11,"key":"Dexterity Potion"},{"floor":14,"key":"Ancient Potion"}],"is_trial":false,"path_per_floor":["M","$","M","?","M","R","E","M","T","R","M","R","M","E","R"],"character_chosen":"IRONCLAD","items_purchased":[],"campfire_rested":0,"item_purchase_floors":[],"current_hp_per_floor":[67,67,69,58,63,63,31,30,30,30,27,27,26,26,26,0],"gold":198,"neow_bonus":"UPGRADE_CARD","is_prod":false,"is_daily":false,"chose_seed":false,"campfire_upgraded":4,"win_rate":0,"timestamp":1539051425,"path_taken":["M","$","M","?","M","R","E","M","T","R","M","R","M","E","R","BOSS"],"build_version":"2018-10-04v2","purchased_purges":1,"victory":false,"max_hp_per_floor":[75,75,75,75,75,75,75,75,75,75,75,75,75,75,75,75],"card_choices":[{"not_picked":["Disarm","Thunderclap"],"picked":"Searing Blow","floor":1.0},{"not_picked":["Warcry","Pommel Strike"],"picked":"Ghostly Armor","floor":3.0},{"not_picked":["Havoc","Searing Blow"],"picked":"Shockwave","floor":5.0},{"not_picked":["Power Through","Flame Barrier"],"picked":"Double Tap","floor":7.0},{"not_picked":["Heavy Blade","Havoc"],"picked":"Headbutt","floor":8.0},{"not_picked":["Thunderclap","Cleave"],"picked":"Metallicize","floor":11},{"not_picked":["Blood for Blood","Clothesline","Iron Wave"],"picked":"SKIP","floor":13},{"not_picked":["Anger","Perfected Strike"],"picked":"Corruption","floor":14}],"player_experience":1305366,"relics_obtained":[{"floor":7.0,"key":"Lantern"},{"floor":9.0,"key":"Dream Catcher"},{"floor":14,"key":"Meat on the Bone"}],"event_choices":[{"event_name":"Scrap Ooze","player_choice":"success","floor":4.0,"damage_taken":11.0}],"is_beta":false,"boss_relics":[],"items_purged_floors":[2],"is_endless":false,"potions_floor_spawned":[1,11,14],"killed_by":"Slime Boss","ascension_level":20}