{"gold_per_floor":[113,113,38,113,126,126,143,172,197,222,222,222,222,232,232,337,337,347,362,58,69,79,79,98,98,122,47,47,47,81,81,81,177,177,189,189,189,200,44,44,58,105,132,54,54,54,64,81,81,81],"floor_reached":51,"playtime":1672,"items_purged":["Defend_R"],"score":922,"play_id":"28954573-95b3-4686-9abb-3eb55bc90295","local_time":"25610725233715","is_ascension_mode":true,"campfire_choices":[{"floor":6.0,"key":"REST"},{"floor":11.0,"key":"REST"},{"data":"Bludgeon","floor":13.0,"key":"SMITH"},{"data":"Spot Weakness","floor":15.0,"key":"SMITH"},{"data":"True Grit","floor":23.0,"key":"SMITH"},{"data":"Warcry","floor":25.0,"key":"SMITH"},{"floor":32.0,"key":"REST"},{"data":"Enlightenment","floor":40.0,"key":"SMITH"},{"data":"Double Tap","floor":46.0,"key":"SMITH"},{"data":"Offering","floor":49.0,"key":"SMITH"}],"neow_cost":"FIFTY_PERCENT_DAMAGE","seed_source_timestamp":37721029764647,"circlet_count":0,"master_deck":["Strike_R","Strike_R","Defend_R","Defend_R","Defend_R","Bash","Spot Weakness+1","Flex","Flame Barrier","Bludgeon+1","Heavy Blade+1","Offering+1","Perfected Strike+1","Perfected Strike+1","True Grit+1","Warcry+1","RitualDagger+1","Clash+1","Double Tap+1","Blood for Blood+1","Flash of Steel+1","Enlightenment+1","Searing Blow+1","Clothesline+1","True Grit+1","Bludgeon+1","Pommel Strike+1"],"special_seed":0,"relics":["Burning Blood","Ice Cream","Bag of Marbles","Orichalcum","Meat on the Bone","Molten Egg 2","Runic Cube","Incense Burner","Juzu Bracelet","Bottled Flame","Red Skull","Mark of Pain","Regal Pillow","Thread and Needle","Strawberry","NlothsMask"],"potions_floor_usage":[50],"damage_taken":[{"damage":5.0,"enemies":"2 Louse","floor":1.0,"turns":3.0},{"damage":0.0,"enemies":"Small Slimes","floor":5.0,"turns":3.0},{"damage":8.0,"enemies":"Jaw Worm","floor":7.0,"turns":4.0},{"damage":25.0,"enemies":"Lagavulin","floor":8.0,"turns":6.0},{"damage":11.0,"enemies":"3 Sentries","floor":10.0,"turns":8.0},{"damage":0.0,"enemies":"Looter","floor":14.0,"turns":1.0},{"damage":32.0,"enemies":"Hexaghost","floor":16.0,"turns":7.0},{"damage":6.0,"enemies":"Spheric Guardian","floor":18.0,"turns":3.0},{"damage":10.0,"enemies":"2 Thieves","floor":19.0,"turns":2.0},{"damage":18.0,"enemies":"Centurion and Healer","floor":21.0,"turns":3.0},{"damage":13.0,"enemies":"Snecko","floor":22.0,"turns":4.0},{"damage":18.0,"enemies":"Snake Plant","floor":24.0,"turns":3.0},{"damage":33.0,"enemies":"Slavers","floor":30.0,"turns":4.0},{"damage":58.0,"enemies":"Champ","floor":33.0,"turns":8.0},{"damage":17.0,"enemies":"3 Shapes","floor":35.0,"turns":3.0},{"damage":21.0,"enemies":"3 Darklings","floor":38.0,"turns":4.0},{"damage":0.0,"enemies":"Flame Bruiser 2 Orb","floor":41.0,"turns":2.0},{"damage":20.0,"floor":42.0,"turns":2.0},{"damage":17.0,"enemies":"Sphere and 2 Shapes","floor":47.0,"turns":4.0},{"damage":4.0,"enemies":"4 Shapes","floor":48.0,"turns":4.0},{"damage":50,"enemies":"Donu and Deca","floor":50,"turns":7}],"seed_played":"-2407383955621989513","potions_obtained":[{"floor":10.0,"key":"Regen Potion"},{"floor":14.0,"key":"SkillPotion"},{"floor":16.0,"key":"SpeedPotion"},{"floor":18.0,"key":"Regen Potion"},{"floor":21.0,"key":"Explosive Potion"},{"floor":24.0,"key":"Ancient Potion"},{"floor":30.0,"key":"SpeedPotion"},{"floor":41.0,"key":"Explosive Potion"},{"floor":48.0,"key":"Explosive Potion"}],"is_trial":false,"path_per_floor":["M","?","$","?","M","R","M","E","T","E","R","T","R","M","R","B",null,"M","M","$","M","M","R","M","R","T","?","?","?","E","?","R","B",null,"M","?","?","M","$","R","M","?","T","$","?","R","M","M","R","B"],"character_chosen":"IRONCLAD","items_purchased":["Incense Burner","Regal Pillow","Bludgeon+1"],"campfire_rested":3,"item_purchase_floors":[20,39,44],"current_hp_per_floor":[37,37,37,26,32,56,54,35,35,30,54,54,54,60,60,49,72,72,68,68,56,49,49,58,58,58,58,58,52,37,37,61,21,65,54,49,49,46,46,46,52,50,57,57,57,57,58,60,60,28],"gold":81,"neow_bonus":"ONE_RARE_RELIC","is_prod":false,"is_daily":false,"chose_seed":false,"campfire_upgraded":7,"win_rate":0,"timestamp":1532536635,"path_taken":["M","?","$","?","M","R","M","E","T","E","R","?","R","M","R","BOSS","M","M","$","M","M","R","M","R","T","?","?","?","E","?","R","BOSS","M","?","?","M","$","R","M","?","T","$","?","R","M","M","R","BOSS"],"build_version":"2018-07-19v2","purchased_purges":1,"victory":true,"max_hp_per_floor":[80,80,80,80,80,80,80,80,80,80,80,80,80,80,80,80,80,80,80,80,80,80,80,80,80,80,80,80,80,80,80,80,80,80,80,80,80,80,80,80,80,80,87,87,87,87,87,87,87,87],"card_choices":[{"not_picked":["Body Slam","Disarm"],"picked":"Spot Weakness","floor":1.0},{"not_picked":["Reckless Charge","Sentinel","Corruption"],"picked":"SKIP","floor":5.0},{"not_picked":["Pommel Strike","Anger"],"picked":"Flex","floor":7.0},{"not_picked":["Spot Weakness","Offering"],"picked":"Flame Barrier","floor":8.0},{"not_picked":["Perfected Strike","Shrug It Off"],"picked":"Bludgeon","floor":10.0},{"not_picked":["Pommel Strike+1","Twin Strike+1"],"picked":"Heavy Blade+1","floor":14.0},{"not_picked":["Juggernaut","Impervious"],"picked":"Offering","floor":16.0},{"not_picked":["Pommel Strike+1","Carnage+1"],"picked":"Perfected Strike+1","floor":18.0},{"not_picked":["Shrug It Off","Pommel Strike+1"],"picked":"Perfected Strike+1","floor":19.0},{"not_picked":["Fire Breathing+1","Flex","Inflame"],"picked":"SKIP","floor":21.0},{"not_picked":["Impervious","Wild Strike+1"],"picked":"True Grit","floor":22.0},{"not_picked":["Corruption","Power Through"],"picked":"Warcry","floor":24.0},{"not_picked":["Havoc","True Grit"],"picked":"Clash+1","floor":30.0},{"not_picked":["Demon Form","Limit Break"],"picked":"Double Tap","floor":33.0},{"not_picked":["Corruption+1","Warcry+1"],"picked":"Blood for Blood+1","floor":35.0},{"not_picked":["Secret Technique","Deep Breath"],"picked":"Flash of Steel+1","floor":36.0},{"not_picked":["Finesse","Panacea"],"picked":"Enlightenment","floor":36.0},{"not_picked":["Iron Wave+1","Clothesline+1"],"picked":"Searing Blow+1","floor":38.0},{"not_picked":["Second Wind+1","Intimidate"],"picked":"Clothesline+1","floor":41.0},{"not_picked":["Shrug It Off","Wild Strike+1"],"picked":"True Grit+1","floor":42.0},{"not_picked":["Uppercut+1","Power Through","Dual Wield+1"],"picked":"SKIP","floor":47.0},{"not_picked":["Shrug It Off+1","Havoc"],"picked":"Pommel Strike+1","floor":48.0}],"player_experience":159727,"relics_obtained":[{"floor":8.0,"key":"Bag of Marbles"},{"floor":9.0,"key":"Orichalcum"},{"floor":10.0,"key":"Meat on the Bone"},{"floor":12.0,"key":"Molten Egg 2"},{"floor":26.0,"key":"Juzu Bracelet"},{"floor":30.0,"key":"Bottled Flame"},{"floor":42.0,"key":"Thread and Needle"},{"floor":43.0,"key":"Strawberry"}],"event_choices":[{"event_name":"Living Wall","player_choice":"Forget","floor":2.0,"damage_taken":0.0},{"event_name":"World of Goop","player_choice":"Gather Gold","floor":4.0,"damage_taken":0.0},{"event_name":"Beggar","player_choice":"Gave Gold","floor":27.0,"damage_taken":0.0},{"event_name":"Ghosts","player_choice":"Ignored","floor":28.0,"damage_taken":0.0},{"event_name":"Nest","player_choice":"Joined the Cult","floor":29.0,"damage_taken":0.0},{"event_name":"Wheel of Change","player_choice":"Relic","floor":31.0,"damage_taken":0.0},{"event_name":"SensoryStone","player_choice":"Memory 2","floor":36.0,"damage_taken":0.0},{"event_name":"Falling","player_choice":"Removed Attack","floor":37.0,"damage_taken":0.0},{"event_name":"Mysterious Sphere","player_choice":"Fight","floor":42.0,"damage_taken":0.0},{"event_name":"FaceTrader","player_choice":"Trade","floor":45.0,"damage_taken":0.0}],"is_beta":false,"boss_relics":[{"not_picked":["Fusion Hammer","Coffee Dripper"],"picked":"Runic Cube"},{"not_picked":["Orrery","Empty Cage"],"picked":"Mark of Pain"}],"items_purged_floors":[3],"is_endless":false,"potions_floor_spawned":[10,14,16,18,21,24,30,41,48],"ascension_level":8}