{"gold_per_floor":[117,67,67,82,93,93,120,120,120,29,61,72,72,84,84,188,188,200,213,213,213,227,227,256,256,256,256,267,297,297,20,20,123,123,141,189,207,207,57,57,7,38,38,55,87,87,107,124,124,124,124,124,49,74,74],"floor_reached":56,"playtime":4306,"items_purged":["Combust+1"],"score":1957,"play_id":"151c44da-2c56-491c-991e-56371a151eb8","local_time":"20190416195733","is_ascension_mode":true,"campfire_choices":[{"data":"True Grit","floor":6,"key":"SMITH"},{"data":"Bash","floor":8,"key":"SMITH"},{"data":"True Grit","floor":13,"key":"SMITH"},{"data":"Body Slam","floor":15,"key":"SMITH"},{"floor":23,"key":"RECALL"},{"data":"Disarm","floor":25,"key":"SMITH"},{"data":"Rampage","floor":27,"key":"SMITH"},{"data":"Barricade","floor":32,"key":"SMITH"},{"data":"Sentinel","floor":40,"key":"SMITH"},{"data":"Shrug It Off","floor":46,"key":"SMITH"},{"data":"Iron Wave","floor":49,"key":"SMITH"},{"floor":52,"key":"REST"}],"neow_cost":"NONE","seed_source_timestamp":380802139432000,"circlet_count":0,"master_deck":["AscendersBane","Defend_R","Defend_R","Defend_R","Bash+1","Rampage+1","Sentinel+1","Shrug It Off+1","True Grit+1","Twin Strike","Disarm+1","True Grit+1","Iron Wave+1","Body Slam+1","Feed","Ghostly Armor+1","Iron Wave+1","Whirlwind+1","Headbutt","Entrench+1","Barricade+1","Battle Trance+1","Impervious+1","Entrench+1","True Grit+1","Warcry+1","Warcry+1","Shrug It Off+1","True Grit+1"],"relics":["Burning Blood","Pantograph","Ornamental Fan","Paper Frog","Astrolabe","Enchiridion","FaceOfCleric","Shuriken","Toxic Egg 2","Strawberry","ClockworkSouvenir","Busted Crown","Unceasing Top","Bag of Preparation","Blue Candle","Darkstone Periapt","Vajra","Centennial Puzzle"],"potions_floor_usage":[7,16,16,18,22,24,24,48,48,50],"damage_taken":[{"damage":3,"enemies":"2 Louse","floor":1,"turns":4},{"damage":1,"enemies":"Cultist","floor":4,"turns":3},{"damage":8,"enemies":"Small Slimes","floor":5,"turns":6},{"damage":26,"enemies":"3 Sentries","floor":7,"turns":10},{"damage":27,"enemies":"Lagavulin","floor":11,"turns":6},{"damage":5,"enemies":"2 Fungi Beasts","floor":12,"turns":5},{"damage":6,"enemies":"Exordium Thugs","floor":14,"turns":7},{"damage":9,"enemies":"Hexaghost","floor":16,"turns":11},{"damage":2,"enemies":"Chosen","floor":18,"turns":4},{"damage":0,"enemies":"3 Byrds","floor":19,"turns":5},{"damage":1,"enemies":"Snecko","floor":22,"turns":4},{"damage":30,"enemies":"Slavers","floor":24,"turns":5},{"damage":26,"enemies":"3 Cultists","floor":28,"turns":4},{"damage":5,"enemies":"Book of Stabbing","floor":29,"turns":9},{"damage":0,"enemies":"Champ","floor":33,"turns":13},{"damage":1,"enemies":"Orb Walker","floor":35,"turns":7},{"damage":8,"enemies":"2 Orb Walkers","floor":36,"turns":12},{"damage":0,"enemies":"3 Shapes","floor":37,"turns":7},{"damage":0,"enemies":"Nemesis","floor":42,"turns":7},{"damage":0,"enemies":"3 Darklings","floor":44,"turns":5},{"damage":0,"enemies":"Giant Head","floor":45,"turns":8},{"damage":0,"enemies":"Spire Growth","floor":47,"turns":5},{"damage":34,"enemies":"Transient","floor":48,"turns":5},{"damage":64,"enemies":"Awakened One","floor":50,"turns":10},{"damage":66,"enemies":"Shield and Spear","floor":54,"turns":15},{"damage":18,"enemies":"The Heart","floor":55,"turns":10}],"seed_played":"-2100099646102997059","potions_obtained":[{"floor":1,"key":"AttackPotion"},{"floor":12,"key":"SpeedPotion"},{"floor":14,"key":"AttackPotion"},{"floor":16,"key":"Fire Potion"},{"floor":18,"key":"SkillPotion"},{"floor":19,"key":"FearPotion"},{"floor":22,"key":"Swift Potion"},{"floor":35,"key":"Regen Potion"},{"floor":47,"key":"Block Potion"},{"floor":48,"key":"EssenceOfSteel"}],"is_trial":false,"path_per_floor":["M","?","?","M","M","R","E","R","T","$","E","M","R","M","R","B",null,"M","M","?","?","M","R","E","R","T","R","M","E","T","$","R","B",null,"M","?","M","?","$","R","$","E","T","M","E","R","M","M","R","B",null,"R","$","E","B",null],"character_chosen":"IRONCLAD","items_purchased":["Twin Strike","Disarm","ClockworkSouvenir","Battle Trance+1","Bag of Preparation","True Grit+1"],"campfire_rested":1,"item_purchase_floors":[10,10,31,31,39,41],"current_hp_per_floor":[75,75,75,80,78,78,58,58,58,58,37,38,38,38,38,60,75,79,83,67,67,76,76,53,53,53,53,37,46,46,46,46,78,95,104,106,113,113,113,113,113,114,114,115,116,116,117,92,92,63,107,122,122,63,77],"gold":74,"neow_bonus":"REMOVE_CARD","is_prod":false,"is_daily":false,"chose_seed":false,"campfire_upgraded":10,"win_rate":0,"timestamp":1555433853,"path_taken":["M","?","?","M","M","R","E","R","T","$","E","?","R","M","R","BOSS","M","M","?","?","?","R","E","R","T","R","M","E","?","$","R","BOSS","M","?","M","?","$","R","$","E","T","M","E","R","M","M","R","BOSS","R","$","E","BOSS"],"build_version":"2019-01-23","purchased_purges":1,"victory":true,"max_hp_per_floor":[80,80,80,80,80,80,80,80,80,80,80,80,80,80,80,80,80,80,83,83,83,87,87,88,88,88,88,92,100,100,100,100,101,101,105,109,113,113,113,113,113,114,114,115,116,116,117,118,118,122,122,122,122,123,124],"card_choices":[{"not_picked":["Combust","Twin Strike"],"picked":"Rampage","floor":1},{"not_picked":["Flex","Anger"],"picked":"Shrug It Off","floor":4},{"not_picked":["Feel No Pain","Anger"],"picked":"True Grit","floor":5},{"not_picked":["Metallicize","Intimidate","Corruption"],"picked":"SKIP","floor":7},{"not_picked":["Rampage","Intimidate"],"picked":"True Grit","floor":11},{"not_picked":["Metallicize","Reckless Charge"],"picked":"Iron Wave","floor":12},{"not_picked":["Evolve","Exhume"],"picked":"Body Slam","floor":14},{"not_picked":["Immolate","Bludgeon"],"picked":"Feed","floor":16},{"not_picked":["Anger","Armaments+1"],"picked":"Whirlwind+1","floor":18},{"not_picked":["Armaments","Iron Wave","Twin Strike"],"picked":"SKIP","floor":19},{"not_picked":["Metallicize","Twin Strike","Body Slam"],"picked":"SKIP","floor":22},{"not_picked":["Spot Weakness","Uppercut+1"],"picked":"Headbutt","floor":24},{"not_picked":["Shrug It Off+1","Sword Boomerang+1"],"picked":"Entrench+1","floor":28},{"not_picked":["Sword Boomerang","Fire Breathing"],"picked":"Barricade","floor":29},{"not_picked":["Barricade","Exhume+1"],"picked":"Impervious+1","floor":33},{"not_picked":["Cleave+1"],"picked":"SKIP","floor":35},{"not_picked":[],"picked":"Entrench+1","floor":36},{"not_picked":["Clash+1"],"picked":"SKIP","floor":37},{"not_picked":[],"picked":"Warcry+1","floor":42},{"not_picked":[],"picked":"Warcry+1","floor":44},{"not_picked":[],"picked":"Shrug It Off+1","floor":45},{"not_picked":[],"picked":"True Grit+1","floor":47},{"not_picked":["Rage+1"],"picked":"SKIP","floor":48},{"not_picked":["Brutality"],"picked":"SKIP","floor":54}],"player_experience":274770,"relics_obtained":[{"floor":7,"key":"Pantograph"},{"floor":9,"key":"Ornamental Fan"},{"floor":11,"key":"Paper Frog"},{"floor":20,"key":"Enchiridion"},{"floor":24,"key":"Shuriken"},{"floor":26,"key":"Toxic Egg 2"},{"floor":29,"key":"Strawberry"},{"floor":36,"key":"Unceasing Top"},{"floor":42,"key":"Blue Candle"},{"floor":43,"key":"Darkstone Periapt"},{"floor":45,"key":"Vajra"},{"floor":54,"key":"Centennial Puzzle"}],"event_choices":[{"cards_removed":["Strike_R"],"damage_healed":0,"gold_gain":0,"player_choice":"Card Removal","damage_taken":0,"max_hp_gain":0,"max_hp_loss":0,"event_name":"The Cleric","floor":2,"gold_loss":50},{"damage_healed":0,"gold_gain":0,"cards_transformed":["Strike_R"],"player_choice":"Transformed","damage_taken":0,"max_hp_gain":0,"max_hp_loss":0,"event_name":"Transmorgrifier","floor":3,"gold_loss":0,"cards_obtained":["Sentinel"]},{"damage_healed":0,"gold_gain":0,"player_choice":"Obtained Book","damage_taken":16,"max_hp_gain":0,"max_hp_loss":0,"event_name":"Cursed Tome","floor":20,"gold_loss":0},{"damage_healed":0,"gold_gain":0,"player_choice":"Trade","damage_taken":0,"relics_obtained":["FaceOfCleric"],"max_hp_gain":0,"max_hp_loss":0,"event_name":"FaceTrader","floor":21,"gold_loss":0},{"damage_healed":0,"gold_gain":0,"player_choice":"Fight","damage_taken":0,"max_hp_gain":0,"max_hp_loss":0,"event_name":"Mysterious Sphere","floor":36,"gold_loss":0},{"damage_healed":0,"gold_gain":0,"player_choice":"Memory 1","damage_taken":0,"max_hp_gain":0,"max_hp_loss":0,"event_name":"SensoryStone","floor":38,"gold_loss":0}],"is_beta":false,"boss_relics":[{"not_picked":["Eternal Feather","Runic Pyramid"],"picked":"Astrolabe"},{"not_picked":["Black Star","Runic Dome"],"picked":"Busted Crown"}],"items_purged_floors":[53],"is_endless":false,"potions_floor_spawned":[1,12,14,16,18,19,22,35,47,48],"ascension_level":11}