{"gold_per_floor":[114,133,143,43,43,70,70,101,101,135,153,11,11,23,23,123,123,134,134,144,144,144,178,192,192,192,202,216,243,243,272,272,374,374,393,441,110,1109,1122,1122,1157,476,476,476,495,132,166,180,180,180,180,180,33,62,62],"floor_reached":56,"playtime":2722,"items_purged":["Regret","Strike_B","Strike_B","Strike_B"],"score":1671,"play_id":"53ea4420-30cf-4bea-a2cc-bd033843bee3","local_time":"20190410223213","is_ascension_mode":true,"campfire_choices":[{"data":"Consume","floor":7.0,"key":"SMITH"},{"floor":13.0,"key":"REST"},{"data":"Loop","floor":15.0,"key":"SMITH"},{"data":"Buffer","floor":25.0,"key":"SMITH"},{"data":"Heatsinks","floor":30.0,"key":"SMITH"},{"data":"Defragment","floor":32.0,"key":"SMITH"},{"data":"Strike_B","floor":40.0,"key":"PURGE"},{"floor":49.0,"key":"RECALL"},{"data":"Iron Wave","floor":52.0,"key":"PURGE"}],"neow_cost":"NONE","seed_source_timestamp":0,"circlet_count":0,"master_deck":["Defend_B+1","Defend_B","Defend_B","Defend_B+1","Zap","Dualcast","White Noise","Loop+1","Ball Lightning","Consume+1","Ball Lightning","Coolheaded+1","Machine Learning","Auto Shields+1","Buffer+1","Coolheaded+1","White Noise+1","Darkness+1","Skim+1","Capacitor","Ghostly+1","Ghostly+1","Ghostly+1","Ghostly+1","Ghostly+1","Coolheaded+1","Creative AI","Defragment+1","Heatsinks+1","Core Surge","Hologram+1","Self Repair+1","Undo+1","Electrodynamics","Stack+1","Undo+1","Glacier+1","Storm"],"special_seed":0,"relics":["Velvet Choker","Mummified Hand","Bottled Lightning","Toxic Egg 2","Ornamental Fan","PreservedInsect","Orrery","War Paint","Potion Belt","DataDisk","Bag of Preparation","Black Star","Peace Pipe","Omamori","Dodecahedron","MawBank","Calipers","Strange Spoon","Anchor","Strawberry","Shuriken","Happy Flower","Blood Vial"],"potions_floor_usage":[55,55,55],"damage_taken":[{"damage":1.0,"enemies":"Cultist","floor":1.0,"turns":4.0},{"damage":0.0,"enemies":"Small Slimes","floor":2.0,"turns":4.0},{"damage":0.0,"enemies":"2 Louse","floor":3.0,"turns":3.0},{"damage":6.0,"enemies":"Gremlin Nob","floor":6.0,"turns":3.0},{"damage":29.0,"enemies":"3 Sentries","floor":8.0,"turns":5.0},{"damage":21.0,"enemies":"Lagavulin","floor":10.0,"turns":5.0},{"damage":14.0,"enemies":"Exordium Thugs","floor":11.0,"turns":3.0},{"damage":0.0,"enemies":"Large Slime","floor":14.0,"turns":4.0},{"damage":0.0,"enemies":"The Guardian","floor":16.0,"turns":7.0},{"damage":5.0,"enemies":"Chosen","floor":18.0,"turns":4.0},{"damage":20.0,"enemies":"2 Thieves","floor":20.0,"turns":3.0},{"damage":2.0,"enemies":"Book of Stabbing","floor":23.0,"turns":5.0},{"damage":0.0,"enemies":"Sentry and Sphere","floor":24.0,"turns":4.0},{"damage":0.0,"enemies":"Snake Plant","floor":27.0,"turns":4.0},{"damage":1.0,"enemies":"Cultist and Chosen","floor":28.0,"turns":9.0},{"damage":2.0,"enemies":"Gremlin Leader","floor":29.0,"turns":8.0},{"damage":27.0,"enemies":"Slavers","floor":31.0,"turns":4.0},{"damage":0.0,"enemies":"Automaton","floor":33.0,"turns":6.0},{"damage":0.0,"enemies":"3 Darklings","floor":35.0,"turns":8.0},{"damage":21.0,"enemies":"2 Orb Walkers","floor":36.0,"turns":6.0},{"damage":2.0,"enemies":"Orb Walker","floor":39.0,"turns":5.0},{"damage":0.0,"enemies":"Nemesis","floor":41.0,"turns":5.0},{"damage":0.0,"enemies":"Spire Growth","floor":45.0,"turns":4.0},{"damage":0.0,"enemies":"Reptomancer","floor":47.0,"turns":6.0},{"damage":0.0,"enemies":"Sphere and 2 Shapes","floor":48.0,"turns":3.0},{"damage":0.0,"enemies":"Donu and Deca","floor":50.0,"turns":7.0},{"damage":0,"enemies":"Shield and Spear","floor":54,"turns":6},{"damage":0,"enemies":"The Heart","floor":55,"turns":10}],"seed_played":"-5172641944069676269","potions_obtained":[{"floor":2.0,"key":"Strength Potion"},{"floor":3.0,"key":"Swift Potion"},{"floor":8.0,"key":"Dexterity Potion"},{"floor":11.0,"key":"AttackPotion"},{"floor":14.0,"key":"Swift Potion"},{"floor":18.0,"key":"FocusPotion"},{"floor":28.0,"key":"Poison Potion"},{"floor":33.0,"key":"Weak Potion"},{"floor":36.0,"key":"Ancient Potion"},{"floor":45.0,"key":"Dexterity Potion"}],"is_trial":false,"path_per_floor":["M","M","M","$","?","E","R","E","T","E","M","$","R","M","R","B",null,"M","?","M","?","?","E","M","R","T","M","M","E","R","E","R","B",null,"M","?","$","?","M","R","E","$","T","?","M","$","E","M","R","B",null,"R","$","E","B",null],"character_chosen":"DEFECT","items_purchased":["Consume","Ball Lightning","Auto Shields+1","Regen Potion","Omamori","Calipers","Strange Spoon","GamblersBrew","Electrodynamics","Anchor","Glacier+1","Storm"],"campfire_rested":1,"item_purchase_floors":[4,4,12,37,37,42,42,42,46,46,53,53],"current_hp_per_floor":[74,74,74,74,74,68,68,39,39,18,4,4,26,26,26,26,75,70,70,50,50,37,35,35,35,35,35,34,32,32,5,5,5,37,37,16,16,16,26,26,26,26,26,26,36,36,44,44,44,44,44,44,44,44,44],"gold":62,"neow_bonus":"BOSS_RELIC","is_prod":false,"is_daily":false,"chose_seed":false,"campfire_upgraded":5,"win_rate":0,"timestamp":1554906733,"path_taken":["M","?","?","$","?","E","R","E","T","E","M","$","R","M","R","BOSS","M","?","?","?","?","E","M","R","T","M","M","E","R","E","R","BOSS","M","?","$","?","M","R","E","$","T","?","M","?","E","M","R","BOSS","R","$","E","BOSS"],"build_version":"2019-04-04","purchased_purges":4,"victory":true,"max_hp_per_floor":[75,75,75,75,75,75,75,75,75,75,75,75,75,75,75,75,75,75,75,75,75,37,37,37,37,37,37,37,37,37,37,37,37,37,37,37,37,37,37,37,37,37,37,37,37,37,44,44,44,44,44,44,44,44,44],"card_choices":[{"not_picked":["Steam","Recycle"],"picked":"White Noise","floor":1.0},{"not_picked":["Hologram","Steam Power"],"picked":"Loop","floor":2.0},{"not_picked":["Heatsinks","Beam Cell"],"picked":"Ball Lightning","floor":3.0},{"not_picked":["Ball Lightning","Turbo","Lockon"],"picked":"SKIP","floor":6.0},{"not_picked":["Ball Lightning","Redo","Sunder"],"picked":"SKIP","floor":8.0},{"not_picked":["Reprogram+1","Redo+1"],"picked":"Coolheaded+1","floor":10.0},{"not_picked":["Sweeping Beam","Melter"],"picked":"Machine Learning","floor":11.0},{"not_picked":["Barrage","Doom and Gloom","BootSequence+1"],"picked":"SKIP","floor":14.0},{"not_picked":["Hyperbeam","Meteor Strike"],"picked":"Buffer","floor":16.0},{"not_picked":["BootSequence+1","Rebound"],"picked":"Coolheaded+1","floor":17.0},{"not_picked":["Rebound","Go for the Eyes"],"picked":"Hologram+1","floor":17.0},{"not_picked":["Streamline","Heatsinks"],"picked":"White Noise+1","floor":17.0},{"not_picked":["BootSequence+1","Rebound"],"picked":"Darkness+1","floor":18.0},{"not_picked":["Sunder","Beam Cell"],"picked":"Skim+1","floor":20.0},{"not_picked":["Stack+1","Cold Snap"],"picked":"Coolheaded+1","floor":23.0},{"not_picked":["Lockon","Sweeping Beam+1"],"picked":"Creative AI","floor":24.0},{"not_picked":["Capacitor","Tempest+1"],"picked":"Defragment","floor":27.0},{"not_picked":["Gash","Genetic Algorithm+1","Rebound"],"picked":"SKIP","floor":28.0},{"not_picked":["Gash+1","Undo+1"],"picked":"Heatsinks","floor":29.0},{"not_picked":["Ball Lightning","Beam Cell","Leap+1"],"picked":"SKIP","floor":31.0},{"not_picked":["Ball Lightning","Beam Cell","Leap+1"],"picked":"SKIP","floor":31.0},{"not_picked":["Creative AI","Thunder Strike"],"picked":"Core Surge","floor":33.0},{"not_picked":["Self Repair+1","Stack+1"],"picked":"Hologram+1","floor":35.0},{"not_picked":["Blizzard","Reprogram+1","Redo+1"],"picked":"SKIP","floor":39.0},{"not_picked":["Leap+1","FTL"],"picked":"Self Repair+1","floor":41.0},{"not_picked":["Gash+1","Leap+1"],"picked":"Undo+1","floor":45.0},{"not_picked":["Machine Learning","Redo+1"],"picked":"Stack+1","floor":47.0},{"not_picked":["Go for the Eyes","Turbo+1"],"picked":"Undo+1","floor":48.0},{"not_picked":["Fusion+1","Turbo+1","Double Energy+1"],"picked":"SKIP","floor":54}],"player_experience":1380072,"relics_obtained":[{"floor":6.0,"key":"Bottled Lightning"},{"floor":8.0,"key":"Toxic Egg 2"},{"floor":9.0,"key":"Ornamental Fan"},{"floor":10.0,"key":"PreservedInsect"},{"floor":23.0,"key":"War Paint"},{"floor":26.0,"key":"Potion Belt"},{"floor":29.0,"key":"DataDisk"},{"floor":31.0,"key":"Bag of Preparation"},{"floor":36.0,"key":"Peace Pipe"},{"floor":41.0,"key":"Dodecahedron"},{"floor":41.0,"key":"MawBank"},{"floor":47.0,"key":"Strawberry"},{"floor":47.0,"key":"Shuriken"},{"floor":54,"key":"Happy Flower"},{"floor":54,"key":"Blood Vial"}],"event_choices":[{"damage_healed":0.0,"max_hp_gain":0.0,"max_hp_loss":0.0,"gold_gain":0.0,"event_name":"Big Fish","player_choice":"Box","floor":5.0,"gold_loss":0.0,"damage_taken":0.0,"relics_obtained":["Mummified Hand"],"cards_obtained":["Regret"]},{"cards_removed":["Hologram"],"damage_healed":0.0,"max_hp_gain":0.0,"max_hp_loss":0.0,"gold_gain":0.0,"event_name":"NoteForYourself","player_choice":"Took Card","floor":19.0,"gold_loss":0.0,"damage_taken":0.0,"cards_obtained":["Iron Wave"]},{"damage_healed":0.0,"max_hp_gain":0.0,"max_hp_loss":0.0,"gold_gain":0.0,"event_name":"The Library","player_choice":"Read","floor":21.0,"gold_loss":0.0,"damage_taken":0.0,"cards_obtained":["Capacitor"]},{"damage_healed":0.0,"max_hp_gain":0.0,"max_hp_loss":38.0,"gold_gain":0.0,"event_name":"Ghosts","player_choice":"Became a Ghost","floor":22.0,"gold_loss":0.0,"damage_taken":0.0,"cards_obtained":["Ghostly","Ghostly","Ghostly","Ghostly","Ghostly"]},{"damage_healed":0.0,"max_hp_gain":0.0,"max_hp_loss":0.0,"gold_gain":0.0,"event_name":"Mysterious Sphere","player_choice":"Fight","floor":36.0,"gold_loss":0.0,"damage_taken":0.0},{"damage_healed":0.0,"max_hp_gain":0.0,"max_hp_loss":0.0,"gold_gain":999.0,"event_name":"MindBloom","player_choice":"Gold","floor":38.0,"gold_loss":0.0,"damage_taken":0.0,"cards_obtained":["Normality","Normality"]},{"damage_healed":0.0,"max_hp_gain":0.0,"max_hp_loss":0.0,"gold_gain":0.0,"event_name":"Tomb of Lord Red Mask","player_choice":"Ignored","floor":44.0,"gold_loss":0.0,"damage_taken":0.0}],"is_beta":true,"boss_relics":[{"not_picked":["Lizard Tail","Fusion Hammer"],"picked":"Orrery"},{"not_picked":["Runic Dome","Eternal Feather"],"picked":"Black Star"}],"items_purged_floors":[12,37,42,46],"is_endless":false,"potions_floor_spawned":[2,3,8,11,14,18,28,33,36,45,48,54],"ascension_level":1}