{"gold_per_floor":[112,130,2,20,34,34,61,79,79,95,95,95,95,112,112,186,186,196,196,206,21,21,21,31,49,49,66,66,66,85,103,103,103],"floor_reached":33,"playtime":885,"items_purged":["Defend_R"],"score":468,"play_id":"50464a38-47bc-4f3d-8737-6f78236af2fb","local_time":"20190117233250","is_ascension_mode":true,"campfire_choices":[{"data":"Metallicize","floor":6,"key":"SMITH"},{"data":"Perfected Strike","floor":11,"key":"SMITH"},{"data":"Pommel Strike","floor":13,"key":"SMITH"},{"data":"Perfected Strike","floor":15,"key":"SMITH"},{"data":"Apotheosis","floor":23,"key":"SMITH"},{"floor":29,"key":"REST"},{"floor":32,"key":"REST"}],"neow_cost":"TEN_PERCENT_HP_LOSS","seed_source_timestamp":160005250410051,"circlet_count":0,"master_deck":["AscendersBane","Strike_R","Strike_R","Strike_R","Strike_R","Strike_R","Defend_R","Bash+1","Pommel Strike","Spot Weakness","Headbutt","Pommel Strike+1","Metallicize+1","Perfected Strike+1","Wild Strike","Perfected Strike+1","Double Tap","Apotheosis+1","Disarm","Twin Strike"],"relics":["Black Blood","Regal Pillow","Mercury Hourglass","Enchiridion","Blood Vial","Bottled Lightning"],"potions_floor_usage":[7,8,16,27,33],"damage_taken":[{"damage":7,"enemies":"Jaw Worm","floor":1,"turns":3},{"damage":6,"enemies":"Cultist","floor":2,"turns":3},{"damage":8,"enemies":"2 Louse","floor":4,"turns":2},{"damage":16,"enemies":"Blue Slaver","floor":5,"turns":3},{"damage":32,"enemies":"Lagavulin","floor":7,"turns":5},{"damage":1,"enemies":"Gremlin Gang","floor":8,"turns":4},{"damage":18,"enemies":"Exordium Wildlife","floor":10,"turns":3},{"damage":11,"enemies":"Looter","floor":14,"turns":2},{"damage":32,"enemies":"The Guardian","floor":16,"turns":8},{"damage":11,"enemies":"2 Thieves","floor":18,"turns":2},{"damage":0,"enemies":"Chosen","floor":20,"turns":3},{"damage":10,"enemies":"Snecko","floor":24,"turns":3},{"damage":29,"enemies":"Sentry and Sphere","floor":25,"turns":4},{"damage":22,"enemies":"Snake Plant","floor":27,"turns":3},{"damage":31,"enemies":"Cultist and Chosen","floor":30,"turns":5},{"damage":20,"enemies":"Centurion and Healer","floor":31,"turns":4},{"damage":90,"enemies":"Automaton","floor":33,"turns":6}],"seed_played":"6900787852094647060","potions_obtained":[{"floor":2,"key":"SneckoOil"},{"floor":4,"key":"Regen Potion"},{"floor":5,"key":"Fire Potion"},{"floor":10,"key":"Weak Potion"},{"floor":14,"key":"FairyPotion"},{"floor":25,"key":"BloodPotion"},{"floor":31,"key":"Poison Potion"}],"is_trial":false,"path_per_floor":["M","M","$","M","M","R","E","M","T","M","R","?","R","M","R","B",null,"M","?","M","$","?","R","M","M","T","M","T","R","M","M","R","B"],"character_chosen":"IRONCLAD","items_purchased":["Headbutt","Apotheosis"],"campfire_rested":2,"item_purchase_floors":[3,21],"current_hp_per_floor":[67,67,67,65,55,55,43,48,48,36,36,36,36,31,31,12,54,53,68,68,68,47,47,47,28,28,24,24,59,40,32,67,0],"gold":103,"neow_bonus":"REMOVE_TWO","is_prod":false,"is_daily":false,"chose_seed":false,"campfire_upgraded":5,"win_rate":0,"timestamp":1547764370,"path_taken":["M","M","$","M","M","R","E","M","T","M","R","?","R","?","R","BOSS","M","?","?","$","?","R","M","M","T","M","?","R","?","M","R","BOSS"],"build_version":"2019-01-10","purchased_purges":1,"victory":false,"max_hp_per_floor":[68,68,68,68,68,68,68,68,68,68,68,68,68,68,68,68,68,68,68,68,68,68,68,68,68,68,68,68,68,68,68,68,68],"card_choices":[{"not_picked":["Iron Wave","Clash"],"picked":"Pommel Strike","floor":1},{"not_picked":["Entrench","Headbutt"],"picked":"Spot Weakness","floor":2},{"not_picked":["Second Wind","Anger"],"picked":"Pommel Strike","floor":4},{"not_picked":["Armaments","Twin Strike"],"picked":"Metallicize","floor":5},{"not_picked":["Anger","Havoc"],"picked":"Perfected Strike","floor":7},{"not_picked":["Havoc","Anger"],"picked":"Wild Strike","floor":8},{"not_picked":["Sword Boomerang","Entrench","Brutality"],"picked":"SKIP","floor":10},{"not_picked":["Combust","Shrug It Off"],"picked":"Perfected Strike","floor":14},{"not_picked":["Bludgeon","Demon Form"],"picked":"Double Tap","floor":16},{"not_picked":["Heavy Blade","Armaments","Searing Blow+1"],"picked":"SKIP","floor":18},{"not_picked":["Entrench","Rupture","Clash"],"picked":"SKIP","floor":20},{"not_picked":["Rupture","Clash","Iron Wave"],"picked":"SKIP","floor":24},{"not_picked":["Cleave","Havoc"],"picked":"Disarm","floor":25},{"not_picked":["Intimidate","Uppercut"],"picked":"Twin Strike","floor":27},{"not_picked":["Searing Blow","Intimidate","Limit Break"],"picked":"SKIP","floor":30},{"not_picked":["Headbutt","Reckless Charge","Searing Blow"],"picked":"SKIP","floor":31}],"player_experience":469925,"relics_obtained":[{"floor":7,"key":"Regal Pillow"},{"floor":9,"key":"Mercury Hourglass"},{"floor":22,"key":"Enchiridion"},{"floor":26,"key":"Blood Vial"},{"floor":28,"key":"Bottled Lightning"}],"event_choices":[{"damage_healed":0,"gold_gain":0,"player_choice":"Upgraded","damage_taken":0,"max_hp_gain":0,"max_hp_loss":0,"event_name":"Upgrade Shrine","floor":12,"gold_loss":0,"cards_upgraded":["Bash"]},{"damage_healed":15,"gold_gain":0,"player_choice":"Full Heal","damage_taken":0,"max_hp_gain":0,"max_hp_loss":0,"event_name":"Wheel of Change","floor":19,"gold_loss":0},{"damage_healed":0,"gold_gain":0,"player_choice":"Obtained Book","damage_taken":21,"max_hp_gain":0,"max_hp_loss":0,"event_name":"Cursed Tome","floor":22,"gold_loss":0}],"is_beta":false,"boss_relics":[{"not_picked":["Astrolabe","Tiny House"],"picked":"Black Blood"}],"items_purged_floors":[3],"is_endless":false,"potions_floor_spawned":[2,4,5,10,14,25,31],"killed_by":"Automaton","ascension_level":17}