{"gold_per_floor":[119,44,55,55,72,72,102,102,182,196,196,215,33,33,33,33],"floor_reached":16,"playtime":396,"items_purged":["Strike_G","Strike_G"],"score":200,"play_id":"b3a6404f-062e-49d7-ada8-11f7327b3498","local_time":"20190407152523","is_ascension_mode":true,"campfire_choices":[{"data":"Masterful Stab","floor":6,"key":"SMITH"},{"data":"Tactician","floor":8,"key":"SMITH"},{"data":"Bane","floor":11,"key":"SMITH"},{"data":"Acrobatics","floor":15,"key":"SMITH"}],"neow_cost":"NONE","seed_source_timestamp":13791456464100,"circlet_count":0,"master_deck":["AscendersBane","Defend_G","Defend_G","Defend_G","Defend_G","Defend_G","Strike_G","Strike_G","Strike_G","Survivor","Neutralize","Masterful Stab+1","Tactician+1","Doppelganger","Bane+1","Acrobatics+1"],"relics":["Ring of the Snake","Bronze Scales","Pen Nib","Darkstone Periapt","Golden Idol"],"potions_floor_usage":[7,10,16,16],"damage_taken":[{"damage":1,"enemies":"2 Louse","floor":1,"turns":2},{"damage":0,"enemies":"Jaw Worm","floor":3,"turns":4},{"damage":0,"enemies":"Cultist","floor":5,"turns":3},{"damage":41,"enemies":"Gremlin Nob","floor":7,"turns":5},{"damage":0,"enemies":"Large Slime","floor":10,"turns":5},{"damage":13,"enemies":"Exordium Thugs","floor":12,"turns":5},{"damage":38,"enemies":"Slime Boss","floor":16,"turns":3}],"seed_played":"-5294817386975688500","potions_obtained":[{"floor":3,"key":"Block Potion"},{"floor":5,"key":"Explosive Potion"},{"floor":7,"key":"Strength Potion"}],"is_trial":false,"path_per_floor":["M","$","M","?","M","R","E","R","T","M","R","M","$","?","R","B"],"character_chosen":"THE_SILENT","items_purchased":["SteroidPotion","Acrobatics"],"campfire_rested":0,"item_purchase_floors":[13,13],"current_hp_per_floor":[58,58,58,58,58,58,17,17,17,17,17,4,4,4,4,0],"gold":33,"neow_bonus":"RANDOM_COMMON_RELIC","is_prod":false,"is_daily":false,"chose_seed":false,"campfire_upgraded":4,"win_rate":0,"timestamp":1554621923,"path_taken":["M","$","M","?","M","R","E","R","T","M","R","M","$","?","R","BOSS"],"build_version":"2019-04-04","purchased_purges":2,"victory":false,"max_hp_per_floor":[66,66,66,66,66,66,66,66,66,66,66,66,66,60,60,60],"card_choices":[{"not_picked":["Dagger Spray","PiercingWail"],"picked":"Masterful Stab","floor":1},{"not_picked":["Backflip","Flechettes"],"picked":"Tactician","floor":3},{"not_picked":["Sucker Punch","Distraction","Doppelganger"],"picked":"SKIP","floor":5},{"not_picked":["Sucker Punch","Distraction"],"picked":"Doppelganger","floor":5},{"not_picked":["Predator","Setup","Dodge and Roll"],"picked":"SKIP","floor":7},{"not_picked":["Backflip","Bane","Poisoned Stab"],"picked":"SKIP","floor":10},{"not_picked":["Backflip","Poisoned Stab"],"picked":"Bane","floor":10},{"not_picked":["Flechettes","Riddle With Holes","Skewer"],"picked":"SKIP","floor":12}],"player_experience":1333743,"relics_obtained":[{"floor":7,"key":"Pen Nib"},{"floor":9,"key":"Darkstone Periapt"}],"event_choices":[{"damage_healed":0,"gold_gain":0,"player_choice":"Ignored","damage_taken":0,"max_hp_gain":0,"max_hp_loss":0,"event_name":"Liars Game","floor":4,"gold_loss":0},{"damage_healed":0,"gold_gain":0,"player_choice":"Lose Max HP","damage_taken":0,"relics_obtained":["Golden Idol"],"max_hp_gain":0,"max_hp_loss":6,"event_name":"Golden Idol","floor":14,"gold_loss":0}],"is_beta":true,"boss_relics":[],"items_purged_floors":[2,13],"is_endless":false,"potions_floor_spawned":[3,5,7],"killed_by":"Slime Boss","ascension_level":20}