{"gold_per_floor":[15,34,64,64,77,111,111,136,161,181,181,83,83,96,96,96],"floor_reached":16,"playtime":549,"items_purged":["Strike_R"],"score":193,"play_id":"e2df26a9-8308-4f31-b435-bf58ce5d6786","local_time":"20181006211438","is_ascension_mode":true,"campfire_choices":[{"data":"Armaments","floor":7.0,"key":"SMITH"},{"floor":11.0,"key":"REST"},{"data":"Juggernaut","floor":15.0,"key":"SMITH"}],"neow_cost":"NO_GOLD","seed_source_timestamp":49079904654864,"circlet_count":0,"master_deck":["Strike_R","Strike_R","Strike_R","Strike_R","Defend_R","Defend_R","Defend_R","Defend_R","Bash","AscendersBane","Juggernaut+1","Clothesline","Pommel Strike","Armaments+1","Shrug It Off","Shrug It Off","Flame Barrier"],"special_seed":0,"relics":["Burning Blood","Tiny Chest","Singing Bowl","Smiling Mask","Bag of Preparation","Bag of Marbles"],"potions_floor_usage":[16],"damage_taken":[{"damage":7.0,"enemies":"Jaw Worm","floor":1.0,"turns":4.0},{"damage":0.0,"enemies":"Cultist","floor":2.0,"turns":4.0},{"damage":6.0,"enemies":"2 Louse","floor":5.0,"turns":4.0},{"damage":31.0,"enemies":"Lagavulin","floor":6.0,"turns":8.0},{"damage":48.0,"enemies":"Gremlin Nob","floor":8.0,"turns":5.0},{"damage":6.0,"enemies":"Exordium Wildlife","floor":10.0,"turns":7.0},{"damage":24.0,"enemies":"Lots of Slimes","floor":14.0,"turns":5.0},{"damage":18,"enemies":"Slime Boss","floor":16,"turns":8}],"seed_played":"4041836715026234391","potions_obtained":[{"floor":2.0,"key":"Regen Potion"},{"floor":5.0,"key":"AttackPotion"},{"floor":6.0,"key":"SkillPotion"},{"floor":14.0,"key":"Energy Potion"}],"is_trial":false,"path_per_floor":["M","M","?","T","M","E","R","E","T","M","R","$","?","M","R"],"character_chosen":"IRONCLAD","items_purchased":["Shrug It Off"],"campfire_rested":1,"item_purchase_floors":[12],"current_hp_per_floor":[67,73,73,73,75,50,50,8,8,10,33,33,33,15,15,0],"gold":96,"neow_bonus":"THREE_RARE_CARDS","is_prod":false,"is_daily":false,"chose_seed":false,"campfire_upgraded":2,"win_rate":0,"timestamp":1538885678,"path_taken":["M","M","?","?","M","E","R","E","T","?","R","$","?","M","R","BOSS"],"build_version":"2018-10-04v2","purchased_purges":1,"victory":false,"max_hp_per_floor":[75,75,75,75,77,77,77,77,77,79,79,79,79,79,79,79],"card_choices":[{"not_picked":["Barricade","Exhume"],"picked":"Juggernaut","floor":0.0},{"not_picked":["Havoc","Second Wind"],"picked":"Clothesline","floor":1.0},{"not_picked":["Warcry","Wild Strike"],"picked":"Pommel Strike","floor":2.0},{"not_picked":["Heavy Blade","Hemokinesis","Cleave"],"picked":"Singing Bowl","floor":5.0},{"not_picked":["Pommel Strike","Rupture"],"picked":"Armaments","floor":6.0},{"not_picked":["Ghostly Armor","Entrench"],"picked":"Shrug It Off","floor":8.0},{"not_picked":["Thunderclap","Sword Boomerang","Combust"],"picked":"Singing Bowl","floor":10.0},{"not_picked":["Sever Soul","Seeing Red"],"picked":"Flame Barrier","floor":14.0}],"player_experience":1290618,"relics_obtained":[{"floor":4.0,"key":"Singing Bowl"},{"floor":6.0,"key":"Smiling Mask"},{"floor":8.0,"key":"Bag of Preparation"},{"floor":9.0,"key":"Bag of Marbles"}],"event_choices":[{"event_name":"WeMeetAgain","player_choice":"Potion","floor":3.0,"damage_taken":0.0},{"event_name":"Golden Idol","player_choice":"Ignored","floor":13.0,"damage_taken":0.0}],"is_beta":false,"boss_relics":[],"items_purged_floors":[12],"is_endless":false,"potions_floor_spawned":[2,5,6,14],"killed_by":"Slime Boss","ascension_level":15}