{"gold_per_floor":[119,131,131,146,162,162,194,164,188,188,198,231,242,16,16,117,117,136,136,153,172,184,184,184,28,28,28,54,54,69,69],"floor_reached":31,"playtime":1877,"items_purged":[],"score":345,"play_id":"cc531c4d-adfa-42a0-9802-1f0398ccf533","local_time":"20181206191734","is_ascension_mode":true,"campfire_choices":[{"data":"Sunder","floor":6,"key":"SMITH"},{"floor":10,"key":"REST"},{"data":"Defragment","floor":15,"key":"SMITH"},{"data":"Defragment","floor":23,"key":"SMITH"},{"data":"Redo","floor":27,"key":"SMITH"},{"floor":29,"key":"REST"}],"neow_cost":"NONE","seed_source_timestamp":1031290696586142,"circlet_count":0,"master_deck":["Defend_B","Defend_B","Defend_B","Defend_B","Zap","Dualcast","Ball Lightning","Sweeping Beam","Sunder+1","Redo+1","FTL","Auto Shields","Loop","Defragment+1","Defragment+1","Biased Cognition","Defragment+1","Steam+1","BootSequence+1","Gash","Bite","Bite","Bite","Bite","Bite","Capacitor+1"],"relics":["Cracked Core","NeowsBlessing","Omamori","DataDisk","Happy Flower","Bronze Scales","DollysMirror","White Beast Statue","Anchor","Matryoshka","Ginger"],"potions_floor_usage":[7,11,12,12,12,12,12,16,16,21,21,22,28,30,31],"damage_taken":[{"damage":0,"enemies":"Small Slimes","floor":1,"turns":1},{"damage":0,"enemies":"2 Louse","floor":2,"turns":1},{"damage":0,"enemies":"Cultist","floor":4,"turns":1},{"damage":7,"enemies":"Exordium Thugs","floor":5,"turns":3},{"damage":35,"enemies":"Lagavulin","floor":7,"turns":5},{"damage":5,"enemies":"Red Slaver","floor":11,"turns":3},{"damage":20,"enemies":"3 Sentries","floor":12,"turns":4},{"damage":5,"enemies":"Gremlin Gang","floor":13,"turns":2},{"damage":12,"enemies":"The Guardian","floor":16,"turns":7},{"damage":2,"enemies":"Chosen","floor":18,"turns":4},{"damage":7,"enemies":"3 Byrds","floor":20,"turns":2},{"damage":16,"enemies":"Cultist and Chosen","floor":21,"turns":5},{"damage":7,"enemies":"Chosen and Byrds","floor":22,"turns":4},{"damage":53,"enemies":"Gremlin Leader","floor":28,"turns":6},{"damage":13,"enemies":"Snake Plant","floor":30,"turns":4},{"damage":16,"enemies":"Sentry and Sphere","floor":31,"turns":2}],"seed_played":"-153394847663811130","potions_obtained":[{"floor":1,"key":"FearPotion"},{"floor":2,"key":"Ancient Potion"},{"floor":8,"key":"EntropicBrew"},{"floor":8,"key":"EssenceOfSteel"},{"floor":12,"key":"Swift Potion"},{"floor":13,"key":"Dexterity Potion"},{"floor":18,"key":"SneckoOil"},{"floor":20,"key":"Dexterity Potion"},{"floor":21,"key":"Swift Potion"},{"floor":22,"key":"Weak Potion"},{"floor":28,"key":"Weak Potion"},{"floor":30,"key":"LiquidBronze"}],"is_trial":false,"path_per_floor":["M","M","?","M","M","R","E","?","T","R","M","E","M","$","R","B",null,"M","?","M","M","M","R","?","$","T","R","E","R","M","M"],"character_chosen":"DEFECT","items_purchased":["Defragment","DollysMirror","Anchor"],"campfire_rested":2,"item_purchase_floors":[14,14,25],"current_hp_per_floor":[75,75,72,72,65,65,30,30,30,52,47,54,49,49,49,37,75,73,73,66,50,43,43,43,43,43,43,2,17,14,0],"gold":69,"neow_bonus":"THREE_ENEMY_KILL","is_prod":false,"is_daily":false,"chose_seed":false,"campfire_upgraded":4,"win_rate":0,"timestamp":1544141854,"path_taken":["M","M","?","M","M","R","E","?","T","R","M","E","?","$","R","BOSS","M","?","?","?","M","R","?","$","T","R","E","R","M","M"],"build_version":"2018-11-15","purchased_purges":0,"victory":false,"max_hp_per_floor":[75,75,75,75,75,75,75,75,75,75,75,75,75,75,75,75,75,75,75,75,75,75,75,52,52,52,52,52,52,52,52],"card_choices":[{"not_picked":["Lockon","Melter"],"picked":"Ball Lightning","floor":1},{"not_picked":["Turbo","Streamline"],"picked":"Sweeping Beam","floor":2},{"not_picked":["Skim","Heatsinks"],"picked":"Sunder","floor":4},{"not_picked":["Sweeping Beam","Stack"],"picked":"Redo","floor":5},{"not_picked":["Go for the Eyes","Darkness"],"picked":"FTL","floor":7},{"not_picked":["Coolheaded","Compile Driver","BootSequence"],"picked":"SKIP","floor":11},{"not_picked":["Consume","Undo"],"picked":"Auto Shields","floor":12},{"not_picked":["Hologram","Rebound"],"picked":"Loop","floor":13},{"not_picked":["Fission","Multi-Cast"],"picked":"Biased Cognition","floor":16},{"not_picked":["Consume","Hello World","Skim"],"picked":"SKIP","floor":18},{"not_picked":["Cold Snap","Storm"],"picked":"Steam+1","floor":20},{"not_picked":["Stack","Beam Cell"],"picked":"BootSequence+1","floor":21},{"not_picked":["Storm","Undo"],"picked":"Gash","floor":22},{"not_picked":["Redo","Heatsinks","Stack"],"picked":"SKIP","floor":28},{"not_picked":["Blizzard","Recycle"],"picked":"Capacitor+1","floor":30}],"player_experience":180207,"relics_obtained":[{"floor":7,"key":"DataDisk"},{"floor":9,"key":"Happy Flower"},{"floor":12,"key":"Bronze Scales"},{"floor":26,"key":"Matryoshka"},{"floor":28,"key":"Ginger"}],"event_choices":[{"damage_healed":0,"gold_gain":0,"player_choice":"Success","damage_taken":3,"relics_obtained":["Omamori"],"max_hp_gain":0,"max_hp_loss":0,"event_name":"Scrap Ooze","floor":3,"gold_loss":0},{"damage_healed":0,"gold_gain":0,"player_choice":"Bought 2 Potions","damage_taken":0,"max_hp_gain":0,"max_hp_loss":0,"event_name":"The Woman in Blue","floor":8,"gold_loss":0},{"damage_healed":0,"gold_gain":0,"player_choice":"Copied","damage_taken":0,"max_hp_gain":0,"max_hp_loss":0,"event_name":"Duplicator","floor":19,"gold_loss":0,"cards_obtained":["Defragment"]},{"damage_healed":0,"gold_gain":0,"player_choice":"Became a vampire","damage_taken":0,"max_hp_gain":0,"max_hp_loss":23,"event_name":"Vampires","floor":24,"gold_loss":0,"cards_obtained":["Bite","Bite","Bite","Bite","Bite"]}],"is_beta":false,"boss_relics":[{"not_picked":["Tiny House","Orrery"],"picked":"White Beast Statue"}],"items_purged_floors":[],"is_endless":false,"potions_floor_spawned":[1,2,12,13,18,20,21,22,28,30],"killed_by":"Sentry and Sphere","ascension_level":4}