{"gold_per_floor":[113,130,54,69,87,117,128,143,143,158,12,12,12,30,30,126,126,138,138,138,157,157,157,191,191,217,227,227,56,66,79,79,182,182,192,210,225,237,252,252,2,2,48,48,48,0,16,27,27,27],"floor_reached":50,"playtime":2588,"items_purged":["Strike_G"],"score":644,"play_id":"b7cec430-9962-4268-83ae-1f89aee6a0b1","local_time":"20180718225151","is_ascension_mode":true,"campfire_choices":[{"data":"Noxious Fumes","floor":12,"key":"SMITH"},{"data":"Bouncing Flask","floor":15,"key":"SMITH"},{"data":"Noxious Fumes","floor":23,"key":"SMITH"},{"floor":25,"key":"REST"},{"data":"Catalyst","floor":32,"key":"SMITH"},{"data":"Catalyst","floor":40,"key":"SMITH"},{"data":"Crippling Poison","floor":42,"key":"SMITH"},{"data":"Envenom","floor":44,"key":"SMITH"},{"data":"Burst","floor":49,"key":"SMITH"}],"neow_cost":"NONE","seed_source_timestamp":49487772827697,"circlet_count":0,"master_deck":["Defend_G","Defend_G","Defend_G","Defend_G","Defend_G","Survivor","Neutralize","Poisoned Stab","Cloak And Dagger","Crippling Poison+1","Noxious Fumes+1","Bouncing Flask+1","Envenom+1","Poisoned Stab","Escape Plan","Well Laid Plans","Noxious Fumes+1","Bane+1","Noxious Fumes+1","Backstab+1","Catalyst+1","Bite+1","Bite+1","Bite+1","Bite+1","Bite+1","Catalyst+1","Bandage Up","PiercingWail+1","Dodge and Roll+1","Adrenaline","Poisoned Stab+1","Footwork","Mind Blast+1","Burst+1","Prepared"],"relics":["Ring of the Snake","Matryoshka","Strawberry","Meat on the Bone","Sozu","Gremlin Horn","Molten Egg 2","Sundial","Ice Cream","Ancient Tea Set","Eternal Feather","Dodecahedron","Anchor","Red Mask"],"potions_floor_usage":[18,24,24],"damage_taken":[{"damage":0,"enemies":"Cultist","floor":1,"turns":4},{"damage":4,"enemies":"Small Slimes","floor":2,"turns":3},{"damage":0,"enemies":"2 Louse","floor":4,"turns":4},{"damage":1,"enemies":"Exordium Wildlife","floor":5,"turns":4},{"damage":28,"enemies":"Gremlin Nob","floor":6,"turns":5},{"damage":0,"enemies":"Large Slime","floor":7,"turns":5},{"damage":1,"enemies":"3 Louse","floor":8,"turns":4},{"damage":4,"enemies":"Red Slaver","floor":10,"turns":4},{"damage":2,"enemies":"Blue Slaver","floor":14,"turns":4},{"damage":11,"enemies":"The Guardian","floor":16,"turns":8},{"damage":3,"enemies":"Chosen","floor":18,"turns":4},{"damage":25,"enemies":"2 Thieves","floor":21,"turns":4},{"damage":36,"enemies":"Book of Stabbing","floor":24,"turns":5},{"damage":27,"enemies":"Snake Plant","floor":27,"turns":4},{"damage":20,"enemies":"Centurion and Healer","floor":30,"turns":5},{"damage":16,"enemies":"3 Cultists","floor":31,"turns":4},{"damage":35,"enemies":"Automaton","floor":33,"turns":5},{"damage":20,"enemies":"Orb Walker","floor":35,"turns":4},{"damage":35,"enemies":"3 Darklings","floor":36,"turns":5},{"damage":6,"enemies":"Maw","floor":37,"turns":5},{"damage":1,"enemies":"4 Shapes","floor":38,"turns":6},{"damage":4,"enemies":"Spire Growth","floor":39,"turns":3},{"damage":0,"enemies":"Sphere and 2 Shapes","floor":47,"turns":3},{"damage":7,"enemies":"Maw","floor":48,"turns":4},{"damage":68,"enemies":"Donu and Deca","floor":50,"turns":6}],"seed_played":"-8128314464785547333","potions_obtained":[{"floor":6,"key":"Explosive Potion"},{"floor":7,"key":"Strength Potion"},{"floor":8,"key":"Fire Potion"},{"floor":14,"key":"AttackPotion"},{"floor":16,"key":"Fire Potion"}],"is_trial":false,"path_per_floor":["M","M","$","M","M","E","M","M","T","M","$","R","$","M","R","B",null,"M","T","?","M","?","R","E","R","T","M","?","$","M","M","R","B",null,"M","M","M","M","M","R","$","R","T","R","?","?","M","M","R"],"character_chosen":"THE_SILENT","items_purchased":["Noxious Fumes","Noxious Fumes","Catalyst","Bandage Up","Dodecahedron"],"campfire_rested":1,"item_purchase_floors":[3,11,29,29,41],"current_hp_per_floor":[70,66,66,66,65,37,37,36,43,39,39,39,39,49,49,50,77,74,74,74,49,49,49,25,48,48,33,33,33,32,32,32,25,53,46,27,34,49,48,53,53,53,53,53,53,53,53,52,53,0],"gold":27,"neow_bonus":"THREE_CARDS","is_prod":false,"is_daily":false,"chose_seed":false,"campfire_upgraded":8,"win_rate":0,"timestamp":1531947111,"path_taken":["M","M","$","M","M","E","?","M","T","M","$","R","$","M","R","BOSS","M","?","?","M","?","R","E","R","T","M","?","?","M","?","R","BOSS","M","M","M","M","?","R","$","R","T","R","?","?","M","?","R","BOSS"],"build_version":"2018-07-12","purchased_purges":1,"victory":false,"max_hp_per_floor":[70,70,70,70,70,70,70,70,77,77,77,77,77,77,77,77,77,77,77,77,77,77,77,77,77,77,77,53,53,53,53,53,53,53,53,53,53,53,53,53,53,53,53,53,53,53,53,53,53,53],"card_choices":[{"not_picked":["Setup","Deflect"],"picked":"Poisoned Stab","floor":0},{"not_picked":["Dagger Spray","Dash"],"picked":"Cloak And Dagger","floor":1},{"not_picked":["Deflect","Expertise"],"picked":"Crippling Poison","floor":2},{"not_picked":["Backflip","PiercingWail"],"picked":"Bouncing Flask","floor":4},{"not_picked":["Quick Slash","Underhanded Strike"],"picked":"Envenom","floor":5},{"not_picked":["Concentrate","Malaise"],"picked":"Poisoned Stab","floor":6},{"not_picked":["Acrobatics","Outmaneuver"],"picked":"Escape Plan","floor":7},{"not_picked":["Sucker Punch","Blade Dance"],"picked":"Well Laid Plans","floor":8},{"not_picked":["Reflex","Flying Knee","Underhanded Strike"],"picked":"SKIP","floor":10},{"not_picked":["Underhanded Strike","Acrobatics","Deflect"],"picked":"SKIP","floor":14},{"not_picked":["Slice","Underhanded Strike"],"picked":"Bane+1","floor":18},{"not_picked":["Outmaneuver","Malaise"],"picked":"Noxious Fumes+1","floor":21},{"not_picked":["Calculated Gamble","Reflex"],"picked":"Backstab+1","floor":24},{"not_picked":["Flechettes+1","Flying Knee+1"],"picked":"Catalyst","floor":27},{"not_picked":["Sucker Punch+1","Backstab+1"],"picked":"PiercingWail+1","floor":30},{"not_picked":["Outmaneuver+1","Phantasmal Killer"],"picked":"Dodge and Roll+1","floor":31},{"not_picked":["Bullet Time","Envenom"],"picked":"Adrenaline","floor":33},{"not_picked":["Prepared","Quick Slash+1"],"picked":"Poisoned Stab+1","floor":35},{"not_picked":["Choke+1","Backstab+1"],"picked":"Footwork","floor":36},{"not_picked":["Sucker Punch+1","Reflex+1","Setup"],"picked":"SKIP","floor":37},{"not_picked":["Slice+1","Bane+1","Underhanded Strike+1"],"picked":"SKIP","floor":38},{"not_picked":["Flying Knee+1","Cloak And Dagger+1","Backflip"],"picked":"SKIP","floor":39},{"not_picked":["Madness","Flash of Steel+1"],"picked":"Mind Blast+1","floor":45},{"not_picked":["Bane+1","Cloak And Dagger+1"],"picked":"Burst","floor":47},{"not_picked":["Cloak And Dagger+1","Dagger Spray+1"],"picked":"Prepared","floor":48}],"player_experience":155563,"relics_obtained":[{"floor":6,"key":"Matryoshka"},{"floor":9,"key":"Strawberry"},{"floor":9,"key":"Meat on the Bone"},{"floor":19,"key":"Gremlin Horn"},{"floor":19,"key":"Molten Egg 2"},{"floor":24,"key":"Ice Cream"},{"floor":26,"key":"Ancient Tea Set"},{"floor":43,"key":"Anchor"}],"event_choices":[{"event_name":"The Mausoleum","player_choice":"Yes","floor":20,"damage_taken":0},{"event_name":"Ghosts","player_choice":"Ignored","floor":22,"damage_taken":0},{"event_name":"Vampires","player_choice":"Became a vampire","floor":28,"damage_taken":0},{"event_name":"SensoryStone","player_choice":"Memory 1","floor":45,"damage_taken":0},{"event_name":"Tomb of Lord Red Mask","player_choice":"Paid","floor":46,"damage_taken":0}],"boss_relics":[{"not_picked":["Empty Cage","Black Star"],"picked":"Sozu"},{"not_picked":["Busted Crown","Tiny House"],"picked":"Eternal Feather"}],"items_purged_floors":[11],"is_endless":false,"potions_floor_spawned":[6,7,8,14,16,24,27,30,33,37,38,39,48],"killed_by":"Donu and Deca","ascension_level":4}