{"gold_per_floor":[213,226,4,19,19,46,46,71,94,104,104,129,129,159,159,256,256,271,370,73,88,28,28,44,101,101,133,133,233,248,44,44,146,146,156,174,174,174,186,186,220,232,270,308,320,346,376,406,418,430,442,454,22,52,52],"floor_reached":55,"playtime":3686,"items_purged":["Strike_R","Strike_R","Strike_R","Defend_R"],"score":1294,"play_id":"451f75ec-94bb-407e-a6d8-6061a40c8df0","local_time":"20190417101616","is_ascension_mode":true,"campfire_choices":[{"data":"Whirlwind","floor":7.0,"key":"SMITH"},{"data":"Inflame","floor":11.0,"key":"SMITH"},{"data":"Disarm","floor":13.0,"key":"SMITH"},{"data":"Shockwave","floor":15.0,"key":"SMITH"},{"data":"Apotheosis","floor":23.0,"key":"SMITH"},{"data":"Evolve","floor":28.0,"key":"SMITH"},{"data":"Heavy Blade","floor":32.0,"key":"SMITH"},{"data":"True Grit","floor":40.0,"key":"SMITH"},{"floor":42.0,"key":"RECALL"},{"data":"Discovery","floor":45.0,"key":"SMITH"},{"floor":49.0,"key":"REST"},{"data":"Impervious","floor":52.0,"key":"SMITH"}],"neow_cost":"NONE","seed_source_timestamp":0,"circlet_count":0,"master_deck":["AscendersBane","Defend_R","Defend_R","Defend_R","Bash+1","Disarm+1","Whirlwind+1","Discovery+1","Bash","Inflame+1","Clothesline+1","Shockwave+1","Reaper","Evolve+1","Apotheosis+1","Heavy Blade+1","Metallicize","Reckless Charge","Impervious+1","Flex+1","True Grit+1","Flame Barrier+1","Shrug It Off","Double Tap"],"special_seed":0,"relics":["Burning Blood","Orichalcum","Omamori","Smiling Mask","Happy Flower","Strawberry","Dodecahedron","Mark of Pain","Tiny Chest","Gremlin Horn","Kunai","Nunchaku","Bottled Tornado","PreservedInsect","Velvet Choker","MawBank","Boot","Prayer Wheel","Pantograph","Bronze Scales","Whetstone"],"potions_floor_usage":[],"damage_taken":[{"damage":1.0,"enemies":"Cultist","floor":1.0,"turns":3.0},{"damage":6.0,"enemies":"Jaw Worm","floor":2.0,"turns":5.0},{"damage":2.0,"enemies":"Small Slimes","floor":4.0,"turns":3.0},{"damage":27.0,"enemies":"3 Sentries","floor":6.0,"turns":8.0},{"damage":20.0,"enemies":"Gremlin Nob","floor":8.0,"turns":4.0},{"damage":7.0,"enemies":"Red Slaver","floor":10.0,"turns":3.0},{"damage":8.0,"enemies":"3 Sentries","floor":12.0,"turns":4.0},{"damage":6.0,"enemies":"Gremlin Nob","floor":14.0,"turns":5.0},{"damage":18.0,"enemies":"The Guardian","floor":16.0,"turns":9.0},{"damage":6.0,"enemies":"3 Byrds","floor":18.0,"turns":4.0},{"damage":3.0,"enemies":"Chosen","floor":21.0,"turns":4.0},{"damage":0.0,"enemies":"3 Cultists","floor":24.0,"turns":4.0},{"damage":28.0,"enemies":"Book of Stabbing","floor":25.0,"turns":6.0},{"damage":27.0,"enemies":"Slavers","floor":27.0,"turns":5.0},{"damage":22.0,"enemies":"Colosseum Slavers","floor":29.0,"turns":3.0},{"damage":27.0,"enemies":"Colosseum Nobs","floor":29.0,"turns":6.0},{"damage":16.0,"enemies":"Shelled Parasite and Fungi","floor":30.0,"turns":5.0},{"damage":50.0,"enemies":"Champ","floor":33.0,"turns":10.0},{"damage":47.0,"enemies":"3 Darklings","floor":35.0,"turns":4.0},{"damage":8.0,"enemies":"Orb Walker","floor":36.0,"turns":3.0},{"damage":32.0,"enemies":"Sphere and 2 Shapes","floor":39.0,"turns":5.0},{"damage":0.0,"enemies":"Nemesis","floor":41.0,"turns":5.0},{"damage":31.0,"enemies":"Reptomancer","floor":44.0,"turns":6.0},{"damage":19.0,"enemies":"Transient","floor":46.0,"turns":5.0},{"damage":21.0,"enemies":"Maw","floor":47.0,"turns":7.0},{"damage":37.0,"enemies":"3 Darklings","floor":48.0,"turns":5.0},{"damage":41.0,"enemies":"Awakened One","floor":50.0,"turns":18.0},{"damage":75.0,"enemies":"Shield and Spear","floor":54.0,"turns":6.0},{"damage":71,"enemies":"The Heart","floor":55,"turns":8}],"seed_played":"-8588435753703956856","potions_obtained":[{"floor":4.0,"key":"FearPotion"},{"floor":8.0,"key":"PowerPotion"},{"floor":14.0,"key":"LiquidBronze"},{"floor":18.0,"key":"Strength Potion"},{"floor":25.0,"key":"SteroidPotion"},{"floor":30.0,"key":"Energy Potion"},{"floor":35.0,"key":"GamblersBrew"},{"floor":39.0,"key":"AttackPotion"},{"floor":41.0,"key":"FearPotion"},{"floor":44.0,"key":"PowerPotion"},{"floor":46.0,"key":"SteroidPotion"}],"is_trial":false,"path_per_floor":["M","M","$","M","?","E","R","E","T","M","R","E","R","E","R","B",null,"M","?","$","M","?","R","M","E","T","E","R","?","M","$","R","B",null,"M","M","?","T","M","R","E","R","T","E","R","M","M","M","R","B",null,"R","$","E","B"],"character_chosen":"IRONCLAD","items_purchased":["Orichalcum","Evolve","Apotheosis","PreservedInsect","Pantograph","Bronze Scales"],"campfire_rested":1,"item_purchase_floors":[3,20,20,31,53,53],"current_hp_per_floor":[77,77,77,80,80,59,59,45,45,44,44,49,49,49,49,37,75,75,75,75,87,87,87,87,77,77,80,80,75,77,77,77,33,74,75,73,73,73,47,47,71,71,71,63,63,62,60,55,81,82,86,86,86,27,0],"gold":52,"neow_bonus":"HUNDRED_GOLD","is_prod":false,"is_daily":false,"chose_seed":false,"campfire_upgraded":10,"win_rate":0,"timestamp":1555485376,"path_taken":["M","M","?","?","?","E","R","E","T","?","R","E","R","E","R","BOSS","M","?","?","M","?","R","?","E","T","E","R","?","M","$","R","BOSS","M","M","?","?","M","R","E","R","T","E","R","M","M","M","R","BOSS","R","$","E","BOSS"],"build_version":"2019-01-23","purchased_purges":4,"victory":false,"max_hp_per_floor":[80,80,80,80,80,80,80,80,80,80,80,87,87,87,87,87,87,87,87,87,87,87,87,87,87,87,87,87,87,87,87,87,87,87,87,87,87,87,87,87,87,87,87,87,87,87,87,87,87,87,87,87,87,87,87],"card_choices":[{"not_picked":["Havoc","Power Through"],"picked":"Disarm","floor":1.0},{"not_picked":["Second Wind","Bloodletting"],"picked":"Whirlwind","floor":2.0},{"not_picked":["Seeing Red","Dropkick","Feel No Pain"],"picked":"SKIP","floor":4.0},{"not_picked":["Dual Wield","Warcry","Evolve"],"picked":"SKIP","floor":6.0},{"not_picked":["Body Slam","Shockwave"],"picked":"Inflame","floor":8.0},{"not_picked":["Anger","Fire Breathing"],"picked":"Clothesline","floor":10.0},{"not_picked":["Uppercut","Fiend Fire"],"picked":"Shockwave","floor":12.0},{"not_picked":["Exhume","Evolve","Sever Soul"],"picked":"SKIP","floor":14.0},{"not_picked":["Juggernaut","Bludgeon"],"picked":"Reaper","floor":16.0},{"not_picked":["Disarm","Warcry","Sword Boomerang"],"picked":"SKIP","floor":18.0},{"not_picked":["Pommel Strike","Warcry"],"picked":"Heavy Blade","floor":21.0},{"not_picked":["Sword Boomerang","Reckless Charge","Havoc"],"picked":"SKIP","floor":24.0},{"not_picked":["Metallicize","Sword Boomerang","Corruption"],"picked":"SKIP","floor":25.0},{"not_picked":["Anger","Iron Wave","Searing Blow"],"picked":"SKIP","floor":27.0},{"not_picked":["Havoc","Seeing Red+1","Clash"],"picked":"SKIP","floor":30.0},{"not_picked":["Immolate","Berserk"],"picked":"Impervious","floor":33.0},{"not_picked":["Seeing Red","Shockwave+1"],"picked":"Flex+1","floor":35.0},{"not_picked":["Iron Wave","Pommel Strike"],"picked":"True Grit","floor":36.0},{"not_picked":["Anger+1","Armaments","Iron Wave"],"picked":"SKIP","floor":39.0},{"not_picked":["Infernal Blade","Rage+1"],"picked":"Flame Barrier+1","floor":41.0},{"not_picked":["Immolate","Armaments+1","Blood for Blood+1"],"picked":"SKIP","floor":44.0},{"not_picked":["True Grit","Havoc+1","Clash+1"],"picked":"SKIP","floor":46.0},{"not_picked":["Body Slam","Iron Wave","Headbutt"],"picked":"SKIP","floor":46.0},{"not_picked":["Iron Wave","Pommel Strike"],"picked":"Shrug It Off","floor":47.0},{"not_picked":["Clothesline","Armaments","Cleave"],"picked":"SKIP","floor":47.0},{"not_picked":["Iron Wave","Clothesline","Feel No Pain"],"picked":"SKIP","floor":48.0},{"not_picked":["Flex","Headbutt","Heavy Blade"],"picked":"SKIP","floor":48.0},{"not_picked":["Intimidate","Carnage"],"picked":"Double Tap","floor":54.0}],"player_experience":286662,"relics_obtained":[{"floor":6.0,"key":"Omamori"},{"floor":8.0,"key":"Smiling Mask"},{"floor":9.0,"key":"Happy Flower"},{"floor":12.0,"key":"Strawberry"},{"floor":14.0,"key":"Dodecahedron"},{"floor":25.0,"key":"Tiny Chest"},{"floor":26.0,"key":"Gremlin Horn"},{"floor":27.0,"key":"Kunai"},{"floor":29.0,"key":"Nunchaku"},{"floor":29.0,"key":"Bottled Tornado"},{"floor":41.0,"key":"MawBank"},{"floor":43.0,"key":"Boot"},{"floor":44.0,"key":"Prayer Wheel"},{"floor":54.0,"key":"Whetstone"}],"event_choices":[{"damage_healed":0.0,"max_hp_gain":0.0,"max_hp_loss":0.0,"gold_gain":0.0,"event_name":"Match and Keep!","player_choice":"2 cards matched","floor":5.0,"gold_loss":0.0,"damage_taken":0.0,"cards_obtained":["Discovery","Bash"]},{"damage_healed":0.0,"max_hp_gain":0.0,"max_hp_loss":0.0,"gold_gain":99.0,"event_name":"Nest","player_choice":"Stole From Cult","floor":19.0,"gold_loss":0.0,"damage_taken":0.0},{"damage_healed":0.0,"max_hp_gain":0.0,"max_hp_loss":0.0,"gold_gain":0.0,"cards_transformed":["Strike_R","Strike_R"],"event_name":"Designer","player_choice":"Transformed Cards","floor":22.0,"gold_loss":60.0,"damage_taken":0.0,"cards_obtained":["Metallicize","Reckless Charge"]},{"damage_healed":0.0,"max_hp_gain":0.0,"max_hp_loss":0.0,"gold_gain":0.0,"event_name":"Colosseum","player_choice":"Fight","floor":29.0,"gold_loss":0.0,"damage_taken":0.0},{"damage_healed":0.0,"max_hp_gain":0.0,"max_hp_loss":0.0,"gold_gain":0.0,"event_name":"Colosseum","player_choice":"Fought Nobs","floor":29.0,"gold_loss":0.0,"damage_taken":0.0},{"damage_healed":0.0,"max_hp_gain":0.0,"max_hp_loss":0.0,"gold_gain":0.0,"event_name":"Tomb of Lord Red Mask","player_choice":"Ignored","floor":37.0,"gold_loss":0.0,"damage_taken":0.0}],"is_beta":false,"boss_relics":[{"not_picked":["Fusion Hammer","Busted Crown"],"picked":"Mark of Pain"},{"not_picked":["Tiny House","Philosopher\u0027s Stone"],"picked":"Velvet Choker"}],"items_purged_floors":[3,20,31,53],"is_endless":false,"potions_floor_spawned":[4,8,14,18,25,30,35,39,41,44,46],"killed_by":"The Heart","ascension_level":12}