{"gold_per_floor":[118,118,118,138,151,151,226,151,201,201,211,18,38,58,58,153,153,173,173,184,184,5,5,30,44,71,71,71,71,81,81,81,183,183,198,215,10,10,10,10,40,40,40,58,392,392,392,411,411,411],"floor_reached":51,"playtime":3302,"items_purged":["Pain","Regret","Pain"],"score":1201,"play_id":"ca9a0784-a4e3-4280-9c3a-12cc0d248320","local_time":"20190124042915","is_ascension_mode":true,"campfire_choices":[{"data":"Neutralize","floor":6.0,"key":"SMITH"},{"floor":10.0,"key":"REST"},{"floor":15.0,"key":"REST"},{"floor":23.0,"key":"REST"},{"floor":29.0,"key":"REST"},{"floor":32.0,"key":"REST"},{"floor":40.0,"key":"REST"},{"data":"Wraith Form v2","floor":49,"key":"SMITH"}],"neow_cost":"CURSE","seed_source_timestamp":250367720078589,"circlet_count":0,"master_deck":["AscendersBane","Survivor","Neutralize+1","Dodge and Roll+1","Blade Dance+1","Slice","Deflect+1","Noxious Fumes+1","Bouncing Flask+1","Caltrops","Storm of Steel+1","Choke","PiercingWail+1","Terror+1","Dagger Spray","Calculated Gamble+1","Corpse Explosion+1","Blur+1","Deadly Poison+1","Blur+1","Cloak And Dagger+1","Prepared+1","Caltrops","Adrenaline+1","Prepared+1","Setup+1","Wraith Form v2+1","Regret","Writhe","Backflip+1","Concentrate+1","Finesse+1","Backflip+1","Catalyst+1","Flechettes+1"],"special_seed":0,"relics":["Ring of the Snake","Pocketwatch","Toxic Egg 2","War Paint","Pandora\u0027s Box","PreservedInsect","Vajra","Strawberry","Calling Bell","Juzu Bracelet","Pear","Ice Cream","Blood Vial","Darkstone Periapt","Old Coin"],"potions_floor_usage":[45,45,50,50],"damage_taken":[{"damage":1.0,"enemies":"Small Slimes","floor":1.0,"turns":6.0},{"damage":7.0,"enemies":"2 Louse","floor":4.0,"turns":5.0},{"damage":17.0,"enemies":"Jaw Worm","floor":5.0,"turns":3.0},{"damage":2.0,"enemies":"2 Fungi Beasts","floor":11.0,"turns":4.0},{"damage":4.0,"enemies":"Looter","floor":13.0,"turns":4.0},{"damage":11.0,"enemies":"Gremlin Gang","floor":14.0,"turns":4.0},{"damage":35.0,"enemies":"Slime Boss","floor":16.0,"turns":14.0},{"damage":10.0,"enemies":"Shell Parasite","floor":18.0,"turns":5.0},{"damage":0.0,"enemies":"2 Thieves","floor":20.0,"turns":2.0},{"damage":20.0,"enemies":"Gremlin Leader","floor":24.0,"turns":6.0},{"damage":18.0,"enemies":"Sentry and Sphere","floor":25.0,"turns":5.0},{"damage":7.0,"enemies":"Snake Plant","floor":30.0,"turns":4.0},{"damage":58.0,"enemies":"Automaton","floor":33.0,"turns":9.0},{"damage":18.0,"enemies":"3 Darklings","floor":35.0,"turns":5.0},{"damage":8.0,"enemies":"Orb Walker","floor":36.0,"turns":3.0},{"damage":7.0,"enemies":"Nemesis","floor":41.0,"turns":9.0},{"damage":7.0,"enemies":"Jaw Worm Horde","floor":44.0,"turns":4.0},{"damage":63,"enemies":"Reptomancer","floor":45,"turns":8},{"damage":13,"enemies":"3 Darklings","floor":48,"turns":3},{"damage":50,"enemies":"Donu and Deca","floor":50,"turns":7}],"seed_played":"-7252810090315281050","potions_obtained":[{"floor":4.0,"key":"SteroidPotion"},{"floor":5.0,"key":"LiquidBronze"},{"floor":18.0,"key":"SteroidPotion"},{"floor":20.0,"key":"LiquidBronze"},{"floor":38.0,"key":"EssenceOfSteel"},{"floor":45,"key":"Strength Potion"},{"floor":48,"key":"Regen Potion"}],"is_trial":false,"path_per_floor":["M","?","?","M","M","R","?","$","T","R","M","$","M","M","R","B",null,"M","?","M","?","$","R","E","M","T","?","?","R","M","?","R","B",null,"M","M","$","?","?","R","E","?","T","M","E","?","?","M","R","B",null],"character_chosen":"THE_SILENT","items_purchased":["Deflect+1","Noxious Fumes","PreservedInsect","Blur+1","Concentrate+1"],"campfire_rested":6,"item_purchase_floors":[12,12,22,22,37],"current_hp_per_floor":[62,62,62,55,38,38,27,27,27,48,46,46,42,31,52,17,57,47,34,34,34,34,56,36,18,25,25,25,49,42,42,66,8,74,56,48,48,48,48,75,68,68,68,63,2,80,80,67,67,34],"gold":411,"neow_bonus":"ONE_RARE_RELIC","is_prod":false,"is_daily":false,"chose_seed":false,"campfire_upgraded":2,"win_rate":0,"timestamp":1548300555,"path_taken":["M","?","?","M","M","R","?","$","T","R","M","$","?","M","R","BOSS","M","?","M","?","$","R","E","?","T","?","?","R","?","?","R","BOSS","M","M","$","?","?","R","E","?","T","M","E","?","?","M","R","BOSS"],"build_version":"2019-01-23","purchased_purges":3,"victory":true,"max_hp_per_floor":[70,70,70,70,70,70,70,70,70,70,70,70,70,70,70,70,70,70,75,75,75,75,75,75,75,82,82,82,82,82,82,82,82,92,92,92,92,92,92,92,92,92,92,92,92,80,80,80,80,80],"card_choices":[{"not_picked":["Tactician","Quick Slash","Underhanded Strike"],"picked":"SKIP","floor":1.0},{"not_picked":["Slice","Endless Agony"],"picked":"Dodge and Roll+1","floor":4.0},{"not_picked":["Flechettes","Quick Slash"],"picked":"Blade Dance+1","floor":5.0},{"not_picked":["Prepared+1","Quick Slash"],"picked":"Slice","floor":11.0},{"not_picked":["Dagger Spray","Wraith Form v2"],"picked":"Bouncing Flask+1","floor":13.0},{"not_picked":["Prepared+1","Poisoned Stab"],"picked":"Caltrops","floor":14.0},{"not_picked":["Unload","Glass Knife"],"picked":"Storm of Steel+1","floor":16.0},{"not_picked":["Underhanded Strike","Sucker Punch"],"picked":"Deadly Poison+1","floor":18.0},{"not_picked":["Deadly Poison+1","Underhanded Strike","Flying Knee"],"picked":"SKIP","floor":20.0},{"not_picked":["Dodge and Roll+1","Setup+1"],"picked":"Cloak And Dagger+1","floor":24.0},{"not_picked":["Quick Slash","Deflect+1"],"picked":"Prepared+1","floor":25.0},{"not_picked":["Choke","Deadly Poison+1"],"picked":"Adrenaline+1","floor":30.0},{"not_picked":["Envenom","Glass Knife"],"picked":"Wraith Form v2","floor":33.0},{"not_picked":["Prepared+1","Blade Dance+1","Dagger Throw"],"picked":"SKIP","floor":35.0},{"not_picked":["Sucker Punch","Bane+1"],"picked":"Backflip+1","floor":36.0},{"not_picked":["Thinking Ahead+1","Trip+1"],"picked":"Finesse+1","floor":39.0},{"not_picked":["Skewer","Noxious Fumes","Predator"],"picked":"SKIP","floor":41.0},{"not_picked":["Skewer","Acrobatics+1"],"picked":"Backflip+1","floor":44.0},{"not_picked":["Well Laid Plans","Tactician+1"],"picked":"Catalyst+1","floor":45},{"not_picked":["Blade Dance+1","Choke+1"],"picked":"Flechettes+1","floor":48}],"player_experience":531866,"relics_obtained":[{"floor":9.0,"key":"War Paint"},{"floor":24.0,"key":"Vajra"},{"floor":26.0,"key":"Strawberry"},{"floor":34.0,"key":"Juzu Bracelet"},{"floor":34.0,"key":"Pear"},{"floor":34.0,"key":"Ice Cream"},{"floor":41.0,"key":"Blood Vial"},{"floor":43.0,"key":"Darkstone Periapt"},{"floor":45,"key":"Old Coin"}],"event_choices":[{"damage_healed":0.0,"max_hp_gain":0.0,"max_hp_loss":0.0,"gold_gain":0.0,"event_name":"Big Fish","player_choice":"Box","floor":2.0,"gold_loss":0.0,"damage_taken":0.0,"relics_obtained":["Toxic Egg 2"],"cards_obtained":["Regret"]},{"damage_healed":0.0,"max_hp_gain":0.0,"max_hp_loss":0.0,"gold_gain":0.0,"event_name":"Liars Game","player_choice":"Ignored","floor":3.0,"gold_loss":0.0,"damage_taken":0.0},{"damage_healed":0.0,"max_hp_gain":0.0,"max_hp_loss":0.0,"gold_gain":75.0,"event_name":"World of Goop","player_choice":"Gather Gold","floor":7.0,"gold_loss":0.0,"damage_taken":11.0},{"damage_healed":0.0,"max_hp_gain":5.0,"max_hp_loss":0.0,"gold_gain":0.0,"event_name":"Forgotten Altar","player_choice":"Shed Blood","floor":19.0,"gold_loss":0.0,"damage_taken":18.0},{"damage_healed":0.0,"max_hp_gain":0.0,"max_hp_loss":0.0,"gold_gain":0.0,"event_name":"Upgrade Shrine","player_choice":"Upgraded","floor":21.0,"gold_loss":0.0,"damage_taken":0.0,"cards_upgraded":["Noxious Fumes"]},{"damage_healed":0.0,"max_hp_gain":0.0,"max_hp_loss":0.0,"gold_gain":0.0,"event_name":"Beggar","player_choice":"Ignored","floor":27.0,"gold_loss":0.0,"damage_taken":0.0},{"damage_healed":0.0,"max_hp_gain":0.0,"max_hp_loss":0.0,"gold_gain":0.0,"cards_transformed":["Sucker Punch"],"event_name":"Transmorgrifier","player_choice":"Transformed","floor":28.0,"gold_loss":0.0,"damage_taken":0.0,"cards_obtained":["Caltrops"]},{"damage_healed":0.0,"max_hp_gain":0.0,"max_hp_loss":0.0,"gold_gain":0.0,"cards_transformed":["Quick Slash","Poisoned Stab"],"event_name":"Drug Dealer","player_choice":"Became Test Subject","floor":31.0,"gold_loss":0.0,"damage_taken":0.0,"cards_obtained":["Prepared","Setup"]},{"damage_healed":0.0,"max_hp_gain":0.0,"max_hp_loss":0.0,"gold_gain":0.0,"event_name":"Lab","player_choice":"Got Potions","floor":38.0,"gold_loss":0.0,"damage_taken":0.0},{"damage_healed":0.0,"max_hp_gain":0.0,"max_hp_loss":0.0,"gold_gain":0.0,"event_name":"SensoryStone","player_choice":"Memory 1","floor":39.0,"gold_loss":0.0,"damage_taken":0.0},{"damage_healed":0.0,"max_hp_gain":0.0,"max_hp_loss":0.0,"gold_gain":0.0,"event_name":"Transmorgrifier","player_choice":"Ignored","floor":42.0,"gold_loss":0.0,"damage_taken":0.0},{"damage_healed":80,"gold_gain":0,"player_choice":"Heal","damage_taken":0,"max_hp_gain":0,"max_hp_loss":12,"event_name":"The Moai Head","floor":46,"gold_loss":0},{"damage_healed":0,"gold_gain":0,"player_choice":"Ignored","damage_taken":0,"max_hp_gain":0,"max_hp_loss":0,"event_name":"Mysterious Sphere","floor":47,"gold_loss":0}],"is_beta":false,"boss_relics":[{"not_picked":["Cursed Key","Busted Crown"],"picked":"Pandora\u0027s Box"},{"not_picked":["Runic Pyramid","Snecko Eye"],"picked":"Calling Bell"}],"items_purged_floors":[8,12,37],"is_endless":false,"potions_floor_spawned":[4,5,18,20,30,44,45,48],"ascension_level":12}