{"gold_per_floor":[109,127,302,402,402,402,477,495,495,495,114,114,114,128,128,226,276,287,287,306,326,343,378,378,378,401,401,401,432,432,2,2,106,106,123,123,223,239,258,258,289,289,362,362,379,379],"floor_reached":46,"playtime":4041,"items_purged":["Doubt"],"score":599,"play_id":"fc9db8b4-73c9-4f93-9d82-960750b01767","local_time":"20181029210149","is_ascension_mode":true,"campfire_choices":[{"data":"1","floor":6,"key":"LIFT"},{"data":"2","floor":10,"key":"LIFT"},{"data":"3","floor":12,"key":"LIFT"},{"data":"Inflame","floor":15,"key":"SMITH"},{"data":"Feed","floor":24,"key":"SMITH"},{"floor":27,"key":"REST"},{"data":"J.A.X.","floor":30,"key":"SMITH"},{"data":"Transmutation","floor":32,"key":"SMITH"},{"floor":40,"key":"REST"},{"data":"Demon Form","floor":42,"key":"SMITH"}],"neow_cost":"NONE","seed_source_timestamp":1319661082434115,"circlet_count":0,"master_deck":["Strike_R","Strike_R","Strike_R","Strike_R","Defend_R+1","Defend_R","Defend_R","Bash","Iron Wave","Shrug It Off","Inflame+1","Feed+1","Twin Strike","Headbutt+1","Iron Wave","Cleave","J.A.X.+1","Armaments","Transmutation+1","Demon Form+1","Sword Boomerang+1","Sword Boomerang+1","Enlightenment"],"relics":["Burning Blood","Strawberry","Girya","Unceasing Top","Happy Flower","Blood Vial","Tiny House","Incense Burner","Orichalcum","Enchiridion","Turnip","Gremlin Horn","Empty Cage","Magic Flower","Matryoshka","Question Card","Bottled Tornado"],"potions_floor_usage":[18,21,22,23,33,38,38,41],"damage_taken":[{"damage":2,"enemies":"Jaw Worm","floor":1,"turns":3},{"damage":11,"enemies":"Cultist","floor":2,"turns":4},{"damage":8,"enemies":"2 Louse","floor":8,"turns":3},{"damage":6,"enemies":"Blue Slaver","floor":14,"turns":4},{"damage":45,"enemies":"Hexaghost","floor":16,"turns":9},{"damage":39,"enemies":"Spheric Guardian","floor":18,"turns":7},{"damage":12,"enemies":"Chosen","floor":20,"turns":5},{"damage":34,"enemies":"3 Cultists","floor":21,"turns":5},{"damage":12,"enemies":"Centurion and Healer","floor":22,"turns":4},{"damage":0,"enemies":"Gremlin Leader","floor":23,"turns":9},{"damage":31,"enemies":"Book of Stabbing","floor":29,"turns":6},{"damage":26,"enemies":"Automaton","floor":33,"turns":6},{"damage":48,"enemies":"3 Darklings","floor":35,"turns":5},{"damage":12,"enemies":"Mind Bloom Boss Battle","floor":37,"turns":9},{"damage":33,"enemies":"3 Shapes","floor":38,"turns":3},{"damage":24,"enemies":"3 Darklings","floor":39,"turns":4},{"damage":40,"enemies":"Giant Head","floor":41,"turns":6},{"damage":35,"enemies":"Spire Growth","floor":45,"turns":5},{"damage":34,"enemies":"Transient","floor":46,"turns":2}],"seed_played":"-271105023240506009","potions_obtained":[{"floor":1,"key":"Fire Potion"},{"floor":16,"key":"SneckoOil"},{"floor":17,"key":"Ancient Potion"},{"floor":21,"key":"Poison Potion"},{"floor":22,"key":"SkillPotion"},{"floor":33,"key":"Fire Potion"},{"floor":37,"key":"Regen Potion"},{"floor":38,"key":"Ancient Potion"},{"floor":45,"key":"Ancient Potion"}],"is_trial":false,"path_per_floor":["M","M","?","?","T","R","?","M","T","R","$","R","?","M","R","B",null,"M","$","M","M","M","E","R","?","T","R","?","E","R","$","R","B",null,"M","?","?","M","M","R","E","R","T","?","M"],"character_chosen":"IRONCLAD","items_purchased":["Happy Flower","Blood Vial","Transmutation","Gremlin Horn"],"campfire_rested":2,"item_purchase_floors":[11,11,31,31],"current_hp_per_floor":[87,82,82,82,82,82,71,69,69,69,69,69,74,76,76,39,97,67,67,66,43,42,50,50,50,50,82,66,43,43,43,43,25,109,67,67,63,56,44,76,48,48,48,48,25,0],"gold":379,"neow_bonus":"RANDOM_COMMON_RELIC","is_prod":false,"is_daily":false,"chose_seed":false,"campfire_upgraded":5,"win_rate":0,"timestamp":1540861309,"path_taken":["M","M","?","?","?","R","?","M","T","R","$","R","?","M","R","BOSS","M","$","M","M","M","E","R","?","T","R","?","E","R","$","R","BOSS","M","?","?","M","M","R","E","R","T","?","M","M"],"build_version":"2018-10-25v2","purchased_purges":1,"victory":false,"max_hp_per_floor":[87,87,87,87,87,87,87,87,87,87,87,87,92,92,92,92,97,100,100,103,106,109,109,109,109,109,109,109,109,109,109,109,109,109,109,109,109,109,109,109,109,109,109,109,109,109],"card_choices":[{"not_picked":["Warcry","Anger"],"picked":"Iron Wave","floor":1},{"not_picked":["Corruption","Thunderclap","Shockwave"],"picked":"SKIP","floor":2},{"not_picked":["True Grit","Wild Strike"],"picked":"Shrug It Off","floor":8},{"not_picked":["Uppercut","Bloodletting"],"picked":"Inflame","floor":14},{"not_picked":["Impervious","Bludgeon"],"picked":"Feed","floor":16},{"not_picked":["Corruption","Pummel"],"picked":"Twin Strike","floor":17},{"not_picked":["Disarm","Infernal Blade+1"],"picked":"Headbutt+1","floor":18},{"not_picked":["Seeing Red","Thunderclap"],"picked":"Clothesline","floor":20},{"not_picked":["Flex","Power Through"],"picked":"Iron Wave","floor":21},{"not_picked":["Thunderclap","Headbutt"],"picked":"Cleave","floor":22},{"not_picked":["Corruption","Dual Wield","Armaments"],"picked":"SKIP","floor":23},{"not_picked":["Cleave","Feed"],"picked":"Armaments","floor":29},{"not_picked":["Double Tap","Impervious"],"picked":"Demon Form","floor":33},{"not_picked":["Clash","Warcry"],"picked":"Sword Boomerang+1","floor":35},{"not_picked":["Ghostly Armor","Body Slam","Searing Blow"],"picked":"SKIP","floor":38},{"not_picked":["Perfected Strike","Clothesline"],"picked":"Sword Boomerang+1","floor":39},{"not_picked":["Flex","Hemokinesis+1","True Grit+1"],"picked":"SKIP","floor":41},{"not_picked":["Panacea","PanicButton","Dramatic Entrance"],"picked":"Enlightenment","floor":44},{"not_picked":["Flex","Wild Strike+1","True Grit","Thunderclap"],"picked":"SKIP","floor":45}],"player_experience":90855,"relics_obtained":[{"floor":5,"key":"Girya"},{"floor":9,"key":"Unceasing Top"},{"floor":23,"key":"Incense Burner"},{"floor":26,"key":"Orichalcum"},{"floor":28,"key":"Enchiridion"},{"floor":29,"key":"Turnip"},{"floor":37,"key":"Magic Flower"},{"floor":41,"key":"Matryoshka"},{"floor":43,"key":"Question Card"},{"floor":43,"key":"Bottled Tornado"}],"event_choices":[{"damage_healed":0,"gold_gain":175,"player_choice":"AGREE","damage_taken":0,"max_hp_gain":0,"max_hp_loss":0,"event_name":"Liars Game","floor":3,"gold_loss":0,"cards_obtained":["Doubt"]},{"damage_healed":0,"gold_gain":100,"player_choice":"Pray","damage_taken":0,"max_hp_gain":0,"max_hp_loss":0,"event_name":"Golden Shrine","floor":4,"gold_loss":0},{"damage_healed":0,"gold_gain":75,"player_choice":"Gather Gold","damage_taken":11,"max_hp_gain":0,"max_hp_loss":0,"event_name":"World of Goop","floor":7,"gold_loss":0},{"damage_healed":0,"gold_gain":0,"player_choice":"Donut","damage_taken":0,"max_hp_gain":5,"max_hp_loss":0,"event_name":"Big Fish","floor":13,"gold_loss":0},{"damage_healed":0,"gold_gain":0,"player_choice":"Obtain J.A.X.","damage_taken":0,"max_hp_gain":0,"max_hp_loss":0,"event_name":"Drug Dealer","floor":25,"gold_loss":0,"cards_obtained":["J.A.X."]},{"damage_healed":0,"gold_gain":0,"player_choice":"Obtained Book","damage_taken":16,"max_hp_gain":0,"max_hp_loss":0,"event_name":"Cursed Tome","floor":28,"gold_loss":0},{"cards_removed":["Defend_R"],"damage_healed":0,"gold_gain":0,"player_choice":"Removed Skill","damage_taken":0,"max_hp_gain":0,"max_hp_loss":0,"event_name":"Falling","floor":36,"gold_loss":0},{"damage_healed":0,"gold_gain":0,"player_choice":"Fight","damage_taken":0,"max_hp_gain":0,"max_hp_loss":0,"event_name":"MindBloom","floor":37,"gold_loss":0},{"damage_healed":0,"gold_gain":0,"player_choice":"Memory 1","damage_taken":0,"max_hp_gain":0,"max_hp_loss":0,"event_name":"SensoryStone","floor":44,"gold_loss":0}],"is_beta":false,"boss_relics":[{"not_picked":["Astrolabe","Fusion Hammer"],"picked":"Tiny House"},{"not_picked":["Coffee Dripper","Runic Cube"],"picked":"Empty Cage"}],"items_purged_floors":[11],"is_endless":false,"potions_floor_spawned":[1,16,21,22,33,37,38,45],"killed_by":"Transient","ascension_level":2}