{"gold_per_floor":[112,131,56,66,66,66,96,112,139,157,94,104,135,148,148,223,223,239,21,38,38,52,52,64,64,64,64,98,108,136,136,136,207,257,272,292,195,210,225,257,274,274,326,358,368,368,385,194,194,194],"floor_reached":51,"playtime":2926,"items_purged":["Strike_G"],"score":1448,"play_id":"72bb8041-c014-4af3-93d2-1e0e22b5d92d","local_time":"20181102122605","is_ascension_mode":true,"campfire_choices":[{"data":"Terror","floor":6.0,"key":"SMITH"},{"data":"Cloak And Dagger","floor":15.0,"key":"SMITH"},{"data":"Wraith Form v2","floor":23.0,"key":"SMITH"},{"data":"Dash","floor":25.0,"key":"SMITH"},{"data":"Well Laid Plans","floor":27.0,"key":"SMITH"},{"data":"PiercingWail","floor":32.0,"key":"SMITH"},{"data":"After Image","floor":42,"key":"SMITH"},{"data":"Dash","floor":49,"key":"SMITH"}],"neow_cost":"NONE","seed_source_timestamp":88837738061442,"circlet_count":0,"master_deck":["AscendersBane","Defend_G","Defend_G","Defend_G","Defend_G+1","Defend_G","Strike_G","Strike_G","Survivor","Neutralize+1","Dagger Spray+1","Slice","Terror+1","Cloak And Dagger+1","PiercingWail+1","Dagger Throw+1","Dagger Spray","Dash+1","Die Die Die","Wraith Form v2+1","Dodge and Roll","Backstab","Well Laid Plans+1","Backstab","Bullet Time","Dash+1","After Image+1","Footwork+1","Cloak And Dagger+1","Backflip","Dash+1","Backflip+1","Blur","Backflip"],"special_seed":0,"relics":["Ring of the Snake","Omamori","Bronze Scales","Orichalcum","Coffee Dripper","Pocketwatch","Strawberry","Boot","Tiny House","Incense Burner","Centennial Puzzle","Regal Pillow","Blood Vial"],"potions_floor_usage":[50,50],"damage_taken":[{"damage":4.0,"enemies":"Small Slimes","floor":1.0,"turns":5.0},{"damage":0.0,"enemies":"Jaw Worm","floor":2.0,"turns":6.0},{"damage":0.0,"enemies":"Cultist","floor":4.0,"turns":4.0},{"damage":13.0,"enemies":"Gremlin Nob","floor":7.0,"turns":4.0},{"damage":0.0,"enemies":"Gremlin Gang","floor":8.0,"turns":2.0},{"damage":0.0,"enemies":"2 Fungi Beasts","floor":10.0,"turns":4.0},{"damage":0.0,"enemies":"Exordium Thugs","floor":12.0,"turns":3.0},{"damage":12.0,"enemies":"Lagavulin","floor":13.0,"turns":6.0},{"damage":0.0,"enemies":"Looter","floor":14.0,"turns":4.0},{"damage":6.0,"enemies":"Hexaghost","floor":16.0,"turns":7.0},{"damage":1.0,"enemies":"Shell Parasite","floor":18.0,"turns":4.0},{"damage":12.0,"enemies":"2 Thieves","floor":20.0,"turns":3.0},{"damage":1.0,"enemies":"Centurion and Healer","floor":22.0,"turns":10.0},{"damage":0.0,"enemies":"Chosen and Byrds","floor":24.0,"turns":5.0},{"damage":3.0,"enemies":"Gremlin Leader","floor":28.0,"turns":6.0},{"damage":2.0,"enemies":"Shelled Parasite and Fungi","floor":29.0,"turns":5.0},{"damage":13.0,"enemies":"Book of Stabbing","floor":30.0,"turns":5.0},{"damage":0.0,"enemies":"Automaton","floor":33.0,"turns":10.0},{"damage":5.0,"enemies":"3 Shapes","floor":35.0,"turns":4.0},{"damage":0.0,"enemies":"Orb Walker","floor":36.0,"turns":3.0},{"damage":0.0,"enemies":"Transient","floor":38.0,"turns":5.0},{"damage":8,"enemies":"Sphere and 2 Shapes","floor":39,"turns":5},{"damage":0,"enemies":"Reptomancer","floor":40,"turns":7},{"damage":3,"enemies":"4 Shapes","floor":41,"turns":7},{"damage":0,"enemies":"Nemesis","floor":44,"turns":7},{"damage":0,"enemies":"Spire Growth","floor":45,"turns":6},{"damage":0,"enemies":"Transient","floor":47,"turns":5},{"damage":8,"enemies":"Donu and Deca","floor":50,"turns":18}],"seed_played":"1872449834565578592","potions_obtained":[{"floor":1.0,"key":"Poison Potion"},{"floor":7.0,"key":"Explosive Potion"},{"floor":12.0,"key":"Fruit Juice"},{"floor":13.0,"key":"LiquidBronze"},{"floor":14.0,"key":"LiquidBronze"},{"floor":18.0,"key":"Strength Potion"},{"floor":28.0,"key":"PowerPotion"},{"floor":33.0,"key":"Fire Potion"},{"floor":34.0,"key":"Ancient Potion"},{"floor":36.0,"key":"Swift Potion"},{"floor":44,"key":"PowerPotion"}],"is_trial":false,"path_per_floor":["M","M","?","M","?","R","E","M","T","M","?","M","E","M","R","B",null,"M","$","M","?","M","R","M","R","T","R","E","M","E","$","R","B",null,"M","M","$","M","M","E","M","R","T","E","M","?","M","$","R","B",null],"character_chosen":"THE_SILENT","items_purchased":["Backstab","Well Laid Plans","Backflip","Dexterity Potion","Backflip","Blood Vial"],"campfire_rested":0,"item_purchase_floors":[19,19,37,37,48,48],"current_hp_per_floor":[55,55,55,55,35,35,22,22,22,22,22,27,15,15,15,9,56,55,55,43,43,42,42,42,42,42,42,46,44,31,31,31,31,71,66,66,66,66,58,58,55,55,55,55,55,55,55,55,55,49],"gold":194,"neow_bonus":"UPGRADE_CARD","is_prod":false,"is_daily":false,"chose_seed":false,"campfire_upgraded":8,"win_rate":0,"timestamp":1541186765,"path_taken":["M","M","?","M","?","R","E","M","T","M","?","M","E","M","R","BOSS","M","$","M","?","M","R","M","R","T","R","E","?","E","$","R","BOSS","M","?","$","M","M","E","M","R","T","E","M","?","M","$","R","BOSS"],"build_version":"2018-11-01","purchased_purges":1,"victory":true,"max_hp_per_floor":[66,66,66,66,66,66,66,66,66,66,66,71,71,71,71,71,71,71,71,71,71,71,71,71,71,71,71,78,78,78,78,78,78,83,83,83,83,83,83,83,83,83,83,83,83,83,83,83,83,83],"card_choices":[{"not_picked":["Reflex","Bane"],"picked":"Dagger Spray","floor":1.0},{"not_picked":["Underhanded Strike","Deadly Poison"],"picked":"Slice","floor":2.0},{"not_picked":["Skewer","Outmaneuver"],"picked":"Terror","floor":4.0},{"not_picked":["Prepared","Tools of the Trade"],"picked":"Cloak And Dagger","floor":7.0},{"not_picked":["Bane","Poisoned Stab"],"picked":"PiercingWail","floor":8.0},{"not_picked":["Deflect","Prepared"],"picked":"Dagger Throw","floor":10.0},{"not_picked":["Acrobatics","Bane"],"picked":"Dagger Spray","floor":12.0},{"not_picked":["Slice","Noxious Fumes"],"picked":"Dash","floor":13.0},{"not_picked":["Expertise","Catalyst"],"picked":"Die Die Die","floor":14.0},{"not_picked":["Die Die Die","Venomology"],"picked":"Wraith Form v2","floor":16.0},{"not_picked":["Acrobatics","PiercingWail"],"picked":"Dodge and Roll","floor":18.0},{"not_picked":["Expertise","Deadly Poison","Reflex"],"picked":"SKIP","floor":20.0},{"not_picked":["Slice","Flying Knee+1"],"picked":"Backstab","floor":22.0},{"not_picked":["Deflect","Predator","Underhanded Strike"],"picked":"SKIP","floor":24.0},{"not_picked":["Predator","Prepared"],"picked":"Bullet Time","floor":28.0},{"not_picked":["Calculated Gamble","Poisoned Stab"],"picked":"Dash+1","floor":29.0},{"not_picked":["Flying Knee","Bouncing Flask","Deflect"],"picked":"SKIP","floor":30.0},{"not_picked":["Tools of the Trade","Burst"],"picked":"After Image","floor":33.0},{"not_picked":["Calculated Gamble","PiercingWail+1"],"picked":"Footwork+1","floor":35.0},{"not_picked":["Terror+1","Calculated Gamble"],"picked":"Cloak And Dagger+1","floor":36.0},{"not_picked":["Expertise","Flechettes+1","Outmaneuver+1"],"picked":"SKIP","floor":38.0},{"not_picked":["Acrobatics","Poisoned Stab","Escape Plan"],"picked":"SKIP","floor":39},{"not_picked":["Accuracy+1","Deadly Poison","Blade Dance"],"picked":"SKIP","floor":40},{"not_picked":["Riddle With Holes","Deflect"],"picked":"Dash","floor":41},{"not_picked":["Dodge and Roll+1","Endless Agony"],"picked":"Backflip+1","floor":44},{"not_picked":["Dodge and Roll","Slice+1"],"picked":"Blur","floor":45},{"not_picked":["Dagger Spray+1","PiercingWail","Poisoned Stab"],"picked":"SKIP","floor":47}],"player_experience":1559547,"relics_obtained":[{"floor":7.0,"key":"Omamori"},{"floor":9.0,"key":"Bronze Scales"},{"floor":13.0,"key":"Orichalcum"},{"floor":26.0,"key":"Pocketwatch"},{"floor":28.0,"key":"Strawberry"},{"floor":30.0,"key":"Boot"},{"floor":40,"key":"Incense Burner"},{"floor":43,"key":"Centennial Puzzle"},{"floor":44,"key":"Regal Pillow"}],"event_choices":[{"cards_removed":["Strike_G"],"damage_healed":0.0,"max_hp_gain":0.0,"max_hp_loss":0.0,"gold_gain":0.0,"event_name":"The Cleric","player_choice":"Card Removal","floor":3.0,"gold_loss":75.0,"damage_taken":0.0},{"damage_healed":0.0,"max_hp_gain":0.0,"max_hp_loss":0.0,"gold_gain":0.0,"event_name":"Shining Light","player_choice":"Entered Light","floor":5.0,"gold_loss":0.0,"damage_taken":20.0,"cards_upgraded":["Defend_G","Dagger Spray"]},{"damage_healed":0.0,"max_hp_gain":0.0,"max_hp_loss":0.0,"gold_gain":0.0,"event_name":"World of Goop","player_choice":"Left Gold","floor":11.0,"gold_loss":63.0,"damage_taken":0.0},{"cards_removed":["Strike_G"],"damage_healed":0.0,"max_hp_gain":0.0,"max_hp_loss":0.0,"gold_gain":0.0,"event_name":"Purifier","player_choice":"Purged","floor":21.0,"gold_loss":0.0,"damage_taken":0.0},{"damage_healed":0,"gold_gain":0,"player_choice":"Memory 1","damage_taken":0,"max_hp_gain":0,"max_hp_loss":0,"event_name":"SensoryStone","floor":46,"gold_loss":0}],"is_beta":false,"boss_relics":[{"not_picked":["Busted Crown","WristBlade"],"picked":"Coffee Dripper"},{"not_picked":["Philosopher\u0027s Stone","Black Star"],"picked":"Tiny House"}],"items_purged_floors":[19],"is_endless":false,"potions_floor_spawned":[1,7,12,13,14,18,20,28,33,36,41,44],"ascension_level":15}