{"gold_per_floor":[116,116,128,143,18,18,29,61,86,86,119,196,241,253,265,354,366,392,454,481,383,410,422,469,481,493,532,564,596,608,620,632,644],"floor_reached":33,"playtime":1532,"items_purged":["Strike_G"],"score":530,"play_id":"5de9eb11-1998-42cb-a24e-0dc6a20e942d","local_time":"20190131202649","is_ascension_mode":true,"campfire_choices":[{"data":"Neutralize","floor":6.0,"key":"SMITH"},{"floor":10.0,"key":"REST"},{"floor":15.0,"key":"REST"},{"floor":23,"key":"REST"},{"floor":25,"key":"REST"},{"floor":30,"key":"REST"},{"data":"Well Laid Plans","floor":32,"key":"SMITH"}],"neow_cost":"NONE","seed_source_timestamp":43348635334055,"circlet_count":0,"master_deck":["AscendersBane","Defend_G","Defend_G","Defend_G","Defend_G","Defend_G","Strike_G","Strike_G","Strike_G","Survivor","Neutralize+1","Catalyst","Dagger Throw+1","Well Laid Plans+1","Dagger Spray","Cloak And Dagger","Backstab","Flying Knee","Quick Slash","Crippling Poison+1","Glass Knife+1","Backflip","Dodge and Roll","Caltrops+1","Poisoned Stab+1","PiercingWail","Quick Slash+1"],"special_seed":0,"relics":["Ring of the Snake","Bronze Scales","Ancient Tea Set","MawBank","Art of War","Molten Egg 2","Velvet Choker","Smiling Mask","Gambling Chip","Calipers"],"potions_floor_usage":[24,33,33],"damage_taken":[{"damage":0.0,"enemies":"2 Louse","floor":1.0,"turns":5.0},{"damage":0.0,"enemies":"Jaw Worm","floor":3.0,"turns":7.0},{"damage":0.0,"enemies":"Cultist","floor":4.0,"turns":4.0},{"damage":6.0,"enemies":"Large Slime","floor":7.0,"turns":6.0},{"damage":16.0,"enemies":"Lagavulin","floor":8.0,"turns":15.0},{"damage":23.0,"enemies":"Gremlin Nob","floor":11.0,"turns":5.0},{"damage":11.0,"enemies":"3 Sentries","floor":12.0,"turns":7.0},{"damage":11.0,"enemies":"Lagavulin","floor":13.0,"turns":8.0},{"damage":29,"enemies":"Slime Boss","floor":16,"turns":8},{"damage":11,"enemies":"Spheric Guardian","floor":18,"turns":3},{"damage":7,"enemies":"Chosen","floor":20,"turns":4},{"damage":0,"enemies":"Centurion and Healer","floor":22,"turns":4},{"damage":30,"enemies":"Book of Stabbing","floor":24,"turns":5},{"damage":2,"enemies":"Gremlin Leader","floor":27,"turns":5},{"damage":7,"enemies":"Snecko","floor":28,"turns":4},{"damage":9,"enemies":"Shelled Parasite and Fungi","floor":29,"turns":5},{"damage":56,"enemies":"Collector","floor":33,"turns":7}],"seed_played":"2380178515609280474","potions_obtained":[{"floor":3.0,"key":"Dexterity Potion"},{"floor":4.0,"key":"SpeedPotion"},{"floor":13.0,"key":"Weak Potion"},{"floor":16,"key":"LiquidBronze"},{"floor":20,"key":"Regen Potion"},{"floor":24,"key":"Explosive Potion"},{"floor":29,"key":"Strength Potion"}],"is_trial":false,"path_per_floor":["M","?","M","M","$","R","M","E","T","R","E","?","E","?","R","B",null,"M","?","M","?","M","R","E","R","T","E","M","M","R","?","R","B"],"character_chosen":"THE_SILENT","items_purchased":["Cloak And Dagger"],"campfire_rested":5,"item_purchase_floors":[5],"current_hp_per_floor":[59,59,59,59,59,59,53,37,37,56,33,22,11,11,30,1,50,39,39,32,32,32,51,36,55,55,53,46,37,56,56,56,0],"gold":644,"neow_bonus":"THREE_CARDS","is_prod":false,"is_daily":false,"chose_seed":false,"campfire_upgraded":2,"win_rate":0,"timestamp":1548995209,"path_taken":["M","?","M","M","$","R","M","E","T","R","E","?","E","?","R","BOSS","M","?","M","?","M","R","E","R","T","E","M","?","R","?","R","BOSS"],"build_version":"2019-01-23","purchased_purges":1,"victory":false,"max_hp_per_floor":[66,66,66,66,66,66,66,66,66,66,66,66,66,66,66,66,66,66,66,66,66,66,66,66,66,66,66,66,66,66,66,66,66],"card_choices":[{"not_picked":["Acrobatics","Deflect"],"picked":"Catalyst","floor":0.0},{"not_picked":["Prepared","Deflect"],"picked":"Dagger Throw","floor":1.0},{"not_picked":["Bane","Reflex"],"picked":"Well Laid Plans","floor":3.0},{"not_picked":["Dagger Throw","Concentrate"],"picked":"Dagger Spray","floor":4.0},{"not_picked":["Deflect","PiercingWail"],"picked":"Backstab","floor":7.0},{"not_picked":["Bane","Expertise","Escape Plan"],"picked":"SKIP","floor":8.0},{"not_picked":["Tools of the Trade","Concentrate"],"picked":"Flying Knee","floor":11.0},{"not_picked":["PiercingWail","Prepared"],"picked":"Quick Slash","floor":12.0},{"not_picked":["Underhanded Strike","Bane"],"picked":"Crippling Poison","floor":13.0},{"not_picked":["A Thousand Cuts","Envenom"],"picked":"Glass Knife+1","floor":16},{"not_picked":["Flying Knee+1","Acrobatics"],"picked":"Backflip","floor":18},{"not_picked":["Tactician+1","Dagger Throw+1"],"picked":"Dodge and Roll","floor":20},{"not_picked":["Skewer+1","Eviscerate+1"],"picked":"Caltrops+1","floor":22},{"not_picked":["Choke+1","Deadly Poison"],"picked":"Poisoned Stab+1","floor":24},{"not_picked":["Dagger Throw+1","Finisher+1"],"picked":"PiercingWail","floor":27},{"not_picked":["Quick Slash+1","Well Laid Plans","Outmaneuver"],"picked":"SKIP","floor":28},{"not_picked":["Slice+1","Dagger Throw+1"],"picked":"Quick Slash+1","floor":29}],"player_experience":2114114,"relics_obtained":[{"floor":8.0,"key":"Bronze Scales"},{"floor":9.0,"key":"Ancient Tea Set"},{"floor":11.0,"key":"MawBank"},{"floor":12.0,"key":"Art of War"},{"floor":13.0,"key":"Molten Egg 2"},{"floor":24,"key":"Smiling Mask"},{"floor":26,"key":"Gambling Chip"},{"floor":27,"key":"Calipers"}],"event_choices":[{"damage_healed":0.0,"max_hp_gain":0.0,"max_hp_loss":0.0,"gold_gain":0.0,"event_name":"Liars Game","player_choice":"Ignored","floor":2.0,"gold_loss":0.0,"damage_taken":0.0},{"damage_healed":0.0,"max_hp_gain":0.0,"max_hp_loss":0.0,"gold_gain":0.0,"event_name":"Dead Adventurer","player_choice":"Searched \u00271\u0027 times","floor":12.0,"gold_loss":0.0,"damage_taken":0.0},{"damage_healed":0.0,"max_hp_gain":0.0,"max_hp_loss":0.0,"gold_gain":0.0,"event_name":"Upgrade Shrine","player_choice":"Upgraded","floor":14.0,"gold_loss":0.0,"damage_taken":0.0,"cards_upgraded":["Crippling Poison"]},{"damage_healed":0,"gold_gain":50,"player_choice":"Stole From Cult","damage_taken":0,"max_hp_gain":0,"max_hp_loss":0,"event_name":"Nest","floor":19,"gold_loss":0},{"cards_removed":["Strike_G"],"damage_healed":0,"gold_gain":0,"player_choice":"Upgrade and Remove","damage_taken":0,"max_hp_gain":0,"max_hp_loss":0,"event_name":"Designer","floor":21,"gold_loss":110,"cards_upgraded":["Dagger Throw"]},{"damage_healed":0,"gold_gain":0,"player_choice":"Ignored","damage_taken":0,"max_hp_gain":0,"max_hp_loss":0,"event_name":"Vampires","floor":31,"gold_loss":0}],"is_beta":false,"boss_relics":[{"not_picked":["Astrolabe","Calling Bell"],"picked":"Velvet Choker"}],"items_purged_floors":[5],"is_endless":false,"potions_floor_spawned":[3,4,13,16,20,24,29],"killed_by":"Collector","ascension_level":15}