{"gold_per_floor":[117,117,133,58,74,74,85,85,85,85,50,85,102,131,131,208,208,224,52,52,72,82,111,111,143,143,160,160,160,160,190,190,261,261,272,287,302,103,153,187,205,205,205,232,232,232,157,0,0,0],"floor_reached":51,"playtime":2311,"items_purged":["Strike_B","Strike_B"],"score":1399,"play_id":"7962cdd1-6508-45f4-b9c6-b8882e5683a7","local_time":"20181012091512","is_ascension_mode":true,"campfire_choices":[{"data":"Zap","floor":6.0,"key":"SMITH"},{"data":"Dualcast","floor":8.0,"key":"SMITH"},{"data":"Sweeping Beam","floor":10.0,"key":"SMITH"},{"data":"Coolheaded","floor":15.0,"key":"SMITH"},{"data":"Conserve Battery","floor":24.0,"key":"SMITH"},{"data":"Glacier","floor":30.0,"key":"SMITH"},{"data":"Capacitor","floor":32.0,"key":"SMITH"},{"floor":45,"key":"REST"},{"floor":46,"key":"DIG"},{"data":"Defragment","floor":49,"key":"SMITH"}],"neow_cost":"NONE","seed_source_timestamp":911374696282,"circlet_count":0,"master_deck":["Defend_B","Defend_B","Defend_B","Defend_B","Zap+1","Dualcast+1","AscendersBane","Coolheaded+1","Conserve Battery","Sweeping Beam+1","Glacier+1","Ball Lightning","Go for the Eyes+1","Core Surge+1","Ball Lightning+1","Biased Cognition+1","Compile Driver+1","Conserve Battery+1","Biased Cognition","Capacitor+1","Thunder Strike+1","Ball Lightning+1","Defragment+1","Go for the Eyes+1","Barrage+1"],"special_seed":0,"relics":["Cracked Core","Potion Belt","DataDisk","Pantograph","Molten Egg 2","Velvet Choker","Singing Bowl","Bottled Lightning","Turnip","Dead Branch","Empty Cage","StoneCalendar","Shovel","WingedGreaves","Centennial Puzzle","Matryoshka","Red Mask"],"potions_floor_usage":[36,39,50,50],"damage_taken":[{"damage":7.0,"enemies":"Jaw Worm","floor":1.0,"turns":3.0},{"damage":0.0,"enemies":"Small Slimes","floor":3.0,"turns":3.0},{"damage":2.0,"enemies":"Cultist","floor":5.0,"turns":3.0},{"damage":0.0,"enemies":"Blue Slaver","floor":7.0,"turns":4.0},{"damage":7.0,"enemies":"3 Sentries","floor":12.0,"turns":7.0},{"damage":0.0,"enemies":"Large Slime","floor":13.0,"turns":5.0},{"damage":9.0,"enemies":"Gremlin Nob","floor":14.0,"turns":4.0},{"damage":0.0,"enemies":"The Guardian","floor":16.0,"turns":12.0},{"damage":1.0,"enemies":"Shell Parasite","floor":18.0,"turns":6.0},{"damage":18.0,"enemies":"2 Thieves","floor":21.0,"turns":3.0},{"damage":1.0,"enemies":"Shelled Parasite and Fungi","floor":22.0,"turns":6.0},{"damage":8.0,"enemies":"Slavers","floor":23.0,"turns":3.0},{"damage":4.0,"enemies":"Book of Stabbing","floor":25.0,"turns":4.0},{"damage":0.0,"enemies":"Chosen and Byrds","floor":27.0,"turns":4.0},{"damage":20.0,"enemies":"Slavers","floor":31.0,"turns":5.0},{"damage":1.0,"enemies":"Collector","floor":33.0,"turns":10.0},{"damage":9.0,"enemies":"3 Darklings","floor":35.0,"turns":4.0},{"damage":5,"enemies":"3 Shapes","floor":36,"turns":6},{"damage":7,"enemies":"Spire Growth","floor":37,"turns":4},{"damage":7,"enemies":"Mysterious Sphere","floor":39,"turns":7},{"damage":5,"enemies":"2 Orb Walkers","floor":40,"turns":4},{"damage":0,"enemies":"Maw","floor":41,"turns":7},{"damage":26,"enemies":"Giant Head","floor":44,"turns":8},{"damage":28,"enemies":"Donu and Deca","floor":50,"turns":9}],"seed_played":"4353436669632898311","potions_obtained":[{"floor":12.0,"key":"Strength Potion"},{"floor":16.0,"key":"Dexterity Potion"},{"floor":21.0,"key":"AttackPotion"},{"floor":23.0,"key":"Regen Potion"},{"floor":25.0,"key":"EssenceOfSteel"},{"floor":31.0,"key":"SkillPotion"},{"floor":35.0,"key":"AttackPotion"},{"floor":36,"key":"LiquidBronze"},{"floor":37,"key":"Regen Potion"},{"floor":41,"key":"Energy Potion"}],"is_trial":false,"path_per_floor":["M","?","M","$","M","R","M","R","T","R","?","E","M","E","R","B",null,"M","$","?","M","M","E","R","E","T","M","?","?","R","E","R","B",null,"M","M","M","$","?","E","M","?","T","E","R","R","$","?","R","B"],"character_chosen":"DEFECT","items_purchased":["Biased Cognition","Compile Driver+1","Energy Potion","Go for the Eyes+1","FocusPotion"],"campfire_rested":1,"item_purchase_floors":[19,19,38,38,47],"current_hp_per_floor":[57,57,57,57,55,55,55,55,55,55,71,64,64,55,55,71,71,70,70,70,52,51,45,45,55,55,57,57,57,57,37,37,61,73,64,59,54,54,62,59,61,61,61,37,62,62,62,62,62,57],"gold":0,"neow_bonus":"RANDOM_COMMON_RELIC","is_prod":false,"is_daily":false,"chose_seed":false,"campfire_upgraded":8,"win_rate":0,"timestamp":1539360912,"path_taken":["M","?","M","$","M","R","M","R","T","R","?","E","M","E","R","BOSS","M","$","?","M","M","E","R","E","T","?","?","?","R","E","R","BOSS","M","M","M","$","?","E","M","?","T","E","R","R","$","?","R","BOSS"],"build_version":"2018-10-11","purchased_purges":2,"victory":true,"max_hp_per_floor":[71,71,71,71,71,71,71,71,71,71,71,71,71,71,71,71,71,71,71,71,71,71,73,73,75,75,77,77,77,77,77,77,77,77,77,77,79,79,79,81,83,83,83,85,85,85,85,85,85,85],"card_choices":[{"not_picked":["BootSequence","Gash"],"picked":"Coolheaded","floor":1.0},{"not_picked":["Conserve Battery","Compile Driver"],"picked":"Cold Snap","floor":3.0},{"not_picked":["Turbo","Steam"],"picked":"Conserve Battery","floor":5.0},{"not_picked":["Leap","Conserve Battery"],"picked":"Sweeping Beam","floor":7.0},{"not_picked":["Redo","Barrage"],"picked":"Glacier","floor":12.0},{"not_picked":["Stack","Coolheaded"],"picked":"Ball Lightning","floor":13.0},{"not_picked":["Gash","BootSequence"],"picked":"Go for the Eyes","floor":14.0},{"not_picked":["Fission","Rainbow"],"picked":"Core Surge+1","floor":16.0},{"not_picked":["Gash+1","Aggregate"],"picked":"Ball Lightning+1","floor":18.0},{"not_picked":["Beam Cell+1","Aggregate"],"picked":"Conserve Battery","floor":21.0},{"not_picked":["Static Discharge","Rebound+1","Sweeping Beam+1"],"picked":"SKIP","floor":22.0},{"not_picked":["Turbo","Stack","Amplify"],"picked":"Singing Bowl","floor":23.0},{"not_picked":["Beam Cell+1","Recycle","Conserve Battery"],"picked":"Singing Bowl","floor":25.0},{"not_picked":["Conserve Battery","Coolheaded","Gash+1"],"picked":"Singing Bowl","floor":27.0},{"not_picked":["Rip and Tear+1","Cold Snap+1"],"picked":"Capacitor","floor":31.0},{"not_picked":["All For One+1","Amplify"],"picked":"Thunder Strike+1","floor":33.0},{"not_picked":["White Noise+1","Streamline+1"],"picked":"Ball Lightning+1","floor":35.0},{"not_picked":["Capacitor","Compile Driver+1"],"picked":"Defragment","floor":36},{"not_picked":["Rebound+1","Hologram","Aggregate"],"picked":"Singing Bowl","floor":37},{"not_picked":["Gash+1","Go for the Eyes+1"],"picked":"Barrage+1","floor":39},{"not_picked":["Streamline+1","Defragment+1","Conserve Battery+1"],"picked":"Singing Bowl","floor":40},{"not_picked":["Go for the Eyes+1","Amplify","Stack"],"picked":"Singing Bowl","floor":41},{"not_picked":["Darkness","Aggregate+1","Go for the Eyes+1"],"picked":"Singing Bowl","floor":44}],"player_experience":1341906,"relics_obtained":[{"floor":9.0,"key":"DataDisk"},{"floor":12.0,"key":"Pantograph"},{"floor":14.0,"key":"Molten Egg 2"},{"floor":23.0,"key":"Singing Bowl"},{"floor":25.0,"key":"Bottled Lightning"},{"floor":26.0,"key":"Turnip"},{"floor":31.0,"key":"Dead Branch"},{"floor":39,"key":"StoneCalendar"},{"floor":40,"key":"Shovel"},{"floor":43,"key":"WingedGreaves"},{"floor":44,"key":"Centennial Puzzle"},{"floor":46,"key":"Matryoshka"}],"event_choices":[{"event_name":"Liars Game","player_choice":"disagreed","floor":2.0,"damage_taken":0.0},{"event_name":"The Cleric","player_choice":"Healed","floor":11.0,"damage_taken":0.0},{"event_name":"Upgrade Shrine","player_choice":"Upgraded","floor":20.0,"damage_taken":0.0},{"event_name":"Match and Keep!","player_choice":"1 cards matched","floor":28.0,"damage_taken":0.0},{"event_name":"Cursed Tome","player_choice":"Ignored","floor":29.0,"damage_taken":0.0},{"event_name":"Mysterious Sphere","player_choice":"Fight","floor":39,"damage_taken":0},{"event_name":"Falling","player_choice":"Removed Attack","floor":42,"damage_taken":0},{"event_name":"Tomb of Lord Red Mask","player_choice":"Paid","floor":48,"damage_taken":0}],"is_beta":false,"boss_relics":[{"not_picked":["Runic Dome","Pandora\u0027s Box"],"picked":"Velvet Choker"},{"not_picked":["Snecko Eye","Busted Crown"],"picked":"Empty Cage"}],"items_purged_floors":[4,38],"is_endless":false,"potions_floor_spawned":[12,16,21,23,25,31,35,36,37,41],"ascension_level":15}