{"gold_per_floor":[113,129,144,144,164,164,196,196,222,252,79,114,114,128,128,202,202,220,237,163,176,176,196,225,225,225,239,266,181,216,233,233,304,304,322,342,342,1341,717,717,746,307,307,307,307,307,307,17,17,17,17],"floor_reached":52,"playtime":2038,"items_purged":["Normality","Normality"],"score":2037,"play_id":"33464748-4feb-4ffc-97fa-23bc81b6f494","local_time":"20181108211143","daily_mods":["SealedDeck"],"is_ascension_mode":true,"campfire_choices":[{"data":"Uppercut","floor":6.0,"key":"SMITH"},{"data":"Armaments","floor":8.0,"key":"SMITH"},{"data":"Feel No Pain","floor":15.0,"key":"SMITH"},{"data":"Shockwave","floor":32.0,"key":"SMITH"},{"data":"Limit Break","floor":40.0,"key":"SMITH"},{"data":"Fiend Fire","floor":47,"key":"SMITH"},{"data":"Feel No Pain","floor":49,"key":"SMITH"}],"neow_cost":"","seed_source_timestamp":42265551877278,"circlet_count":0,"master_deck":["AscendersBane","Shockwave+1","True Grit+1","Clothesline","Armaments+1","Twin Strike+1","Shrug It Off","Pommel Strike","Pommel Strike+1","Shrug It Off+1","Cleave","Battle Trance","Feel No Pain+1","Impervious","Limit Break+1","Rampage+1","Corruption+1","Shrug It Off+1","Chrysalis+1","Fiend Fire+1","Disarm+1","Feel No Pain+1"],"special_seed":0,"relics":["Black Blood","Potion Belt","Centennial Puzzle","Whetstone","Lantern","PreservedInsect","Unceasing Top","Mercury Hourglass","Red Skull","Pen Nib","Bag of Marbles","Coffee Dripper","Brimstone","Toxic Egg 2","Singing Bowl","Kunai","Oddly Smooth Stone"],"potions_floor_usage":[41,51],"damage_taken":[{"damage":0.0,"enemies":"Cultist","floor":1.0,"turns":3.0},{"damage":0.0,"enemies":"2 Louse","floor":2.0,"turns":2.0},{"damage":4.0,"enemies":"Small Slimes","floor":3.0,"turns":4.0},{"damage":1.0,"enemies":"Blue Slaver","floor":5.0,"turns":5.0},{"damage":6.0,"enemies":"Gremlin Nob","floor":7.0,"turns":3.0},{"damage":2.0,"enemies":"Lagavulin","floor":10.0,"turns":6.0},{"damage":6.0,"enemies":"Gremlin Nob","floor":12.0,"turns":3.0},{"damage":0.0,"enemies":"Lots of Slimes","floor":14.0,"turns":1.0},{"damage":32.0,"enemies":"Slime Boss","floor":16.0,"turns":11.0},{"damage":11.0,"enemies":"Spheric Guardian","floor":18.0,"turns":6.0},{"damage":0.0,"enemies":"Shell Parasite","floor":19.0,"turns":7.0},{"damage":4.0,"enemies":"Snecko","floor":21.0,"turns":5.0},{"damage":16.0,"enemies":"Snake Plant","floor":23.0,"turns":5.0},{"damage":29.0,"enemies":"Book of Stabbing","floor":24.0,"turns":6.0},{"damage":5.0,"enemies":"Centurion and Healer","floor":27.0,"turns":8.0},{"damage":10.0,"enemies":"Slavers","floor":28.0,"turns":4.0},{"damage":0.0,"enemies":"Gremlin Leader","floor":30.0,"turns":6.0},{"damage":0.0,"enemies":"Snecko","floor":31.0,"turns":4.0},{"damage":47.0,"enemies":"Collector","floor":33.0,"turns":7.0},{"damage":4.0,"enemies":"3 Darklings","floor":35.0,"turns":4.0},{"damage":11.0,"enemies":"3 Shapes","floor":36.0,"turns":4.0},{"damage":0,"enemies":"Reptomancer","floor":41,"turns":3},{"damage":6,"enemies":"Awakened One","floor":50,"turns":8},{"damage":68,"enemies":"Donu and Deca","floor":51,"turns":8}],"seed_played":"-1278618381462896554","potions_obtained":[{"floor":2.0,"key":"BloodPotion"},{"floor":5.0,"key":"Explosive Potion"},{"floor":12.0,"key":"Explosive Potion"},{"floor":14.0,"key":"Swift Potion"},{"floor":16.0,"key":"FearPotion"},{"floor":21.0,"key":"Explosive Potion"},{"floor":27.0,"key":"SteroidPotion"},{"floor":33.0,"key":"FearPotion"},{"floor":41,"key":"SteroidPotion"}],"is_trial":true,"path_per_floor":["M","M","M","?","M","R","E","R","T","E","$","E","?","M","R","B",null,"M","M","$","M","$","M","E","?","T","M","E","?","E","E","M","R","B",null,"M","M","?","?","$","R","E","$","T","?","?","?","R","$","R","B","B",null],"character_chosen":"IRONCLAD","items_purchased":["Lantern","Limit Break","Brimstone","Toxic Egg 2","Shrug It Off+1","Chrysalis+1","Fiend Fire","Disarm+1","Feel No Pain","Oddly Smooth Stone"],"campfire_rested":0,"item_purchase_floors":[11,20,39,39,39,42,42,48,48,48],"current_hp_per_floor":[74,75,75,75,75,75,75,75,75,75,75,75,75,75,75,49,69,68,75,75,75,75,69,50,50,50,55,55,55,65,75,75,45,68,74,73,73,73,73,73,77,77,77,79,79,79,79,79,79,79,21],"gold":17,"neow_bonus":"","is_prod":false,"is_daily":false,"chose_seed":false,"campfire_upgraded":7,"win_rate":0,"timestamp":1541740303,"path_taken":["M","?","M","?","M","R","E","R","T","E","$","E","?","M","R","BOSS","M","M","$","M","$","M","E","?","T","?","E","?","E","M","R","BOSS","M","M","?","?","$","R","E","?","T","?","?","?","R","$","R","BOSS","BOSS"],"build_version":"2018-11-08","purchased_purges":2,"victory":true,"max_hp_per_floor":[75,75,75,75,75,75,75,75,75,75,75,75,75,75,75,75,75,75,75,75,75,75,75,75,75,75,75,75,75,75,75,75,75,75,75,75,75,75,75,75,77,77,77,79,79,79,79,79,79,79,79],"card_choices":[{"not_picked":["Uppercut","True Grit","Evolve"],"picked":"SKIP","floor":1.0},{"not_picked":["Rupture","Thunderclap","Headbutt"],"picked":"SKIP","floor":2.0},{"not_picked":["Headbutt","Perfected Strike","Sword Boomerang"],"picked":"SKIP","floor":3.0},{"not_picked":["Armaments","Sentinel","Pommel Strike"],"picked":"SKIP","floor":5.0},{"not_picked":["Sever Soul","Reaper","Seeing Red"],"picked":"SKIP","floor":7.0},{"not_picked":["Flex","Evolve"],"picked":"Cleave","floor":10.0},{"not_picked":["Rampage","Bloodletting"],"picked":"Battle Trance","floor":12.0},{"not_picked":["Perfected Strike","Inflame"],"picked":"Feel No Pain","floor":14.0},{"not_picked":["Brutality","Feed"],"picked":"Impervious","floor":16.0},{"not_picked":["Havoc","Perfected Strike","Thunderclap"],"picked":"SKIP","floor":18.0},{"not_picked":["Perfected Strike","Headbutt","Wild Strike"],"picked":"SKIP","floor":19.0},{"not_picked":["Anger","Warcry+1","Heavy Blade"],"picked":"SKIP","floor":21.0},{"not_picked":["Power Through","Ghostly Armor","Thunderclap+1"],"picked":"SKIP","floor":23.0},{"not_picked":["Second Wind","Havoc"],"picked":"Rampage+1","floor":24.0},{"not_picked":["Entrench","Seeing Red"],"picked":"Corruption+1","floor":27.0},{"not_picked":["Sword Boomerang","Juggernaut","Evolve"],"picked":"SKIP","floor":28.0},{"not_picked":["Twin Strike+1","Warcry","Barricade"],"picked":"SKIP","floor":30.0},{"not_picked":["Cleave","Searing Blow","Anger"],"picked":"SKIP","floor":31.0},{"not_picked":["Wild Strike+1","Twin Strike","Warcry"],"picked":"SKIP","floor":35.0},{"not_picked":["Perfected Strike+1","Seeing Red","Sword Boomerang"],"picked":"SKIP","floor":36.0},{"not_picked":["Perfected Strike","Anger","Sword Boomerang"],"picked":"Singing Bowl","floor":41},{"not_picked":["Impatience+1","Deep Breath+1","Sadistic Nature"],"picked":"Singing Bowl","floor":44}],"player_experience":1609436,"relics_obtained":[{"floor":7.0,"key":"Potion Belt"},{"floor":9.0,"key":"Centennial Puzzle"},{"floor":10.0,"key":"Whetstone"},{"floor":12.0,"key":"PreservedInsect"},{"floor":24.0,"key":"Unceasing Top"},{"floor":26.0,"key":"Mercury Hourglass"},{"floor":28.0,"key":"Red Skull"},{"floor":30.0,"key":"Bag of Marbles"},{"floor":41,"key":"Singing Bowl"},{"floor":43,"key":"Kunai"}],"event_choices":[{"damage_healed":0.0,"max_hp_gain":0.0,"max_hp_loss":0.0,"gold_gain":0.0,"event_name":"The Cleric","player_choice":"Leave","floor":4.0,"gold_loss":0.0,"damage_taken":0.0},{"damage_healed":0.0,"max_hp_gain":0.0,"max_hp_loss":0.0,"gold_gain":0.0,"event_name":"Living Wall","player_choice":"Grow","floor":13.0,"gold_loss":0.0,"damage_taken":0.0,"cards_upgraded":["True Grit"]},{"damage_healed":0.0,"max_hp_gain":0.0,"max_hp_loss":0.0,"gold_gain":0.0,"event_name":"Upgrade Shrine","player_choice":"Upgraded","floor":25.0,"gold_loss":0.0,"damage_taken":0.0,"cards_upgraded":["Shrug It Off"]},{"damage_healed":0.0,"max_hp_gain":0.0,"max_hp_loss":0.0,"gold_gain":0.0,"event_name":"Addict","player_choice":"Obtained Relic","floor":29.0,"gold_loss":85.0,"damage_taken":0.0,"relics_obtained":["Pen Nib"]},{"damage_healed":0.0,"max_hp_gain":0.0,"max_hp_loss":0.0,"gold_gain":0.0,"event_name":"Tomb of Lord Red Mask","player_choice":"Ignored","floor":37.0,"gold_loss":0.0,"damage_taken":0.0},{"damage_healed":0.0,"max_hp_gain":0.0,"max_hp_loss":0.0,"gold_gain":999.0,"event_name":"MindBloom","player_choice":"Gold","floor":38.0,"gold_loss":0.0,"damage_taken":0.0,"cards_obtained":["Normality","Normality"]},{"damage_healed":0,"gold_gain":0,"player_choice":"Memory 1","damage_taken":0,"max_hp_gain":0,"max_hp_loss":0,"event_name":"SensoryStone","floor":44,"gold_loss":0},{"cards_removed":["Uppercut"],"damage_healed":0,"gold_gain":0,"player_choice":"Removed Attack","damage_taken":0,"max_hp_gain":0,"max_hp_loss":0,"event_name":"Falling","floor":45,"gold_loss":0},{"damage_healed":0,"gold_gain":0,"player_choice":"Ignored","damage_taken":0,"max_hp_gain":0,"max_hp_loss":0,"event_name":"Transmorgrifier","floor":46,"gold_loss":0}],"is_beta":false,"boss_relics":[{"not_picked":["Eternal Feather","Tiny House"],"picked":"Black Blood"},{"not_picked":["Runic Dome","White Beast Statue"],"picked":"Coffee Dripper"}],"items_purged_floors":[39,42],"is_endless":false,"potions_floor_spawned":[2,5,12,14,16,21,27,28,33,41],"ascension_level":20}