{"gold_per_floor":[119,119,135,135,151,179,179,179,179,193,193,209,222,248,248,326,326,346,72,122,189,199,199,199],"floor_reached":24,"playtime":591,"items_purged":["Shame"],"score":416,"play_id":"1ea15571-5ab3-4077-ad7f-f0f2bb82296a","local_time":"20190114154651","is_ascension_mode":true,"campfire_choices":[{"data":"Zap","floor":7,"key":"SMITH"},{"floor":11,"key":"REST"},{"data":"Biased Cognition","floor":15,"key":"SMITH"},{"floor":23,"key":"REST"}],"neow_cost":"NONE","seed_source_timestamp":336330761927566,"circlet_count":0,"master_deck":["AscendersBane","Strike_B+1","Strike_B","Strike_B","Defend_B","Defend_B","Defend_B+1","Defend_B","Zap+1","Dualcast","Electrodynamics","FTL","Cold Snap","Biased Cognition+1","Creative AI","Clumsy","Injury","BootSequence","Static Discharge"],"relics":["Cracked Core","Symbiotic Virus","SsserpentHead","Vajra","Calling Bell","Boot","Pantograph","Dead Branch","Orichalcum","Gambling Chip"],"potions_floor_usage":[6,6,16],"damage_taken":[{"damage":5,"enemies":"Small Slimes","floor":1,"turns":2},{"damage":0,"enemies":"2 Louse","floor":3,"turns":1},{"damage":0,"enemies":"Cultist","floor":5,"turns":3},{"damage":7,"enemies":"Lagavulin","floor":6,"turns":4},{"damage":6,"enemies":"Lots of Slimes","floor":10,"turns":2},{"damage":13,"enemies":"Exordium Thugs","floor":12,"turns":2},{"damage":0,"enemies":"Gremlin Gang","floor":13,"turns":2},{"damage":5,"enemies":"3 Sentries","floor":14,"turns":3},{"damage":23,"enemies":"The Guardian","floor":16,"turns":10},{"damage":9,"enemies":"Chosen","floor":18,"turns":4},{"damage":8,"enemies":"2 Thieves","floor":21,"turns":3},{"damage":21,"enemies":"Snake Plant","floor":22,"turns":4},{"damage":44,"enemies":"Book of Stabbing","floor":24,"turns":3}],"seed_played":"-3425884856924386976","potions_obtained":[{"floor":1,"key":"AttackPotion"},{"floor":5,"key":"FearPotion"},{"floor":13,"key":"Fruit Juice"},{"floor":14,"key":"FearPotion"},{"floor":18,"key":"Strength Potion"}],"is_trial":false,"path_per_floor":["M","?","M","?","M","E","R","?","T","M","R","M","M","E","R","B",null,"M","$","T","M","M","R","E"],"character_chosen":"DEFECT","items_purchased":["Static Discharge","Orichalcum"],"campfire_rested":2,"item_purchase_floors":[19,19],"current_hp_per_floor":[59,52,52,31,31,24,24,24,24,18,39,26,26,21,21,3,58,49,49,49,41,20,42,0],"gold":199,"neow_bonus":"ONE_RANDOM_RARE_CARD","is_prod":false,"is_daily":false,"chose_seed":false,"campfire_upgraded":2,"win_rate":0,"timestamp":1547498811,"path_taken":["M","?","M","?","M","E","R","?","T","M","R","M","M","E","R","BOSS","M","$","?","?","M","R","E"],"build_version":"2019-01-10","purchased_purges":1,"victory":false,"max_hp_per_floor":[71,71,71,71,71,71,71,71,71,71,71,71,71,71,71,76,76,76,76,76,76,76,76,76],"card_choices":[{"not_picked":["Chill","Stack"],"picked":"FTL","floor":3},{"not_picked":["Redo","Gash"],"picked":"Cold Snap","floor":12},{"not_picked":["Hologram","Blizzard"],"picked":"Biased Cognition","floor":13},{"not_picked":["Hello World","Redo","Go for the Eyes"],"picked":"SKIP","floor":14},{"not_picked":["Rainbow","Machine Learning"],"picked":"Creative AI","floor":16},{"not_picked":["Ball Lightning","Consume"],"picked":"BootSequence","floor":18},{"not_picked":["Compile Driver","Barrage+1","Stack"],"picked":"SKIP","floor":21},{"not_picked":["Leap","Ball Lightning+1","Scrape+1"],"picked":"SKIP","floor":22}],"player_experience":1632323,"relics_obtained":[{"floor":6,"key":"Symbiotic Virus"},{"floor":14,"key":"Vajra"},{"floor":17,"key":"Boot"},{"floor":17,"key":"Pantograph"},{"floor":17,"key":"Dead Branch"},{"floor":20,"key":"Gambling Chip"}],"event_choices":[{"cards_removed":["Strike_B"],"damage_healed":0,"gold_gain":0,"player_choice":"Card Removal","damage_taken":7,"max_hp_gain":0,"max_hp_loss":0,"event_name":"Golden Wing","floor":2,"gold_loss":0},{"damage_healed":0,"gold_gain":0,"player_choice":"Entered Light","damage_taken":21,"max_hp_gain":0,"max_hp_loss":0,"event_name":"Shining Light","floor":4,"gold_loss":0,"cards_upgraded":["Defend_B","Strike_B"]},{"damage_healed":0,"gold_gain":0,"player_choice":"Trade","damage_taken":0,"relics_obtained":["SsserpentHead"],"max_hp_gain":0,"max_hp_loss":0,"event_name":"FaceTrader","floor":8,"gold_loss":0}],"is_beta":true,"boss_relics":[{"not_picked":["Ectoplasm","Lizard Tail"],"picked":"Calling Bell"}],"items_purged_floors":[19],"is_endless":false,"potions_floor_spawned":[1,5,13,14,18],"killed_by":"Book of Stabbing","ascension_level":20}