{"gold_per_floor":[113,131,83,83,96,96,128,144,167,195,205,5,25,35,35,113,113,127,147,28,28,128,128,143,143,173,173,198,198,215,215,215,292,292,305,275,287,107,207,207,222,222,270,270,89,123,123,137,137,137,137],"floor_reached":51,"playtime":2789,"items_purged":["Strike_B","Normality","Normality"],"score":1585,"play_id":"f156f22d-051b-456f-8297-5ae4641ad9f5","local_time":"20181210234705","is_ascension_mode":true,"campfire_choices":[{"data":"Sunder","floor":6.0,"key":"SMITH"},{"data":"Apotheosis","floor":15.0,"key":"SMITH"},{"floor":23.0,"key":"REST"},{"data":"Defragment","floor":25.0,"key":"SMITH"},{"data":"Buffer","floor":29.0,"key":"SMITH"},{"data":"Ghostly","floor":32.0,"key":"SMITH"},{"floor":40.0,"key":"REST"},{"data":"Heatsinks","floor":42.0,"key":"SMITH"},{"floor":47.0,"key":"REST"},{"data":"Seek","floor":49.0,"key":"SMITH"}],"neow_cost":"NONE","seed_source_timestamp":180731211316,"circlet_count":0,"master_deck":["AscendersBane","Strike_B","Defend_B","Defend_B","Defend_B+1","Zap","Dualcast","Coolheaded","Sunder+1","Genetic Algorithm","Beam Cell","Buffer+1","Cold Snap","Apotheosis+1","Gash","Creative AI","Ball Lightning","Storm","Ghostly+1","Ghostly","Ghostly+1","Hologram","Defragment+1","Double Energy","Redo","Coolheaded","White Noise","Meteor Strike+1","Doubt","Heatsinks+1","Seek+1","Cold Snap+1","Compile Driver+1","PanicButton","Sunder+1","Static Discharge+1","Hologram"],"special_seed":0,"relics":["Runic Dome","Vajra","Bronze Scales","Pen Nib","Velvet Choker","Pocketwatch","Molten Egg 2","Tiny Chest","Lantern","War Paint","Calling Bell","Bag of Marbles","Mercury Hourglass","Gambling Chip","Torii","Smiling Mask","Cables"],"potions_floor_usage":[],"damage_taken":[{"damage":4.0,"enemies":"Small Slimes","floor":1.0,"turns":4.0},{"damage":5.0,"enemies":"2 Louse","floor":2.0,"turns":3.0},{"damage":1.0,"enemies":"Cultist","floor":5.0,"turns":3.0},{"damage":25.0,"enemies":"Lagavulin","floor":7.0,"turns":6.0},{"damage":0.0,"enemies":"Blue Slaver","floor":8.0,"turns":1.0},{"damage":0.0,"enemies":"Gremlin Nob","floor":10.0,"turns":3.0},{"damage":4.0,"enemies":"Looter","floor":11.0,"turns":2.0},{"damage":0.0,"enemies":"Large Slime","floor":13.0,"turns":4.0},{"damage":2.0,"enemies":"Red Slaver","floor":14.0,"turns":3.0},{"damage":0.0,"enemies":"Hexaghost","floor":16.0,"turns":8.0},{"damage":21.0,"enemies":"Spheric Guardian","floor":18.0,"turns":4.0},{"damage":0.0,"enemies":"3 Byrds","floor":19.0,"turns":1.0},{"damage":12.0,"enemies":"Colosseum Slavers","floor":22.0,"turns":4.0},{"damage":33.0,"enemies":"Colosseum Nobs","floor":22.0,"turns":5.0},{"damage":0.0,"enemies":"Snecko","floor":24.0,"turns":5.0},{"damage":3.0,"enemies":"Slavers","floor":28.0,"turns":4.0},{"damage":3.0,"enemies":"Snake Plant","floor":30.0,"turns":4.0},{"damage":13.0,"enemies":"Champ","floor":33.0,"turns":10.0},{"damage":14.0,"enemies":"3 Darklings","floor":35.0,"turns":6.0},{"damage":0.0,"enemies":"3 Shapes","floor":37.0,"turns":4.0},{"damage":0.0,"enemies":"Mind Bloom Boss Battle","floor":39.0,"turns":4.0},{"damage":0.0,"enemies":"Jaw Worm Horde","floor":41.0,"turns":5.0},{"damage":0.0,"enemies":"Giant Head","floor":46.0,"turns":6.0},{"damage":0.0,"enemies":"Spire Growth","floor":48.0,"turns":4.0},{"damage":14.0,"enemies":"Time Eater","floor":50.0,"turns":5.0},{"damage":22,"enemies":"Awakened One","floor":51,"turns":6}],"seed_played":"4032279680202819135","potions_obtained":[{"floor":1.0,"key":"LiquidBronze"},{"floor":7.0,"key":"SkillPotion"},{"floor":13.0,"key":"PowerPotion"},{"floor":19.0,"key":"Regen Potion"},{"floor":28.0,"key":"Regen Potion"},{"floor":36.0,"key":"GamblersBrew"},{"floor":36.0,"key":"Energy Potion"},{"floor":46.0,"key":"Block Potion"},{"floor":48.0,"key":"Ancient Potion"}],"is_trial":false,"path_per_floor":["M","M","?","?","M","R","E","M","T","E","M","$","M","M","R","B",null,"M","M","$","?","?","R","M","R","T","?","E","R","M","T","R","B",null,"M","?","M","$","?","R","M","R","T","?","$","E","R","M","R","B","B"],"character_chosen":"DEFECT","items_purchased":["Apotheosis","Storm","Seek","Sunder+1","PowerPotion"],"campfire_rested":3,"item_purchase_floors":[12,20,38,45,45],"current_hp_per_floor":[60,55,55,55,54,54,29,29,29,29,25,25,25,23,23,23,59,38,38,38,35,4,14,14,14,14,14,11,11,20,20,20,7,28,14,14,14,14,14,24,24,24,24,24,24,24,34,34,34,20,0],"gold":137,"neow_bonus":"BOSS_RELIC","is_prod":false,"is_daily":false,"chose_seed":false,"campfire_upgraded":7,"win_rate":0,"timestamp":1544456825,"path_taken":["M","M","?","?","M","R","E","M","T","E","M","$","M","M","R","BOSS","M","M","$","?","?","R","M","R","T","?","E","R","M","?","R","BOSS","M","?","?","$","?","R","M","R","T","?","$","E","R","M","R","BOSS","BOSS"],"build_version":"2018-12-06","purchased_purges":3,"victory":false,"max_hp_per_floor":[71,71,71,71,71,71,71,71,71,71,71,71,71,71,71,71,71,71,71,71,35,35,35,35,35,35,35,35,35,35,35,35,35,35,35,35,35,35,35,35,35,35,35,35,35,35,35,35,35,35,35],"card_choices":[{"not_picked":["Double Energy","Rebound"],"picked":"Coolheaded","floor":1.0},{"not_picked":["Redo","Turbo"],"picked":"Sunder","floor":2.0},{"not_picked":["Hologram","Redo"],"picked":"Beam Cell","floor":5.0},{"not_picked":["Steam","Redo"],"picked":"Buffer","floor":7.0},{"not_picked":["Rebound","Double Energy"],"picked":"Cold Snap","floor":8.0},{"not_picked":["Force Field","Storm","Go for the Eyes"],"picked":"SKIP","floor":10.0},{"not_picked":["Cold Snap","Coolheaded","Steam"],"picked":"SKIP","floor":11.0},{"not_picked":["Multi-Cast","Reprogram","Heatsinks"],"picked":"SKIP","floor":13.0},{"not_picked":["Steam","Chill"],"picked":"Gash","floor":14.0},{"not_picked":["Buffer","Fission"],"picked":"Creative AI","floor":16.0},{"not_picked":["Lockon","Redo+1"],"picked":"Ball Lightning","floor":18.0},{"not_picked":["Ball Lightning","Reprogram","Force Field"],"picked":"SKIP","floor":19.0},{"not_picked":["Ball Lightning","Reprogram","Force Field"],"picked":"SKIP","floor":19.0},{"not_picked":["Rebound","Multi-Cast"],"picked":"Hologram","floor":22.0},{"not_picked":["Blizzard+1","Ball Lightning+1"],"picked":"Defragment","floor":24.0},{"not_picked":["Redo","Leap"],"picked":"Coolheaded","floor":28.0},{"not_picked":["Stack","Hologram"],"picked":"White Noise","floor":30.0},{"not_picked":["Creative AI","Biased Cognition"],"picked":"Meteor Strike+1","floor":33.0},{"not_picked":["Beam Cell+1","Coolheaded","Sweeping Beam+1"],"picked":"SKIP","floor":35.0},{"not_picked":["Stack","Capacitor"],"picked":"Heatsinks","floor":37.0},{"not_picked":["Hello World","Go for the Eyes+1"],"picked":"Cold Snap+1","floor":39.0},{"not_picked":["Compile Driver+1","Turbo+1","Redo"],"picked":"SKIP","floor":41.0},{"not_picked":["Turbo+1","Redo"],"picked":"Compile Driver+1","floor":41.0},{"not_picked":["Flash of Steel+1","Thinking Ahead"],"picked":"PanicButton","floor":44.0},{"not_picked":["Streamline+1","Cold Snap+1"],"picked":"Static Discharge+1","floor":46.0},{"not_picked":["Aggregate","Rebound+1"],"picked":"Hologram","floor":48.0}],"player_experience":2355865,"relics_obtained":[{"floor":7.0,"key":"Vajra"},{"floor":9.0,"key":"Bronze Scales"},{"floor":10.0,"key":"Pen Nib"},{"floor":22.0,"key":"Pocketwatch"},{"floor":22.0,"key":"Molten Egg 2"},{"floor":26.0,"key":"Tiny Chest"},{"floor":28.0,"key":"Lantern"},{"floor":31.0,"key":"War Paint"},{"floor":34.0,"key":"Bag of Marbles"},{"floor":34.0,"key":"Mercury Hourglass"},{"floor":34.0,"key":"Gambling Chip"},{"floor":39.0,"key":"Torii"},{"floor":43.0,"key":"Smiling Mask"},{"floor":46.0,"key":"Cables"}],"event_choices":[{"damage_healed":0.0,"max_hp_gain":0.0,"max_hp_loss":0.0,"gold_gain":0.0,"event_name":"World of Goop","player_choice":"Left Gold","floor":3.0,"gold_loss":48.0,"damage_taken":0.0},{"damage_healed":0.0,"max_hp_gain":0.0,"max_hp_loss":0.0,"gold_gain":0.0,"cards_transformed":["Strike_B"],"event_name":"Living Wall","player_choice":"Change","floor":4.0,"gold_loss":0.0,"damage_taken":0.0,"cards_obtained":["Genetic Algorithm"]},{"damage_healed":0.0,"max_hp_gain":0.0,"max_hp_loss":36.0,"gold_gain":0.0,"event_name":"Ghosts","player_choice":"Became a Ghost","floor":21.0,"gold_loss":0.0,"damage_taken":0.0,"cards_obtained":["Ghostly","Ghostly","Ghostly"]},{"damage_healed":0.0,"max_hp_gain":0.0,"max_hp_loss":0.0,"gold_gain":0.0,"event_name":"Colosseum","player_choice":"Fight","floor":22.0,"gold_loss":0.0,"damage_taken":0.0},{"damage_healed":0.0,"max_hp_gain":0.0,"max_hp_loss":0.0,"gold_gain":0.0,"event_name":"Colosseum","player_choice":"Fought Nobs","floor":22.0,"gold_loss":0.0,"damage_taken":0.0},{"damage_healed":0.0,"max_hp_gain":0.0,"max_hp_loss":0.0,"gold_gain":0.0,"cards_transformed":["Defend_B","Strike_B"],"event_name":"Drug Dealer","player_choice":"Became Test Subject","floor":27.0,"gold_loss":0.0,"damage_taken":0.0,"cards_obtained":["Double Energy","Redo"]},{"damage_healed":0.0,"max_hp_gain":0.0,"max_hp_loss":0.0,"gold_gain":0.0,"event_name":"The Woman in Blue","player_choice":"Bought 2 Potions","floor":36.0,"gold_loss":0.0,"damage_taken":0.0},{"damage_healed":0.0,"max_hp_gain":0.0,"max_hp_loss":0.0,"gold_gain":0.0,"event_name":"MindBloom","player_choice":"Fight","floor":39.0,"gold_loss":0.0,"damage_taken":0.0},{"damage_healed":0.0,"max_hp_gain":0.0,"max_hp_loss":0.0,"gold_gain":0.0,"event_name":"SensoryStone","player_choice":"Memory 1","floor":44.0,"gold_loss":0.0,"damage_taken":0.0}],"is_beta":false,"boss_relics":[{"not_picked":["Ectoplasm","Busted Crown"],"picked":"Velvet Choker"},{"not_picked":["Tiny House","Coffee Dripper"],"picked":"Calling Bell"}],"items_purged_floors":[20,38,45],"is_endless":false,"potions_floor_spawned":[1,7,13,19,28,37,39,46,48],"killed_by":"Awakened One","ascension_level":20}