{"gold_per_floor":[109,123,134,134,149,178,178,205,205,205,215,233,233,258,258,258],"floor_reached":16,"playtime":771,"items_purged":[],"score":196,"play_id":"35950bc5-e1f0-4bd5-bfa0-b51b456e08f7","local_time":"20181027181332","is_ascension_mode":true,"campfire_choices":[{"data":"Zap","floor":7.0,"key":"SMITH"},{"data":"Dualcast","floor":10,"key":"SMITH"},{"floor":13,"key":"REST"},{"data":"Go for the Eyes","floor":15,"key":"SMITH"}],"neow_cost":"NONE","seed_source_timestamp":37731142057758,"circlet_count":0,"master_deck":["Strike_B","Strike_B","Strike_B","Strike_B","Defend_B","Defend_B","Defend_B","Defend_B+1","Zap+1","Dualcast+1","AscendersBane","Panacea+1","Sweeping Beam","Static Discharge","Compile Driver","Cold Snap","Compile Driver","Coolheaded","Creative AI+1","Go for the Eyes+1"],"special_seed":0,"relics":["Cracked Core","Singing Bowl","Boot","Frozen Egg 2","War Paint"],"potions_floor_usage":[14],"damage_taken":[{"damage":9.0,"enemies":"Jaw Worm","floor":1.0,"turns":5.0},{"damage":2.0,"enemies":"2 Louse","floor":2.0,"turns":3.0},{"damage":0.0,"enemies":"Small Slimes","floor":3.0,"turns":2.0},{"damage":2.0,"enemies":"Exordium Wildlife","floor":5.0,"turns":3.0},{"damage":11.0,"enemies":"Lagavulin","floor":6.0,"turns":7.0},{"damage":28.0,"enemies":"Lagavulin Event","floor":8.0,"turns":5.0},{"damage":6,"enemies":"Blue Slaver","floor":11,"turns":3},{"damage":0,"enemies":"Large Slime","floor":12,"turns":4},{"damage":24,"enemies":"3 Sentries","floor":14,"turns":7},{"damage":29,"enemies":"The Guardian","floor":16,"turns":14}],"seed_played":"-747908597706758053","potions_obtained":[{"floor":1.0,"key":"Poison Potion"},{"floor":2.0,"key":"LiquidBronze"},{"floor":8.0,"key":"Regen Potion"}],"is_trial":false,"path_per_floor":["M","M","M","?","M","E","R","?","T","R","M","M","R","E","R"],"character_chosen":"DEFECT","items_purchased":[],"campfire_rested":1,"item_purchase_floors":[],"current_hp_per_floor":[55,53,53,58,56,47,47,19,19,19,13,13,36,27,27,0],"gold":258,"neow_bonus":"RANDOM_COLORLESS","is_prod":false,"is_daily":false,"chose_seed":false,"campfire_upgraded":3,"win_rate":0,"timestamp":1540689212,"path_taken":["M","M","M","?","M","E","R","?","T","R","?","M","R","E","R","BOSS"],"build_version":"2018-10-25v2","purchased_purges":0,"victory":false,"max_hp_per_floor":[71,71,71,76,76,78,78,78,78,78,78,78,78,78,78,78],"card_choices":[{"not_picked":["Tempest","Melter"],"picked":"Sweeping Beam","floor":1.0},{"not_picked":["Skim","Recycle"],"picked":"Static Discharge","floor":2.0},{"not_picked":["BootSequence","Hologram"],"picked":"Compile Driver","floor":3.0},{"not_picked":["Heatsinks","Rebound"],"picked":"Cold Snap","floor":5.0},{"not_picked":["Sweeping Beam","Compile Driver","Reprogram"],"picked":"Singing Bowl","floor":6.0},{"not_picked":["Sweeping Beam","Steam"],"picked":"Compile Driver","floor":8.0},{"not_picked":["Compile Driver","Stack"],"picked":"Coolheaded","floor":11},{"not_picked":["Hologram","Streamline"],"picked":"Creative AI+1","floor":12},{"not_picked":["Gash","Consume"],"picked":"Go for the Eyes","floor":14}],"player_experience":1493697,"relics_obtained":[{"floor":6.0,"key":"Singing Bowl"},{"floor":8.0,"key":"Boot"},{"floor":9.0,"key":"Frozen Egg 2"},{"floor":14,"key":"War Paint"}],"event_choices":[{"damage_healed":0.0,"max_hp_gain":5.0,"max_hp_loss":0.0,"gold_gain":0.0,"event_name":"Big Fish","player_choice":"Donut","floor":4.0,"gold_loss":0.0,"damage_taken":0.0},{"damage_healed":0.0,"max_hp_gain":0.0,"max_hp_loss":0.0,"gold_gain":30.0,"event_name":"Dead Adventurer","player_choice":"Searched \u00273\u0027 times","floor":8.0,"gold_loss":0.0,"damage_taken":0.0}],"is_beta":false,"boss_relics":[],"items_purged_floors":[],"is_endless":false,"potions_floor_spawned":[1,2,8,12],"killed_by":"The Guardian","ascension_level":15}