{"gold_per_floor":[115,115,134,153,169,169,186,186,186,213,213,213,226,151,151,223,223,199,199,124,24,42,42,71,71,71,171,171,202,202,218,218,292,292,310,329,204,222,239,271,281,281,281,312,338,372,417,429,429,446,533,533,533,533,533,9,37,37],"floor_reached":59,"playtime":4423,"items_purged":["Strike_G","Defend_G","Defend_G","Cloak And Dagger+1"],"score":3464,"play_id":"13e13dfd-f650-4305-b8f7-736655d07714","local_time":"20190418010125","is_ascension_mode":true,"campfire_choices":[{"data":"Well Laid Plans","floor":6.0,"key":"SMITH"},{"data":"Expertise","floor":8.0,"key":"SMITH"},{"data":"Concentrate","floor":11.0,"key":"SMITH"},{"data":"Cloak And Dagger","floor":15.0,"key":"SMITH"},{"data":"ReplayTheSpireMod:Scrap Shanks","floor":23.0,"key":"SMITH"},{"data":"Neutralize","floor":25.0,"key":"SMITH"},{"data":"Backflip","floor":28.0,"key":"SMITH"},{"data":"Survivor","floor":28.0,"key":"SMITH"},{"data":"After Image","floor":30.0,"key":"SMITH"},{"data":"Defend_G","floor":30.0,"key":"SMITH"},{"data":"Acrobatics","floor":32.0,"key":"SMITH"},{"data":"Defend_G","floor":32.0,"key":"SMITH"},{"floor":49.0,"key":"RECALL"},{"data":"Finisher","floor":55.0,"key":"SMITH"}],"neow_cost":"NONE","seed_source_timestamp":22525288024700,"circlet_count":0,"master_deck":["AscendersBane","Defend_G+1","Defend_G+1","Survivor+1","Neutralize+1","ReplayTheSpireMod:Scrap Shanks+1","Expertise+1","Well Laid Plans+1","Concentrate+1","Backflip+1","After Image+1","Acrobatics+1","Finisher+1","Tactician+1","Reflex+1"],"special_seed":0,"relics":["Ring of the Snake","NeowsBlessing","Basket Of Snakes","Orichalcum","Empty Cage","Torii","Ancient Tea Set","Arrowhead","Replay:Ringing Soul","Ornamental Fan","Coffee Dripper","ReplayTheSpireMod:TigerMarble","War Paint","Juzu Bracelet","ReplayTheSpireMod:Bottled Flurry","Calipers","Pocketwatch","Replay:Rubber Ducky"],"potions_floor_usage":[58,58],"damage_taken":[{"damage":0.0,"enemies":"Jaw Worm","floor":1.0,"turns":1.0},{"damage":0.0,"enemies":"Cultist","floor":3.0,"turns":1.0},{"damage":0.0,"enemies":"Small Slimes","floor":4.0,"turns":2.0},{"damage":0.0,"enemies":"2 Fungi Beasts","floor":5.0,"turns":5.0},{"damage":7.0,"enemies":"Exordium Wildlife","floor":7.0,"turns":8.0},{"damage":1.0,"enemies":"Gremlin Gang","floor":13.0,"turns":5.0},{"damage":6.0,"enemies":"Hexaghost","floor":16.0,"turns":11.0},{"damage":0.0,"enemies":"2 Thieves","floor":18.0,"turns":4.0},{"damage":0.0,"enemies":"Chosen","floor":22.0,"turns":4.0},{"damage":0.0,"enemies":"Gremlin Leader","floor":24.0,"turns":4.0},{"damage":0.0,"enemies":"Colosseum Slavers","floor":27.0,"turns":4.0},{"damage":0.0,"enemies":"Colosseum Nobs","floor":27.0,"turns":5.0},{"damage":0.0,"enemies":"Book of Stabbing","floor":29.0,"turns":3.0},{"damage":0.0,"enemies":"Snecko","floor":31.0,"turns":3.0},{"damage":0.0,"enemies":"Automaton","floor":33.0,"turns":1.0},{"damage":0.0,"enemies":"3 Darklings","floor":35.0,"turns":2.0},{"damage":1.0,"enemies":"3 Shapes","floor":36.0,"turns":2.0},{"damage":0.0,"enemies":"Transient","floor":38.0,"turns":6.0},{"damage":0.0,"enemies":"Spire Growth","floor":39.0,"turns":2.0},{"damage":0.0,"enemies":"Giant Head","floor":40.0,"turns":2.0},{"damage":0.0,"enemies":"Maw","floor":41.0,"turns":2.0},{"damage":0.0,"enemies":"R_Hoarder","floor":44.0,"turns":6.0},{"damage":0.0,"enemies":"Reptomancer","floor":46.0,"turns":2.0},{"damage":0.0,"enemies":"2 Orb Walkers","floor":47.0,"turns":4.0},{"damage":0.0,"enemies":"Transient","floor":48.0,"turns":6.0},{"damage":0.0,"enemies":"Writhing Mass","floor":50.0,"turns":2.0},{"damage":0.0,"enemies":"Time Eater","floor":52.0,"turns":10.0},{"damage":0.0,"enemies":"Awakened One","floor":53.0,"turns":2.0},{"damage":1.0,"enemies":"Shield and Spear","floor":57.0,"turns":2.0},{"damage":34,"enemies":"The Heart","floor":58,"turns":6}],"seed_played":"2130231193037609811","potions_obtained":[{"floor":1.0,"key":"Swift Potion"},{"floor":3.0,"key":"PowerPotion"},{"floor":18.0,"key":"Dexterity Potion"},{"floor":24.0,"key":"PowerPotion"},{"floor":29.0,"key":"SkillPotion"},{"floor":33.0,"key":"LiquidBronze"},{"floor":38.0,"key":"LifebloodPotion"},{"floor":44.0,"key":"Adrenaline Potion"}],"is_trial":false,"path_per_floor":["M","?","M","M","M","R","M","R","T","T","R","T","M","$","R","B",null,"M","?","?","$","M","R","E","R","T","?","R","E","R","M","R","B",null,"M","M","$","M","M","E","M","PTL","PTL","E","T","E","?","M","R","M","R","B","B",null,"R","$","E","B",null],"character_chosen":"THE_SILENT","items_purchased":["Strength Potion","Pocketwatch"],"campfire_rested":0,"item_purchase_floors":[56,56],"current_hp_per_floor":[59,59,59,59,59,59,52,52,52,52,52,52,51,51,51,45,61,61,61,61,61,61,61,61,61,61,61,61,61,61,64,64,64,68,68,67,67,67,70,70,70,70,70,73,73,73,73,73,73,76,76,76,76,78,78,78,77,43],"gold":37,"neow_bonus":"THREE_ENEMY_KILL","is_prod":false,"is_daily":false,"chose_seed":false,"campfire_upgraded":13,"win_rate":0,"timestamp":1555520485,"path_taken":["M","?","M","?","?","R","?","R","T","?","R","?","?","$","R","BOSS","M","?","?","$","M","R","E","R","T","?","R","E","R","?","R","BOSS","M","M","$","M","M","E","?","PTL","PTL","E","T","E","?","M","R","M","R","BOSS","BOSS","R","$","E","BOSS"],"build_version":"2019-01-23","purchased_purges":4,"victory":true,"max_hp_per_floor":[66,66,66,66,66,66,66,66,66,66,66,66,66,66,66,66,66,66,66,66,66,66,66,66,66,66,66,66,66,66,69,69,69,69,69,69,69,69,72,72,72,72,72,75,75,75,75,75,75,78,78,78,78,78,78,78,78,78],"card_choices":[{"not_picked":["Choke","Prepared"],"picked":"ReplayTheSpireMod:Scrap Shanks","floor":1.0},{"not_picked":["Quick Slash","Dodge and Roll"],"picked":"Expertise","floor":3.0},{"not_picked":["Sucker Punch","Backflip"],"picked":"Cloak And Dagger","floor":4.0},{"not_picked":["Distraction","Draining Mist"],"picked":"Well Laid Plans","floor":5.0},{"not_picked":["Riddle With Holes","Acrobatics"],"picked":"Concentrate","floor":7.0},{"not_picked":["Expertise","Burst"],"picked":"Backflip","floor":13.0},{"not_picked":["ReplayTheSpireMod:Necrosis","Burst"],"picked":"After Image","floor":16.0},{"not_picked":["Cloak And Dagger","Bane","Sucker Punch"],"picked":"SKIP","floor":18.0},{"not_picked":["Blade Dance","Infinite Blades","Riddle With Holes"],"picked":"SKIP","floor":22.0},{"not_picked":["Endless Agony+1","Dagger Throw","Deadly Poison+1"],"picked":"SKIP","floor":24.0},{"not_picked":["Masterful Stab","Crippling Poison+1","Setup"],"picked":"SKIP","floor":29.0},{"not_picked":["ReplayTheSpireMod:Shiv Toss+1","Expertise"],"picked":"Acrobatics","floor":31.0},{"not_picked":["ReplayTheSpireMod:Speed Training","Flechettes","Distraction+1"],"picked":"SKIP","floor":35.0},{"not_picked":["Poisoned Stab","Outmaneuver+1","Deflect+1"],"picked":"SKIP","floor":36.0},{"not_picked":["Sucker Punch","Deadly Poison","Leg Sweep+1"],"picked":"SKIP","floor":38.0},{"not_picked":["Bane","Hidden Blade+1"],"picked":"Finisher","floor":39.0},{"not_picked":["Dagger Throw","Underhanded Strike","Cloak And Dagger"],"picked":"SKIP","floor":40.0},{"not_picked":["Deadly Poison","ReplayTheSpireMod:Shiv Toss","Backflip+1"],"picked":"SKIP","floor":41.0},{"not_picked":["Draining Mist","Poison Darts"],"picked":"Tactician+1","floor":44.0},{"not_picked":["PiercingWail","Dagger Spray","Underhanded Strike"],"picked":"SKIP","floor":46.0},{"not_picked":["Prepared","Sucker Punch+1","Acrobatics"],"picked":"SKIP","floor":48.0},{"not_picked":["Flying Knee","Noxious Fumes+1"],"picked":"Reflex+1","floor":50.0},{"not_picked":["ReplayTheSpireMod:The Works+1","Quick Slash","Well Laid Plans"],"picked":"SKIP","floor":57.0}],"player_experience":3005661,"relics_obtained":[{"floor":9.0,"key":"Basket Of Snakes"},{"floor":10.0,"key":"Orichalcum"},{"floor":24.0,"key":"Torii"},{"floor":26.0,"key":"Ancient Tea Set"},{"floor":27.0,"key":"Arrowhead"},{"floor":27.0,"key":"Replay:Ringing Soul"},{"floor":29.0,"key":"Ornamental Fan"},{"floor":40.0,"key":"ReplayTheSpireMod:TigerMarble"},{"floor":44.0,"key":"War Paint"},{"floor":45.0,"key":"Juzu Bracelet"},{"floor":46.0,"key":"ReplayTheSpireMod:Bottled Flurry"},{"floor":47.0,"key":"Calipers"},{"floor":57.0,"key":"Replay:Rubber Ducky"}],"event_choices":[{"cards_removed":["Strike_G"],"damage_healed":0.0,"max_hp_gain":0.0,"max_hp_loss":0.0,"gold_gain":0.0,"event_name":"Bonfire Elementals","player_choice":"Offered Basic","floor":2.0,"gold_loss":0.0,"damage_taken":0.0},{"cards_removed":["Defend_G"],"damage_healed":0.0,"max_hp_gain":0.0,"max_hp_loss":0.0,"gold_gain":0.0,"event_name":"Back to Basics","player_choice":"Elegance","floor":19.0,"gold_loss":0.0,"damage_taken":0.0},{"cards_removed":["Strike_G"],"damage_healed":0.0,"max_hp_gain":0.0,"max_hp_loss":0.0,"gold_gain":0.0,"event_name":"Beggar","player_choice":"Gave Gold","floor":20.0,"gold_loss":75.0,"damage_taken":0.0},{"damage_healed":0.0,"max_hp_gain":0.0,"max_hp_loss":0.0,"gold_gain":0.0,"event_name":"Colosseum","player_choice":"Fight","floor":27.0,"gold_loss":0.0,"damage_taken":0.0},{"damage_healed":0.0,"max_hp_gain":0.0,"max_hp_loss":0.0,"gold_gain":0.0,"event_name":"Colosseum","player_choice":"Fought Nobs","floor":27.0,"gold_loss":0.0,"damage_taken":0.0},{"damage_healed":0.0,"max_hp_gain":0.0,"max_hp_loss":0.0,"gold_gain":0.0,"event_name":"Mysterious Sphere","player_choice":"Fight","floor":47.0,"gold_loss":0.0,"damage_taken":0.0}],"is_beta":false,"boss_relics":[{"not_picked":["Snecko Heart","Ring of the Serpent"],"picked":"Empty Cage"},{"not_picked":["Snecko Scales","White Beast Statue"],"picked":"Coffee Dripper"}],"items_purged_floors":[14,21,37,56],"is_endless":false,"potions_floor_spawned":[1,3,5,7,18,24,27,29,33,38,44,46,50],"ascension_level":20}