{"gold_per_floor":[209,359,30,30,46,46,72,72,72,90,33,33,45,64,64,138,138,154,69,81,81,81],"floor_reached":22,"playtime":742,"items_purged":[],"score":368,"play_id":"ef48280e-76e3-4b3b-a75f-f2aad0467835","local_time":"20190330165401","is_ascension_mode":true,"campfire_choices":[{"data":"Perfected Strike","floor":6.0,"key":"SMITH"},{"data":"Bash","floor":8.0,"key":"SMITH"},{"floor":12.0,"key":"RECALL"},{"data":"Wild Strike","floor":15.0,"key":"SMITH"}],"neow_cost":"NONE","seed_source_timestamp":5510262016900,"circlet_count":0,"master_deck":["AscendersBane","Bash+1","Perfected Strike+1","Feel No Pain","Wild Strike+1","Inflame","Offering","Thunderclap","Ghostly Armor","Body Slam","Armaments","Clash","Searing Blow","Burning Pact","Juggernaut","Seeing Red","Evolve","Ghostly","Ghostly","Ghostly"],"special_seed":0,"relics":["Burning Blood","Peace Pipe","Blood Vial","Pandora\u0027s Box","Ornamental Fan"],"potions_floor_usage":[],"damage_taken":[{"damage":9.0,"enemies":"Jaw Worm","floor":1.0,"turns":5.0},{"damage":1.0,"enemies":"Cultist","floor":5.0,"turns":3.0},{"damage":54.0,"enemies":"Lagavulin","floor":7.0,"turns":8.0},{"damage":0.0,"enemies":"2 Louse","floor":10.0,"turns":2.0},{"damage":13.0,"enemies":"Exordium Wildlife","floor":13.0,"turns":5.0},{"damage":9.0,"enemies":"2 Fungi Beasts","floor":14.0,"turns":2.0},{"damage":13.0,"enemies":"Slime Boss","floor":16.0,"turns":6.0},{"damage":30.0,"enemies":"Shell Parasite","floor":18.0,"turns":4.0},{"damage":38.0,"enemies":"2 Thieves","floor":20.0,"turns":4.0},{"damage":15,"enemies":"Shelled Parasite and Fungi","floor":22,"turns":4}],"seed_played":"4514198478789783027","potions_obtained":[{"floor":10.0,"key":"PowerPotion"},{"floor":20.0,"key":"SteroidPotion"}],"is_trial":false,"path_per_floor":["M","?","$","?","M","R","E","R","T","M","$","R","M","M","R","B",null,"M","?","M","?","M"],"character_chosen":"IRONCLAD","items_purchased":["Peace Pipe","FearPotion"],"campfire_rested":0,"item_purchase_floors":[3,11],"current_hp_per_floor":[65,65,65,65,70,70,22,22,22,30,30,30,25,24,24,19,61,39,39,9,9,0],"gold":81,"neow_bonus":"HUNDRED_GOLD","is_prod":false,"is_daily":false,"chose_seed":false,"campfire_upgraded":3,"win_rate":0,"timestamp":1553936041,"path_taken":["M","?","$","?","M","R","E","R","T","?","$","R","M","M","R","BOSS","M","?","M","?","M"],"build_version":"2019-01-23","purchased_purges":0,"victory":false,"max_hp_per_floor":[75,75,75,75,75,75,75,75,75,75,75,75,75,75,75,75,75,75,75,75,37,37],"card_choices":[{"not_picked":["Iron Wave","Headbutt"],"picked":"Perfected Strike","floor":1.0},{"not_picked":["Twin Strike","Bloodletting"],"picked":"Feel No Pain","floor":5.0},{"not_picked":["Uppercut","Warcry","Pummel"],"picked":"SKIP","floor":7.0},{"not_picked":["Clash","Cleave","Body Slam"],"picked":"SKIP","floor":10.0},{"not_picked":["Disarm","Flex"],"picked":"Wild Strike","floor":13.0},{"not_picked":["True Grit","Clash"],"picked":"Inflame","floor":14.0},{"not_picked":["Feed","Dark Embrace"],"picked":"Offering","floor":16.0},{"not_picked":["Wild Strike+1","Perfected Strike"],"picked":"Evolve","floor":18.0},{"not_picked":["Rupture+1","Perfected Strike","Headbutt"],"picked":"SKIP","floor":20.0}],"player_experience":2895745,"relics_obtained":[{"floor":7.0,"key":"Blood Vial"}],"event_choices":[{"damage_healed":0.0,"max_hp_gain":0.0,"max_hp_loss":0.0,"gold_gain":150.0,"event_name":"Liars Game","player_choice":"AGREE","floor":2.0,"gold_loss":0.0,"damage_taken":0.0,"cards_obtained":["Doubt"]},{"cards_removed":["Doubt"],"damage_healed":0.0,"max_hp_gain":0.0,"max_hp_loss":0.0,"gold_gain":0.0,"event_name":"Purifier","player_choice":"Purged","floor":4.0,"gold_loss":0.0,"damage_taken":0.0},{"damage_healed":0.0,"max_hp_gain":0.0,"max_hp_loss":0.0,"gold_gain":0.0,"event_name":"Addict","player_choice":"Obtained Relic","floor":19.0,"gold_loss":85.0,"damage_taken":0.0,"relics_obtained":["Ornamental Fan"]},{"damage_healed":0.0,"max_hp_gain":0.0,"max_hp_loss":38.0,"gold_gain":0.0,"event_name":"Ghosts","player_choice":"Became a Ghost","floor":21.0,"gold_loss":0.0,"damage_taken":0.0,"cards_obtained":["Ghostly","Ghostly","Ghostly"]}],"is_beta":false,"boss_relics":[{"not_picked":["Fusion Hammer","Velvet Choker"],"picked":"Pandora\u0027s Box"}],"items_purged_floors":[],"is_endless":false,"potions_floor_spawned":[10,13,14,20],"killed_by":"Shelled Parasite and Fungi","ascension_level":20}