{"gold_per_floor":[109,109,126,145,145,145,175,225,248,313,259,274,99,128,128,205,205,221,239,339,19,19,19,47,47,47,47,59,94,94,113,113,189,189,208,223,223,277,288,178,178,209,233,233,251,251,251,10,10,10],"floor_reached":51,"playtime":2622,"items_purged":["Strike_R","Strike_R"],"score":1307,"play_id":"269ee922-9978-41f1-8505-15f8606a1e01","local_time":"20190205131014","is_ascension_mode":true,"campfire_choices":[{"data":"Iron Wave","floor":6.0,"key":"SMITH"},{"floor":15.0,"key":"REST"},{"data":"Armaments","floor":23.0,"key":"SMITH"},{"floor":25.0,"key":"REST"},{"data":"Inflame","floor":27.0,"key":"SMITH"},{"data":"Havoc","floor":32.0,"key":"SMITH"},{"data":"Feel No Pain","floor":41,"key":"SMITH"},{"data":"True Grit","floor":44,"key":"SMITH"},{"data":"Rage","floor":46,"key":"SMITH"},{"data":"Anger","floor":49,"key":"SMITH"}],"neow_cost":"NONE","seed_source_timestamp":18726343114979,"circlet_count":0,"master_deck":["AscendersBane","Strike_R","Strike_R","Defend_R","Defend_R","Defend_R","Defend_R","Bash+1","Offering","Headbutt","Iron Wave+1","Anger+1","Disarm","Feel No Pain+1","Armaments+1","Reaper+1","Feed","Intimidate","True Grit+1","Dropkick","Good Instincts","Rage+1","Flex+1","Havoc+1","Heavy Blade+1","Rage+1","Fiend Fire","Warcry+1","Flame Barrier","Thunderclap","Battle Trance+1","Spot Weakness+1","Warcry+1"],"special_seed":0,"relics":["Burning Blood","Juzu Bracelet","Bag of Marbles","Tiny Chest","Ancient Tea Set","Runic Pyramid","Champion Belt","Sundial","Ornamental Fan","Self Forming Clay","Bottled Lightning","Omamori","Philosopher\u0027s Stone","Torii","Bag of Preparation","Potion Belt","Medical Kit"],"potions_floor_usage":[50,50,50],"damage_taken":[{"damage":9.0,"enemies":"2 Louse","floor":1.0,"turns":2.0},{"damage":14.0,"enemies":"Small Slimes","floor":3.0,"turns":5.0},{"damage":7.0,"enemies":"Cultist","floor":4.0,"turns":3.0},{"damage":32.0,"enemies":"3 Sentries","floor":7.0,"turns":8.0},{"damage":16.0,"enemies":"Lagavulin","floor":10.0,"turns":5.0},{"damage":7.0,"enemies":"3 Louse","floor":12.0,"turns":5.0},{"damage":15.0,"enemies":"3 Sentries","floor":14.0,"turns":7.0},{"damage":26.0,"enemies":"The Guardian","floor":16.0,"turns":13.0},{"damage":6.0,"enemies":"Chosen","floor":18.0,"turns":4.0},{"damage":9.0,"enemies":"Shell Parasite","floor":19.0,"turns":6.0},{"damage":28.0,"enemies":"Colosseum Slavers","floor":20.0,"turns":6.0},{"damage":40.0,"enemies":"Colosseum Nobs","floor":20.0,"turns":8.0},{"damage":52.0,"enemies":"Gremlin Leader","floor":24.0,"turns":12.0},{"damage":6.0,"enemies":"Centurion and Healer","floor":28.0,"turns":6.0},{"damage":12.0,"enemies":"Slavers","floor":29.0,"turns":7.0},{"damage":8.0,"enemies":"Snecko","floor":31.0,"turns":4.0},{"damage":45.0,"enemies":"Collector","floor":33.0,"turns":12.0},{"damage":6.0,"enemies":"3 Shapes","floor":35.0,"turns":3.0},{"damage":6.0,"enemies":"Orb Walker","floor":36.0,"turns":3.0},{"damage":45.0,"enemies":"2 Orb Walkers","floor":38.0,"turns":7.0},{"damage":27,"enemies":"Transient","floor":39,"turns":5},{"damage":18,"enemies":"Reptomancer","floor":42,"turns":7},{"damage":14,"enemies":"4 Shapes","floor":45,"turns":4},{"damage":14,"enemies":"Donu and Deca","floor":50,"turns":6}],"seed_played":"6971135043418139848","potions_obtained":[{"floor":3.0,"key":"Weak Potion"},{"floor":4.0,"key":"Swift Potion"},{"floor":10.0,"key":"Fire Potion"},{"floor":16.0,"key":"Energy Potion"},{"floor":18.0,"key":"LiquidBronze"},{"floor":24.0,"key":"Dexterity Potion"},{"floor":31.0,"key":"FearPotion"},{"floor":35.0,"key":"Ancient Potion"},{"floor":45,"key":"SteroidPotion"}],"is_trial":false,"path_per_floor":["M","?","M","M","?","R","E","?","T","E","?","M","$","E","R","B",null,"M","M","?","$","T","R","E","R","T","R","M","E","?","M","R","B",null,"M","M","?","?","M","?","R","E","T","R","M","R","?","$","R","B",null],"character_chosen":"IRONCLAD","items_purchased":["Inflame","Armaments","Good Instincts","Rage","AttackPotion","PowerPotion","Medical Kit"],"campfire_rested":2,"item_purchase_floors":[13,13,21,21,21,48,48],"current_hp_per_floor":[65,65,57,56,56,56,30,30,30,20,20,19,19,10,32,19,61,65,66,39,39,39,39,11,37,37,37,50,78,78,76,76,58,86,86,86,86,67,56,56,56,64,64,64,99,99,99,99,99,102],"gold":10,"neow_bonus":"ONE_RANDOM_RARE_CARD","is_prod":false,"is_daily":false,"chose_seed":false,"campfire_upgraded":8,"win_rate":0,"timestamp":1549401014,"path_taken":["M","?","M","M","?","R","E","?","T","E","?","M","$","E","R","BOSS","M","M","?","$","?","R","E","R","T","R","M","E","?","M","R","BOSS","M","M","?","?","M","?","R","E","T","R","M","R","?","$","R","BOSS"],"build_version":"2019-01-23","purchased_purges":2,"victory":true,"max_hp_per_floor":[75,75,75,75,75,75,75,75,75,75,75,75,75,75,75,75,75,79,82,88,88,88,88,88,88,88,88,91,95,95,95,95,95,95,95,95,95,98,98,98,98,98,98,98,101,101,101,101,101,104],"card_choices":[{"not_picked":["Body Slam","Reckless Charge"],"picked":"Headbutt","floor":1.0},{"not_picked":["Evolve","Wild Strike","Headbutt"],"picked":"SKIP","floor":3.0},{"not_picked":["Headbutt","Warcry"],"picked":"Iron Wave","floor":4.0},{"not_picked":["Cleave","Headbutt"],"picked":"Anger","floor":7.0},{"not_picked":["Body Slam","Intimidate"],"picked":"Disarm","floor":10.0},{"not_picked":["Perfected Strike","Twin Strike"],"picked":"Feel No Pain","floor":12.0},{"not_picked":["Anger","Sever Soul"],"picked":"Reaper","floor":14.0},{"not_picked":["Bludgeon","Dark Embrace"],"picked":"Feed","floor":16.0},{"not_picked":["Reckless Charge","Armaments"],"picked":"Intimidate","floor":18.0},{"not_picked":["Pommel Strike","Reckless Charge"],"picked":"True Grit","floor":19.0},{"not_picked":["Evolve","Armaments"],"picked":"Dropkick","floor":20.0},{"not_picked":["Warcry","Sentinel"],"picked":"Flex+1","floor":24.0},{"not_picked":["Disarm","Second Wind"],"picked":"Havoc","floor":28.0},{"not_picked":["Barricade","Reckless Charge"],"picked":"Heavy Blade+1","floor":29.0},{"not_picked":["Burning Pact","Warcry"],"picked":"Rage+1","floor":31.0},{"not_picked":["Demon Form","Berserk"],"picked":"Fiend Fire","floor":33.0},{"not_picked":["Clash","Thunderclap"],"picked":"Warcry+1","floor":35.0},{"not_picked":["Havoc","Shrug It Off"],"picked":"Flame Barrier","floor":36.0},{"not_picked":["Seeing Red","Blood for Blood"],"picked":"Thunderclap","floor":38.0},{"not_picked":["Twin Strike","Metallicize"],"picked":"Battle Trance+1","floor":39},{"not_picked":["Intimidate","Perfected Strike"],"picked":"Spot Weakness+1","floor":42},{"not_picked":["Havoc+1","Reckless Charge+1"],"picked":"Warcry+1","floor":45}],"player_experience":2159047,"relics_obtained":[{"floor":7.0,"key":"Juzu Bracelet"},{"floor":9.0,"key":"Bag of Marbles"},{"floor":10.0,"key":"Tiny Chest"},{"floor":14.0,"key":"Ancient Tea Set"},{"floor":20.0,"key":"Champion Belt"},{"floor":20.0,"key":"Sundial"},{"floor":22.0,"key":"Ornamental Fan"},{"floor":24.0,"key":"Self Forming Clay"},{"floor":26.0,"key":"Bottled Lightning"},{"floor":29.0,"key":"Omamori"},{"floor":38.0,"key":"Torii"},{"floor":42,"key":"Bag of Preparation"},{"floor":43,"key":"Potion Belt"}],"event_choices":[{"damage_healed":0.0,"max_hp_gain":0.0,"max_hp_loss":0.0,"gold_gain":0.0,"event_name":"Living Wall","player_choice":"Grow","floor":2.0,"gold_loss":0.0,"damage_taken":0.0,"cards_upgraded":["Bash"]},{"damage_healed":0.0,"max_hp_gain":0.0,"max_hp_loss":0.0,"gold_gain":0.0,"event_name":"Liars Game","player_choice":"Ignored","floor":5.0,"gold_loss":0.0,"damage_taken":0.0},{"damage_healed":0.0,"max_hp_gain":0.0,"max_hp_loss":0.0,"gold_gain":50.0,"event_name":"Golden Shrine","player_choice":"Pray","floor":8.0,"gold_loss":0.0,"damage_taken":0.0},{"damage_healed":0.0,"max_hp_gain":0.0,"max_hp_loss":0.0,"gold_gain":0.0,"event_name":"World of Goop","player_choice":"Left Gold","floor":11.0,"gold_loss":54.0,"damage_taken":0.0},{"damage_healed":0.0,"max_hp_gain":0.0,"max_hp_loss":0.0,"gold_gain":0.0,"event_name":"Colosseum","player_choice":"Fight","floor":20.0,"gold_loss":0.0,"damage_taken":0.0},{"damage_healed":0.0,"max_hp_gain":0.0,"max_hp_loss":0.0,"gold_gain":0.0,"event_name":"Colosseum","player_choice":"Fought Nobs","floor":20.0,"gold_loss":0.0,"damage_taken":0.0},{"damage_healed":0.0,"max_hp_gain":0.0,"max_hp_loss":0.0,"gold_gain":0.0,"event_name":"Forgotten Altar","player_choice":"Smashed Altar","floor":30.0,"gold_loss":0.0,"damage_taken":0.0,"cards_obtained":["Decay"]},{"damage_healed":0.0,"max_hp_gain":0.0,"max_hp_loss":0.0,"gold_gain":0.0,"event_name":"Tomb of Lord Red Mask","player_choice":"Ignored","floor":37.0,"gold_loss":0.0,"damage_taken":0.0},{"damage_healed":0.0,"max_hp_gain":0.0,"max_hp_loss":0.0,"gold_gain":0.0,"event_name":"Mysterious Sphere","player_choice":"Fight","floor":38.0,"gold_loss":0.0,"damage_taken":0.0},{"cards_removed":["Strike_R"],"damage_healed":0,"gold_gain":0,"player_choice":"Upgrade and Remove","damage_taken":0,"max_hp_gain":0,"max_hp_loss":0,"event_name":"Designer","floor":40,"gold_loss":110,"cards_upgraded":["Reaper"]},{"cards_removed":["Inflame"],"damage_healed":0,"gold_gain":0,"player_choice":"Removed Power","damage_taken":0,"max_hp_gain":0,"max_hp_loss":0,"event_name":"Falling","floor":47,"gold_loss":0}],"is_beta":false,"boss_relics":[{"not_picked":["Empty Cage","Tiny House"],"picked":"Runic Pyramid"},{"not_picked":["Black Star","Orrery"],"picked":"Philosopher\u0027s Stone"}],"items_purged_floors":[13,21],"is_endless":false,"potions_floor_spawned":[3,4,10,16,18,24,31,35,42,45],"ascension_level":15}