{"gold_per_floor":[109,127,52,69,82,82,92,92,92,92,122,122,141,41,41,118,118,128,140,15,31,31,31,41,56,56,91,91,126,126,160,172,184],"floor_reached":33,"playtime":1422,"items_purged":["Strike_R","Strike_R","Strike_R"],"score":598,"play_id":"727f8891-ea1d-4524-9d3f-4d8227b67f55","local_time":"20181109013705","is_ascension_mode":true,"campfire_choices":[{"data":"Searing Blow","floor":6,"key":"SMITH"},{"data":"Searing Blow+1","floor":8,"key":"SMITH"},{"data":"Searing Blow+2","floor":10,"key":"SMITH"},{"data":"Searing Blow+3","floor":12,"key":"SMITH"},{"data":"Searing Blow+4","floor":15,"key":"SMITH"},{"data":"Searing Blow+5","floor":23,"key":"SMITH"},{"data":"Searing Blow+6","floor":28,"key":"SMITH"},{"data":"Searing Blow+7","floor":30,"key":"SMITH"},{"data":"Searing Blow+8","floor":32,"key":"SMITH"}],"neow_cost":"NONE","seed_source_timestamp":271739862175393,"circlet_count":0,"master_deck":["AscendersBane","Strike_R","Strike_R","Defend_R","Defend_R","Defend_R","Defend_R","Bash","Sword Boomerang","Searing Blow+9","Dual Wield","Corruption","Metallicize","Headbutt","Dark Embrace","Warcry","Armaments","Inflame","Shrug It Off+1","Shockwave+1","Intimidate+1","Headbutt"],"relics":["Burning Blood","Anchor","Prayer Wheel","Bottled Flame","Velvet Choker","Bottled Lightning","Dead Branch","Letter Opener","MawBank"],"potions_floor_usage":[11,16,18,33,33],"damage_taken":[{"damage":6,"enemies":"Cultist","floor":1,"turns":3},{"damage":5,"enemies":"2 Louse","floor":2,"turns":2},{"damage":4,"enemies":"Small Slimes","floor":4,"turns":4},{"damage":21,"enemies":"Exordium Thugs","floor":5,"turns":9},{"damage":16,"enemies":"Large Slime","floor":7,"turns":5},{"damage":29,"enemies":"Lagavulin","floor":11,"turns":6},{"damage":0,"enemies":"Looter","floor":13,"turns":2},{"damage":33,"enemies":"Slime Boss","floor":16,"turns":7},{"damage":6,"enemies":"Spheric Guardian","floor":18,"turns":4},{"damage":0,"enemies":"Chosen","floor":19,"turns":3},{"damage":26,"enemies":"Centurion and Healer","floor":21,"turns":5},{"damage":0,"enemies":"Snake Plant","floor":24,"turns":2},{"damage":9,"enemies":"3 Cultists","floor":25,"turns":5},{"damage":8,"enemies":"Slavers","floor":27,"turns":5},{"damage":5,"enemies":"Gremlin Leader","floor":29,"turns":5},{"damage":4,"enemies":"Book of Stabbing","floor":31,"turns":4},{"damage":68,"enemies":"Automaton","floor":33,"turns":6}],"seed_played":"3614969062577092432","potions_obtained":[{"floor":2,"key":"SpeedPotion"},{"floor":7,"key":"AttackPotion"},{"floor":11,"key":"Regen Potion"},{"floor":21,"key":"Explosive Potion"},{"floor":22,"key":"Strength Potion"},{"floor":27,"key":"Fire Potion"},{"floor":29,"key":"Weak Potion"}],"is_trial":false,"path_per_floor":["M","M","$","M","M","R","M","R","T","R","E","R","M","$","R","B",null,"M","M","$","M","?","R","M","M","T","E","R","E","R","E","R","B"],"character_chosen":"IRONCLAD","items_purchased":[],"campfire_rested":0,"item_purchase_floors":[],"current_hp_per_floor":[68,69,69,71,56,56,46,46,46,46,23,23,29,29,29,17,61,61,67,67,47,47,47,53,50,50,48,48,49,49,51,51,0],"gold":184,"neow_bonus":"RANDOM_COMMON_RELIC","is_prod":false,"is_daily":false,"chose_seed":false,"campfire_upgraded":9,"win_rate":0,"timestamp":1541723825,"path_taken":["M","M","$","M","M","R","M","R","T","R","E","R","?","$","R","BOSS","M","M","$","M","?","R","M","?","T","E","R","E","R","E","R","BOSS"],"build_version":"2018-11-01","purchased_purges":3,"victory":false,"max_hp_per_floor":[75,75,75,75,75,75,75,75,75,75,75,75,75,75,75,75,75,75,75,75,75,75,75,75,75,75,75,75,75,75,75,75,75],"card_choices":[{"not_picked":["True Grit","Havoc"],"picked":"Sword Boomerang","floor":1},{"not_picked":["Corruption","Burning Pact"],"picked":"Searing Blow","floor":2},{"not_picked":["Rupture","Sword Boomerang"],"picked":"Dual Wield","floor":4},{"not_picked":["Dropkick","Heavy Blade"],"picked":"Corruption","floor":5},{"not_picked":["Rage","Shockwave"],"picked":"Metallicize","floor":7},{"not_picked":["Clothesline","Sword Boomerang","Whirlwind"],"picked":"SKIP","floor":11},{"not_picked":["Dual Wield","Battle Trance"],"picked":"Headbutt","floor":13},{"not_picked":["Combust","Heavy Blade","Wild Strike"],"picked":"SKIP","floor":13},{"not_picked":["Barricade","Demon Form"],"picked":"Dark Embrace","floor":16},{"not_picked":["Perfected Strike","Thunderclap"],"picked":"Warcry","floor":18},{"not_picked":["Body Slam","Burning Pact"],"picked":"Armaments","floor":18},{"not_picked":["Barricade","Sever Soul"],"picked":"Inflame","floor":19},{"not_picked":["Anger","Heavy Blade","Sword Boomerang"],"picked":"SKIP","floor":19},{"not_picked":["Iron Wave","Rupture"],"picked":"Shrug It Off+1","floor":21},{"not_picked":["Heavy Blade","Sword Boomerang","Sentinel"],"picked":"SKIP","floor":21},{"not_picked":["Twin Strike","Shrug It Off"],"picked":"Shockwave+1","floor":24},{"not_picked":["Evolve","Carnage","Flame Barrier"],"picked":"SKIP","floor":24},{"not_picked":["Dropkick","Clothesline"],"picked":"Intimidate+1","floor":25},{"not_picked":["Fire Breathing","Shrug It Off"],"picked":"Headbutt","floor":25},{"not_picked":["Twin Strike+1","Juggernaut","Combust"],"picked":"SKIP","floor":27},{"not_picked":["Anger","Sentinel","Cleave"],"picked":"SKIP","floor":29},{"not_picked":["Flex","Wild Strike","Brutality"],"picked":"SKIP","floor":31}],"player_experience":318260,"relics_obtained":[{"floor":9,"key":"Prayer Wheel"},{"floor":11,"key":"Bottled Flame"},{"floor":26,"key":"Bottled Lightning"},{"floor":27,"key":"Dead Branch"},{"floor":29,"key":"Letter Opener"},{"floor":31,"key":"MawBank"}],"event_choices":[{"damage_healed":0,"gold_gain":0,"player_choice":"Got Potions","damage_taken":0,"max_hp_gain":0,"max_hp_loss":0,"event_name":"Lab","floor":22,"gold_loss":0}],"is_beta":false,"boss_relics":[{"not_picked":["Eternal Feather","Runic Dome"],"picked":"Velvet Choker"}],"items_purged_floors":[3,14,20],"is_endless":false,"potions_floor_spawned":[2,7,11,21,27,29],"killed_by":"Automaton","ascension_level":16}