{"gold_per_floor":[116,116,131,21,35,60,60,91,91,108,108,108,118,136,136,207,207,223,203,62,82,94,125,140,140,212,212,223,248,248,275,275,352,352,372,672,183,195,207,233,246,278,278,378,378,397,428,428,428,428],"floor_reached":51,"playtime":2238,"items_purged":["Strike_R","Strike_R","Strike_R"],"score":1627,"play_id":"3b88d03b-fef1-4bce-a2e4-a5c3bb2e7758","local_time":"20190508092024","is_ascension_mode":true,"campfire_choices":[{"data":"Armaments","floor":7,"key":"SMITH"},{"data":"Juggernaut","floor":15,"key":"SMITH"},{"data":"Metallicize","floor":25,"key":"SMITH"},{"data":"Pommel Strike","floor":27,"key":"SMITH"},{"data":"Iron Wave","floor":30,"key":"SMITH"},{"data":"Twin Strike","floor":32,"key":"SMITH"},{"data":"Defend_R","floor":45,"key":"SMITH"},{"data":"Defend_R","floor":49,"key":"SMITH"}],"neow_cost":"NONE","seed_source_timestamp":231663604371776,"circlet_count":0,"master_deck":["AscendersBane","Defend_R+1","Defend_R+1","Defend_R+1","Defend_R+1","Bash+1","Twin Strike+1","Armaments+1","Metallicize+1","Headbutt","Iron Wave+1","Shrug It Off+1","True Grit+1","Corruption","Juggernaut+1","Pommel Strike+1","Impervious+1","Shockwave+1","Battle Trance+1","Spot Weakness+1","True Grit+1","Body Slam+1","Second Wind+1","Exhume+1","Impervious+1","Whirlwind+1","Impervious+1","Shrug It Off+1","Feel No Pain+1","Disarm+1","Heavy Blade+1","Metallicize+1","Offering+1"],"relics":["Burning Blood","Ancient Tea Set","Vajra","Toxic Egg 2","Darkstone Periapt","Snecko Eye","Matryoshka","Centennial Puzzle","Bottled Tornado","Pen Nib","War Paint","Question Card","Black Star","PreservedInsect","Mercury Hourglass","Smiling Mask","Molten Egg 2","Whetstone","Bag of Preparation","StoneCalendar","Bird Faced Urn","Dream Catcher"],"potions_floor_usage":[6,23,31,40,42,50,50],"damage_taken":[{"damage":8,"enemies":"Jaw Worm","floor":1,"turns":4},{"damage":6,"enemies":"Cultist","floor":3,"turns":4},{"damage":11,"enemies":"2 Louse","floor":5,"turns":3},{"damage":5,"enemies":"Gremlin Nob","floor":6,"turns":3},{"damage":12,"enemies":"Lagavulin","floor":8,"turns":7},{"damage":5,"enemies":"Exordium Thugs","floor":10,"turns":4},{"damage":7,"enemies":"2 Fungi Beasts","floor":13,"turns":5},{"damage":6,"enemies":"Red Slaver","floor":14,"turns":4},{"damage":19,"enemies":"The Guardian","floor":16,"turns":11},{"damage":3,"enemies":"Chosen","floor":18,"turns":3},{"damage":5,"enemies":"2 Thieves","floor":21,"turns":3},{"damage":18,"enemies":"Cultist and Chosen","floor":22,"turns":6},{"damage":15,"enemies":"Book of Stabbing","floor":23,"turns":6},{"damage":0,"enemies":"Centurion and Healer","floor":24,"turns":3},{"damage":14,"enemies":"Snake Plant","floor":28,"turns":2},{"damage":3,"enemies":"Gremlin Leader","floor":31,"turns":3},{"damage":3,"enemies":"Automaton","floor":33,"turns":7},{"damage":1,"enemies":"3 Shapes","floor":35,"turns":4},{"damage":2,"enemies":"3 Darklings","floor":38,"turns":2},{"damage":3,"enemies":"Jaw Worm Horde","floor":39,"turns":4},{"damage":0,"enemies":"Reptomancer","floor":40,"turns":6},{"damage":0,"enemies":"Transient","floor":41,"turns":5},{"damage":0,"enemies":"Giant Head","floor":42,"turns":6},{"damage":0,"enemies":"Mind Bloom Boss Battle","floor":44,"turns":4},{"damage":0,"enemies":"Sphere and 2 Shapes","floor":46,"turns":1},{"damage":0,"enemies":"Reptomancer","floor":47,"turns":4},{"damage":6,"enemies":"Time Eater","floor":50,"turns":7}],"seed_played":"7300792055871726080","potions_obtained":[{"floor":3,"key":"AttackPotion"},{"floor":8,"key":"SkillPotion"},{"floor":14,"key":"Fire Potion"},{"floor":23,"key":"SteroidPotion"},{"floor":33,"key":"EssenceOfSteel"},{"floor":40,"key":"SkillPotion"},{"floor":44,"key":"Strength Potion"}],"is_trial":false,"path_per_floor":["M","?","M","$","M","E","R","E","T","M","?","$","M","M","R","B",null,"M","?","$","M","M","E","M","R","T","R","M","T","R","E","R","B",null,"M","?","$","M","M","E","M","E","T","?","R","M","E","?","R","B",null],"character_chosen":"IRONCLAD","items_purchased":["Metallicize","Battle Trance+1","PreservedInsect","Impervious+1","Energy Potion"],"campfire_rested":0,"item_purchase_floors":[4,20,37,37,37],"current_hp_per_floor":[66,66,66,66,61,62,62,56,56,57,57,57,56,56,56,43,67,70,70,70,71,59,50,56,56,56,56,48,48,48,51,51,54,70,75,75,75,75,75,75,75,75,75,75,75,75,75,75,75,75],"gold":428,"neow_bonus":"RANDOM_COMMON_RELIC","is_prod":false,"is_daily":false,"chose_seed":false,"campfire_upgraded":8,"win_rate":0,"timestamp":1557332424,"path_taken":["M","?","M","$","M","E","R","E","T","M","?","$","?","M","R","BOSS","M","?","?","M","M","E","M","R","T","R","M","?","R","E","R","BOSS","M","?","$","M","?","E","M","E","T","?","R","M","E","?","R","BOSS"],"build_version":"2019-01-23","purchased_purges":3,"victory":true,"max_hp_per_floor":[75,75,75,75,75,75,75,75,75,75,75,75,75,75,75,75,75,75,75,75,75,75,75,75,75,75,75,75,75,75,75,75,75,75,75,75,75,75,75,75,75,75,75,75,75,75,75,75,75,75],"card_choices":[{"not_picked":["Rampage","Pummel"],"picked":"Twin Strike","floor":1},{"not_picked":["Dropkick","Body Slam"],"picked":"Armaments","floor":3},{"not_picked":["Sword Boomerang","Dropkick"],"picked":"Headbutt","floor":5},{"not_picked":["Warcry","Dual Wield"],"picked":"Iron Wave","floor":6},{"not_picked":["Anger","Clash"],"picked":"Shrug It Off","floor":8},{"not_picked":["Flex+1","Hemokinesis"],"picked":"True Grit+1","floor":10},{"not_picked":["Intimidate+1","Cleave"],"picked":"Juggernaut","floor":13},{"not_picked":["Headbutt","Warcry+1"],"picked":"Pommel Strike","floor":14},{"not_picked":["Juggernaut","Exhume+1"],"picked":"Impervious+1","floor":16},{"not_picked":["Perfected Strike","Shrug It Off+1"],"picked":"Shockwave+1","floor":18},{"not_picked":["Corruption","Whirlwind"],"picked":"Spot Weakness+1","floor":21},{"not_picked":["Flex+1","Armaments+1"],"picked":"True Grit+1","floor":22},{"not_picked":["Brutality","Flex+1"],"picked":"Body Slam","floor":23},{"not_picked":["Sentinel+1","Infernal Blade+1"],"picked":"Second Wind+1","floor":24},{"not_picked":["Clash","Warcry+1","Armaments+1"],"picked":"SKIP","floor":28},{"not_picked":["Twin Strike","Whirlwind"],"picked":"Exhume+1","floor":31},{"not_picked":["Double Tap+1","Fiend Fire","Juggernaut"],"picked":"Impervious+1","floor":33},{"not_picked":["Armaments+1","Thunderclap","Second Wind+1"],"picked":"Whirlwind+1","floor":35},{"not_picked":["Anger","Armaments+1","Cleave"],"picked":"Shrug It Off+1","floor":38},{"not_picked":["Wild Strike","Twin Strike","Seeing Red+1","True Grit+1"],"picked":"SKIP","floor":39},{"not_picked":["Fiend Fire","Juggernaut","Sword Boomerang"],"picked":"Feel No Pain+1","floor":40},{"not_picked":["Twin Strike","Feel No Pain","Havoc+1"],"picked":"Disarm+1","floor":41},{"not_picked":["Iron Wave","Ghostly Armor+1","Armaments+1"],"picked":"Heavy Blade+1","floor":42},{"not_picked":["Armaments+1","Wild Strike+1","Searing Blow+1"],"picked":"Metallicize+1","floor":44},{"not_picked":["Twin Strike+1","Headbutt+1","Inflame","Wild Strike+1"],"picked":"SKIP","floor":46},{"not_picked":["Thunderclap+1","Intimidate+1","Anger+1","Fire Breathing"],"picked":"SKIP","floor":47}],"player_experience":2590625,"relics_obtained":[{"floor":6,"key":"Vajra"},{"floor":8,"key":"Toxic Egg 2"},{"floor":9,"key":"Darkstone Periapt"},{"floor":23,"key":"Matryoshka"},{"floor":26,"key":"Centennial Puzzle"},{"floor":26,"key":"Bottled Tornado"},{"floor":29,"key":"Pen Nib"},{"floor":29,"key":"War Paint"},{"floor":31,"key":"Question Card"},{"floor":40,"key":"Mercury Hourglass"},{"floor":40,"key":"Smiling Mask"},{"floor":42,"key":"Molten Egg 2"},{"floor":42,"key":"Whetstone"},{"floor":43,"key":"Bag of Preparation"},{"floor":44,"key":"StoneCalendar"},{"floor":47,"key":"Bird Faced Urn"},{"floor":47,"key":"Dream Catcher"}],"event_choices":[{"damage_healed":0,"gold_gain":0,"player_choice":"Grow","damage_taken":0,"max_hp_gain":0,"max_hp_loss":0,"event_name":"Living Wall","floor":2,"gold_loss":0,"cards_upgraded":["Bash"]},{"damage_healed":0,"gold_gain":0,"cards_transformed":["Strike_R"],"player_choice":"Transformed","damage_taken":0,"max_hp_gain":0,"max_hp_loss":0,"event_name":"Transmorgrifier","floor":11,"gold_loss":0,"cards_obtained":["Corruption"]},{"damage_healed":0,"gold_gain":0,"player_choice":"Bought 1 Potion","damage_taken":0,"max_hp_gain":0,"max_hp_loss":0,"event_name":"The Woman in Blue","floor":19,"gold_loss":0},{"damage_healed":0,"gold_gain":300,"player_choice":"Gold","damage_taken":0,"max_hp_gain":0,"max_hp_loss":0,"event_name":"Wheel of Change","floor":36,"gold_loss":0},{"damage_healed":0,"gold_gain":0,"player_choice":"Fight","damage_taken":0,"max_hp_gain":0,"max_hp_loss":0,"event_name":"MindBloom","floor":44,"gold_loss":0},{"damage_healed":0,"gold_gain":0,"cards_transformed":["Strike_R"],"player_choice":"Transformed","damage_taken":0,"max_hp_gain":0,"max_hp_loss":0,"event_name":"Transmorgrifier","floor":48,"gold_loss":0,"cards_obtained":["Offering"]}],"is_beta":false,"boss_relics":[{"not_picked":["Fusion Hammer","Runic Pyramid"],"picked":"Snecko Eye"},{"not_picked":["Calling Bell","Eternal Feather"],"picked":"Black Star"}],"items_purged_floors":[4,20,37],"is_endless":false,"potions_floor_spawned":[3,8,14,21,22,23,33,40,44,46,47],"ascension_level":15}