{"gold_per_floor":[113,129,129,143,153,153,185,185,185,212,287,320,333,348,348,420,420,439,451,483,498,106,131,177,189,226,255,298,336,348,380,392,476,488,510,256,256,272,289,511,786,817,817,434,434,834,864,899,899,899,899],"floor_reached":52,"playtime":1722,"items_purged":["Normality","Redo","Regret"],"score":2851,"play_id":"91ff473e-42b5-4de7-9ff6-51805699cbd5","local_time":"20190418152005","daily_mods":["SealedDeck","Vintage","Diverse","Colorless Cards","Cursed Run"],"is_ascension_mode":true,"campfire_choices":[{"data":"Dual Wield","floor":6.0,"key":"SMITH"},{"data":"True Grit","floor":8.0,"key":"SMITH"},{"data":"Coolheaded","floor":15,"key":"SMITH"},{"floor":25,"key":"DIG"},{"floor":30,"key":"DIG"},{"floor":32,"key":"DIG"},{"floor":45,"key":"DIG"},{"floor":49,"key":"DIG"}],"neow_cost":"","seed_source_timestamp":0,"circlet_count":0,"master_deck":["AscendersBane","Footwork","Thunderclap+1","Go for the Eyes","True Grit+1","Conserve Battery+1","Defragment","Gash+1","Dual Wield+1","Coolheaded+1","Burst+1","Grand Finale","Decay","Master of Strategy+1","Prepared+1","Writhe","Writhe"],"special_seed":0,"relics":["Cursed Key","Darkstone Periapt","Du-Vu Doll","Bag of Preparation","Gambling Chip","Kunai","PreservedInsect","Shovel","Mercury Hourglass","Dream Catcher","War Paint","Black Star","Whetstone","Frozen Egg 2","Red Mask","Bag of Marbles","WingedGreaves","MawBank","Bird Faced Urn","Letter Opener","Bronze Scales","Omamori","Pear","Dead Branch","Toxic Egg 2","Nunchaku","Turnip","Bottled Tornado","Gremlin Horn","Centennial Puzzle","Lizard Tail","Potion Belt","Vajra","Happy Flower","Smiling Mask","Ornamental Fan","Pen Nib","Question Card","Mango","Juzu Bracelet","Old Coin","The Courier","Bottled Lightning","Orichalcum","Unceasing Top","Lantern"],"potions_floor_usage":[16,50,50],"damage_taken":[{"damage":0.0,"enemies":"Small Slimes","floor":1.0,"turns":3.0},{"damage":5.0,"enemies":"2 Louse","floor":2.0,"turns":2.0},{"damage":0.0,"enemies":"Jaw Worm","floor":4.0,"turns":4.0},{"damage":0.0,"enemies":"Looter","floor":5.0,"turns":3.0},{"damage":0.0,"enemies":"Gremlin Nob","floor":7.0,"turns":3.0},{"damage":3,"enemies":"3 Sentries","floor":10,"turns":5},{"damage":0,"enemies":"Gremlin Nob","floor":12,"turns":3},{"damage":0,"enemies":"Exordium Thugs","floor":13,"turns":2},{"damage":0,"enemies":"Blue Slaver","floor":14,"turns":2},{"damage":0,"enemies":"The Guardian","floor":16,"turns":7},{"damage":0,"enemies":"Spheric Guardian","floor":18,"turns":1},{"damage":0,"enemies":"Shell Parasite","floor":19,"turns":1},{"damage":0,"enemies":"Masked Bandits","floor":20,"turns":1},{"damage":0,"enemies":"Sentry and Sphere","floor":21,"turns":1},{"damage":0,"enemies":"Gremlin Leader","floor":23,"turns":1},{"damage":0,"enemies":"Slavers","floor":24,"turns":1},{"damage":0,"enemies":"Cultist and Chosen","floor":27,"turns":1},{"damage":0,"enemies":"Book of Stabbing","floor":28,"turns":1},{"damage":0,"enemies":"Gremlin Leader","floor":29,"turns":1},{"damage":0,"enemies":"3 Cultists","floor":31,"turns":1},{"damage":6,"enemies":"Automaton","floor":33,"turns":4},{"damage":0,"enemies":"Orb Walker","floor":35,"turns":2},{"damage":0,"enemies":"3 Darklings","floor":38,"turns":1},{"damage":0,"enemies":"Sphere and 2 Shapes","floor":39,"turns":1},{"damage":0,"enemies":"Giant Head","floor":42,"turns":1},{"damage":0,"enemies":"Mind Bloom Boss Battle","floor":46,"turns":1},{"damage":0,"enemies":"Reptomancer","floor":47,"turns":1},{"damage":0,"enemies":"Giant Head","floor":48,"turns":1},{"damage":31,"enemies":"Awakened One","floor":50,"turns":7},{"damage":0,"enemies":"Donu and Deca","floor":51,"turns":1}],"seed_played":"-7039005111091810102","potions_obtained":[{"floor":2.0,"key":"PowerPotion"},{"floor":4.0,"key":"Strength Potion"},{"floor":12,"key":"SpeedPotion"},{"floor":16,"key":"Dexterity Potion"},{"floor":33,"key":"Block Potion"},{"floor":35,"key":"PowerPotion"},{"floor":42,"key":"Block Potion"}],"is_trial":true,"path_per_floor":["M","M","?","M","M","R","E","R","T","E","?","E","M","M","R","B",null,"M","M","?","M","$","E","E","R","T","M","E","E","R","M","R","B",null,"M","$","?","M","M","?","?","E","T","$","R","?","E","E","R","B","B",null],"character_chosen":"DEFECT","items_purchased":["WingedGreaves","Vajra","Mango"],"campfire_rested":0,"item_purchase_floors":[22,36,44],"current_hp_per_floor":[64,59,59,59,59,59,59,59,59,56,45,45,45,45,45,51,71,71,71,71,71,71,71,71,71,71,81,81,81,81,81,81,79,85,85,85,83,83,83,83,89,89,95,109,109,109,109,109,109,84,92],"gold":899,"neow_bonus":"","is_prod":false,"is_daily":false,"chose_seed":false,"campfire_upgraded":3,"win_rate":0,"timestamp":1555572005,"path_taken":["M","M","?","M","M","R","E","R","T","E","?","E","M","M","R","BOSS","M","M","?","M","$","E","E","R","T","M","E","E","R","M","R","BOSS","M","$","?","M","M","?","?","E","T","$","R","?","E","E","R","BOSS","BOSS"],"build_version":"2019-01-23","purchased_purges":3,"victory":true,"max_hp_per_floor":[71,71,71,71,71,71,71,71,71,71,71,71,71,71,71,77,77,77,77,77,77,77,77,77,77,77,87,87,87,87,87,87,87,87,87,87,83,83,83,83,89,89,95,109,109,109,109,109,109,115,121],"card_choices":[{"not_picked":["Barrage","Stack","Pommel Strike"],"picked":"SKIP","floor":7.0},{"not_picked":["Headbutt","Concentrate","Wild Strike"],"picked":"SKIP","floor":10},{"not_picked":["Blade Dance","Stack"],"picked":"Burst","floor":12},{"not_picked":["Fission","Seek"],"picked":"Grand Finale","floor":16},{"not_picked":["Heatsinks+1","Defragment+1","Havoc"],"picked":"SKIP","floor":23},{"not_picked":["Feel No Pain+1","Bane","Outmaneuver"],"picked":"SKIP","floor":24},{"not_picked":["Setup","Armaments","Sunder+1"],"picked":"SKIP","floor":28},{"not_picked":["Chrysalis+1","Flex+1","Bane"],"picked":"SKIP","floor":29},{"not_picked":["Distraction+1","Hello World+1","Heavy Blade"],"picked":"SKIP","floor":42},{"not_picked":["Quick Slash","Reprogram+1","True Grit+1"],"picked":"Master of Strategy+1","floor":46},{"not_picked":["Clothesline","Turbo+1","Anger","Pummel+1"],"picked":"SKIP","floor":47},{"not_picked":["Twin Strike","Defragment+1","Sword Boomerang"],"picked":"Prepared+1","floor":48}],"player_experience":3012439,"relics_obtained":[{"floor":1.0,"key":"Bag of Preparation"},{"floor":2.0,"key":"Gambling Chip"},{"floor":4.0,"key":"Kunai"},{"floor":5.0,"key":"PreservedInsect"},{"floor":7.0,"key":"Shovel"},{"floor":10,"key":"Mercury Hourglass"},{"floor":12,"key":"Dream Catcher"},{"floor":14,"key":"War Paint"},{"floor":18,"key":"Whetstone"},{"floor":19,"key":"Frozen Egg 2"},{"floor":20,"key":"Red Mask"},{"floor":21,"key":"Bag of Marbles"},{"floor":23,"key":"MawBank"},{"floor":23,"key":"Bird Faced Urn"},{"floor":24,"key":"Letter Opener"},{"floor":24,"key":"Bronze Scales"},{"floor":25,"key":"Omamori"},{"floor":27,"key":"Pear"},{"floor":28,"key":"Dead Branch"},{"floor":28,"key":"Toxic Egg 2"},{"floor":29,"key":"Nunchaku"},{"floor":29,"key":"Turnip"},{"floor":30,"key":"Bottled Tornado"},{"floor":31,"key":"Gremlin Horn"},{"floor":32,"key":"Centennial Puzzle"},{"floor":35,"key":"Potion Belt"},{"floor":38,"key":"Happy Flower"},{"floor":39,"key":"Smiling Mask"},{"floor":42,"key":"Ornamental Fan"},{"floor":42,"key":"Pen Nib"},{"floor":43,"key":"Question Card"},{"floor":45,"key":"Juzu Bracelet"},{"floor":46,"key":"Old Coin"},{"floor":47,"key":"The Courier"},{"floor":47,"key":"Bottled Lightning"},{"floor":48,"key":"Orichalcum"},{"floor":48,"key":"Unceasing Top"},{"floor":49,"key":"Lantern"}],"event_choices":[{"damage_healed":0.0,"max_hp_gain":0.0,"max_hp_loss":0.0,"gold_gain":0.0,"event_name":"Scrap Ooze","player_choice":"Fled","floor":3.0,"gold_loss":0.0,"damage_taken":0.0},{"damage_healed":0,"gold_gain":75,"player_choice":"Gather Gold","damage_taken":11,"max_hp_gain":0,"max_hp_loss":0,"event_name":"World of Goop","floor":11,"gold_loss":0},{"damage_healed":0,"gold_gain":0,"player_choice":"Fought Bandits","damage_taken":0,"max_hp_gain":0,"max_hp_loss":0,"event_name":"Masked Bandits","floor":20,"gold_loss":0},{"damage_healed":0,"gold_gain":0,"player_choice":"Max HP","damage_taken":0,"max_hp_gain":0,"max_hp_loss":4,"event_name":"Winding Halls","floor":37,"gold_loss":0},{"damage_healed":0,"gold_gain":222,"player_choice":"Wore Mask","damage_taken":0,"max_hp_gain":0,"max_hp_loss":0,"event_name":"Tomb of Lord Red Mask","floor":40,"gold_loss":0},{"damage_healed":0,"gold_gain":275,"player_choice":"Desecrate","damage_taken":0,"max_hp_gain":0,"max_hp_loss":0,"event_name":"Golden Shrine","floor":41,"gold_loss":0,"cards_obtained":["Regret"]},{"damage_healed":0,"gold_gain":0,"player_choice":"Fight","damage_taken":0,"max_hp_gain":0,"max_hp_loss":0,"event_name":"MindBloom","floor":46,"gold_loss":0}],"is_beta":false,"boss_relics":[{"not_picked":["Ectoplasm","Empty Cage"],"picked":"Black Star"},{"not_picked":["Inserter","Orrery"],"picked":"Lizard Tail"}],"items_purged_floors":[22,36,44],"is_endless":false,"potions_floor_spawned":[2,4,12,13,16,21,23,31,33,35,42,47],"ascension_level":20}