{"gold_per_floor":[364,374,391,118,196,196,226,226,226,282,299,299,61,77,77,154,154,171,29,47,47,57,57,69,69,69,104,104,136,136],"floor_reached":30,"playtime":1041,"items_purged":["Strike_G"],"score":469,"play_id":"dba49ee0-cb9b-4d79-86da-3c7d2b84c798","local_time":"20190301094500","is_ascension_mode":true,"campfire_choices":[{"data":"Neutralize","floor":6.0,"key":"SMITH"},{"floor":12.0,"key":"REST"},{"data":"Caltrops","floor":15.0,"key":"SMITH"},{"floor":23,"key":"REST"},{"floor":25,"key":"REST"}],"neow_cost":"TEN_PERCENT_HP_LOSS","seed_source_timestamp":5894581586864,"circlet_count":0,"master_deck":["AscendersBane","Defend_G","Defend_G","Defend_G","Defend_G","Defend_G","Strike_G","Strike_G","Strike_G","Strike_G","Survivor","Neutralize+1","All Out Attack","Dagger Throw","Poisoned Stab","Caltrops+1","Skewer+1","A Thousand Cuts","Dagger Spray+1","PiercingWail","Dodge and Roll","Die Die Die+1","Deflect","Leg Sweep","Cloak And Dagger","Poisoned Stab+1","Cloak And Dagger","Infinite Blades","Infinite Blades","Backstab+1"],"special_seed":0,"relics":["Ring of the Snake","PreservedInsect","Molten Egg 2","Gremlin Horn","Dream Catcher","Strawberry","Shuriken","Sozu","FaceOfCleric","Tough Bandages","Omamori","Boot"],"potions_floor_usage":[],"damage_taken":[{"damage":0.0,"enemies":"Small Slimes","floor":1.0,"turns":5.0},{"damage":8.0,"enemies":"2 Louse","floor":2.0,"turns":3.0},{"damage":10.0,"enemies":"Jaw Worm","floor":3.0,"turns":5.0},{"damage":17.0,"enemies":"3 Sentries","floor":7.0,"turns":6.0},{"damage":12.0,"enemies":"3 Sentries","floor":10.0,"turns":6.0},{"damage":5.0,"enemies":"Red Slaver","floor":11.0,"turns":4.0},{"damage":13.0,"enemies":"Large Slime","floor":14.0,"turns":5.0},{"damage":2.0,"enemies":"Hexaghost","floor":16.0,"turns":9.0},{"damage":6,"enemies":"Spheric Guardian","floor":18,"turns":3},{"damage":23,"enemies":"2 Thieves","floor":20,"turns":3},{"damage":22,"enemies":"Sentry and Sphere","floor":22,"turns":4},{"damage":6,"enemies":"Chosen and Byrds","floor":24,"turns":4},{"damage":7,"enemies":"Slavers","floor":27,"turns":4},{"damage":21,"enemies":"Book of Stabbing","floor":29,"turns":5},{"damage":13,"enemies":"Snecko","floor":30,"turns":4}],"seed_played":"3512784716015911567","potions_obtained":[{"floor":10.0,"key":"Strength Potion"},{"floor":11.0,"key":"LiquidBronze"}],"is_trial":false,"path_per_floor":["M","M","M","$","?","R","E","?","T","?","M","R","$","M","R","B",null,"M","$","M","?","M","R","M","R","T","E","?","E","M"],"character_chosen":"THE_SILENT","items_purchased":["PreservedInsect","Caltrops","Strength Potion","Shuriken","Leg Sweep"],"campfire_rested":3,"item_purchase_floors":[4,4,4,13,19],"current_hp_per_floor":[59,51,41,41,41,41,24,13,13,8,3,23,23,10,10,8,52,46,46,23,23,2,22,17,37,37,31,31,11,0],"gold":136,"neow_bonus":"TWO_FIFTY_GOLD","is_prod":false,"is_daily":false,"chose_seed":false,"campfire_upgraded":2,"win_rate":0,"timestamp":1551462300,"path_taken":["M","M","M","$","?","R","E","?","T","?","M","R","$","M","R","BOSS","M","$","M","?","?","R","M","R","T","E","?","E","M"],"build_version":"2019-01-23","purchased_purges":1,"victory":false,"max_hp_per_floor":[60,60,60,60,60,60,60,60,60,67,67,67,67,67,67,67,67,67,67,67,67,68,68,69,69,69,70,70,71,71],"card_choices":[{"not_picked":["Cloak And Dagger","Blade Dance"],"picked":"All Out Attack","floor":1.0},{"not_picked":["Backflip","Prepared"],"picked":"Dagger Throw","floor":2.0},{"not_picked":["Accuracy","Acrobatics"],"picked":"Poisoned Stab","floor":3.0},{"not_picked":["Acrobatics","Underhanded Strike"],"picked":"Skewer","floor":7.0},{"not_picked":["Finisher+1","Outmaneuver"],"picked":"A Thousand Cuts","floor":10.0},{"not_picked":["Underhanded Strike+1","Finisher+1"],"picked":"Dagger Spray+1","floor":11.0},{"not_picked":["Deflect","Quick Slash+1"],"picked":"PiercingWail","floor":12.0},{"not_picked":["Quick Slash+1","Storm of Steel"],"picked":"Dodge and Roll","floor":14.0},{"not_picked":["Night Terror","Unload+1"],"picked":"Die Die Die+1","floor":16.0},{"not_picked":["Slice+1","Skewer+1"],"picked":"Deflect","floor":18},{"not_picked":["Outmaneuver+1","Choke+1"],"picked":"Cloak And Dagger","floor":20},{"not_picked":["Blade Dance","Dagger Spray+1"],"picked":"Poisoned Stab+1","floor":22},{"not_picked":["Sucker Punch+1","Deflect"],"picked":"Cloak And Dagger","floor":23},{"not_picked":["Tactician","Dodge and Roll","Dagger Spray+1"],"picked":"SKIP","floor":24},{"not_picked":["Escape Plan","Poisoned Stab+1"],"picked":"Infinite Blades","floor":25},{"not_picked":["Finisher+1","Envenom"],"picked":"Infinite Blades","floor":27},{"not_picked":["Glass Knife+1","A Thousand Cuts"],"picked":"Backstab+1","floor":29}],"player_experience":2297089,"relics_obtained":[{"floor":7.0,"key":"Molten Egg 2"},{"floor":9.0,"key":"Dream Catcher"},{"floor":10.0,"key":"Strawberry"},{"floor":26,"key":"Tough Bandages"},{"floor":27,"key":"Omamori"},{"floor":29,"key":"Boot"}],"event_choices":[{"damage_healed":0.0,"max_hp_gain":0.0,"max_hp_loss":0.0,"gold_gain":78.0,"event_name":"Golden Wing","player_choice":"Gained Gold","floor":5.0,"gold_loss":0.0,"damage_taken":0.0},{"damage_healed":0.0,"max_hp_gain":0.0,"max_hp_loss":0.0,"gold_gain":0.0,"event_name":"Scrap Ooze","player_choice":"Success","floor":8.0,"gold_loss":0.0,"damage_taken":11.0,"relics_obtained":["Gremlin Horn"]},{"damage_healed":0.0,"max_hp_gain":0.0,"max_hp_loss":0.0,"gold_gain":0.0,"event_name":"Dead Adventurer","player_choice":"Searched \u00271\u0027 times","floor":10.0,"gold_loss":0.0,"damage_taken":0.0},{"damage_healed":0,"gold_gain":0,"player_choice":"Trade","damage_taken":0,"relics_obtained":["FaceOfCleric"],"max_hp_gain":0,"max_hp_loss":0,"event_name":"FaceTrader","floor":21,"gold_loss":0},{"damage_healed":0,"gold_gain":0,"player_choice":"Smashed Altar","damage_taken":0,"max_hp_gain":0,"max_hp_loss":0,"event_name":"Forgotten Altar","floor":28,"gold_loss":0,"cards_obtained":["Decay"]}],"is_beta":false,"boss_relics":[{"not_picked":["Astrolabe","Ectoplasm"],"picked":"Sozu"}],"items_purged_floors":[19],"is_endless":false,"potions_floor_spawned":[10,11,14,20,22,29],"killed_by":"Snecko","ascension_level":15}