{"gold_per_floor":[114,129,129,142,217,217,246,303,376,402,430,430,430,449,449,527,527,539,557,571,571,49,49],"floor_reached":23,"playtime":690,"items_purged":["Strike_B"],"score":638,"play_id":"b751a422-9ed3-4b2e-913c-5220b2390a28","local_time":"20181209124307","is_ascension_mode":true,"campfire_choices":[{"data":"Hyperbeam","floor":6.0,"key":"SMITH"},{"data":"Dualcast","floor":12.0,"key":"SMITH"},{"data":"Hologram","floor":15.0,"key":"SMITH"}],"neow_cost":"TEN_PERCENT_HP_LOSS","seed_source_timestamp":0,"circlet_count":0,"master_deck":["AscendersBane","Defend_B","Defend_B","Defend_B","Dualcast+1","Echo Form","Hyperbeam+1","Hologram+1","Force Field","Leap+1","Genetic Algorithm+1","Recycle+1","Reboot+1","BootSequence+1","Skim+1","Genetic Algorithm+1"],"special_seed":0,"relics":["Cracked Core","WingedGreaves","Tiny Chest","Blue Candle","Toxic Egg 2","Centennial Puzzle","Empty Cage","Blood Vial","Mummified Hand","Lantern"],"potions_floor_usage":[],"damage_taken":[{"damage":0.0,"enemies":"Small Slimes","floor":1.0,"turns":1.0},{"damage":0.0,"enemies":"2 Louse","floor":2.0,"turns":1.0},{"damage":0.0,"enemies":"Cultist","floor":4.0,"turns":2.0},{"damage":0.0,"enemies":"Lagavulin","floor":7.0,"turns":5.0},{"damage":10.0,"enemies":"3 Sentries","floor":8.0,"turns":2.0},{"damage":0.0,"enemies":"Lagavulin","floor":10.0,"turns":3.0},{"damage":10.0,"enemies":"3 Sentries","floor":11.0,"turns":2.0},{"damage":2.0,"enemies":"Lots of Slimes","floor":14.0,"turns":2.0},{"damage":0.0,"enemies":"Slime Boss","floor":16.0,"turns":4.0},{"damage":7.0,"enemies":"Spheric Guardian","floor":18.0,"turns":4.0},{"damage":8.0,"enemies":"Chosen","floor":19.0,"turns":5.0},{"damage":0.0,"enemies":"3 Cultists","floor":20.0,"turns":2.0},{"damage":0,"enemies":"Book of Stabbing","floor":23,"turns":1}],"seed_played":"-6486288179274705409","potions_obtained":[{"floor":2.0,"key":"Swift Potion"},{"floor":4.0,"key":"EssenceOfSteel"},{"floor":8.0,"key":"FearPotion"},{"floor":20.0,"key":"Fruit Juice"}],"is_trial":false,"path_per_floor":["M","M","?","M","?","R","E","E","T","E","E","R","?","M","R","B",null,"M","M","M","T","$","E"],"character_chosen":"DEFECT","items_purchased":["Mummified Hand","Lantern"],"campfire_rested":0,"item_purchase_floors":[22,22],"current_hp_per_floor":[64,64,57,57,46,46,46,36,36,36,26,26,26,24,24,24,54,47,39,44,44,44,46],"gold":49,"neow_bonus":"TRANSFORM_TWO_CARDS","is_prod":false,"is_daily":false,"chose_seed":true,"campfire_upgraded":3,"win_rate":0,"timestamp":1544330587,"path_taken":["M","M","?","M","?","R","E","E","T","E","E","R","?","?","R","BOSS","M","M","?","?","$","E"],"build_version":"2018-12-06","purchased_purges":1,"victory":false,"max_hp_per_floor":[64,64,64,64,64,64,64,64,64,64,64,64,64,64,64,64,64,64,64,69,69,69,69],"card_choices":[{"not_picked":["Hologram","Darkness","Glacier"],"picked":"SKIP","floor":1.0},{"not_picked":["Darkness","Glacier"],"picked":"Hologram","floor":1.0},{"not_picked":["Ball Lightning","Turbo"],"picked":"Force Field","floor":2.0},{"not_picked":["Hologram","Glacier","Leap"],"picked":"SKIP","floor":4.0},{"not_picked":["Hologram","Glacier"],"picked":"Leap","floor":4.0},{"not_picked":["Skim","Leap","Sweeping Beam"],"picked":"SKIP","floor":7.0},{"not_picked":["Gash","Storm","Redo"],"picked":"SKIP","floor":8.0},{"not_picked":["Storm","Biased Cognition","Leap"],"picked":"SKIP","floor":10.0},{"not_picked":["Chaos+1","Stack+1"],"picked":"Genetic Algorithm+1","floor":11.0},{"not_picked":["Doom and Gloom","Storm"],"picked":"Recycle+1","floor":14.0},{"not_picked":["Core Surge","Biased Cognition"],"picked":"Reboot+1","floor":16.0},{"not_picked":["Redo+1","Double Energy+1"],"picked":"BootSequence+1","floor":18.0},{"not_picked":["Coolheaded+1","Gash"],"picked":"Skim+1","floor":19.0},{"not_picked":["Cold Snap","Genetic Algorithm+1","Consume+1"],"picked":"SKIP","floor":20.0},{"not_picked":["Cold Snap","Consume+1"],"picked":"Genetic Algorithm+1","floor":20.0}],"player_experience":2331408,"relics_obtained":[{"floor":7.0,"key":"WingedGreaves"},{"floor":8.0,"key":"Tiny Chest"},{"floor":9.0,"key":"Blue Candle"},{"floor":10.0,"key":"Toxic Egg 2"},{"floor":11.0,"key":"Centennial Puzzle"},{"floor":21.0,"key":"Blood Vial"}],"event_choices":[{"cards_removed":["Strike_B"],"damage_healed":0.0,"max_hp_gain":0.0,"max_hp_loss":0.0,"gold_gain":0.0,"event_name":"Golden Wing","player_choice":"Card Removal","floor":3.0,"gold_loss":0.0,"damage_taken":7.0},{"damage_healed":0.0,"max_hp_gain":0.0,"max_hp_loss":0.0,"gold_gain":75.0,"event_name":"World of Goop","player_choice":"Gather Gold","floor":5.0,"gold_loss":0.0,"damage_taken":11.0},{"damage_healed":0.0,"max_hp_gain":0.0,"max_hp_loss":0.0,"gold_gain":0.0,"event_name":"Accursed Blacksmith","player_choice":"Forge","floor":13.0,"gold_loss":0.0,"damage_taken":0.0,"cards_upgraded":["Leap"]}],"is_beta":false,"boss_relics":[{"not_picked":["FrozenCore","White Beast Statue"],"picked":"Empty Cage"}],"items_purged_floors":[22],"is_endless":false,"potions_floor_spawned":[2,4,8,11,20],"killed_by":"Book of Stabbing","ascension_level":20}