{"gold_per_floor":[118,128,140,152,52,77,77,77,77,89,122,140,140,155,155,233,233,251,251,78,93,103,103,103,103,103,130,110,110,142,42,42,119,119,130,146,158,171,183,183,202,202,225,237,254,254,267,35,35,35],"floor_reached":51,"playtime":3656,"items_purged":["Strike_B","Strike_B"],"score":1160,"play_id":"67076b13-e6f6-45fc-950a-1ebed8a3538a","local_time":"20180629101521","is_ascension_mode":true,"campfire_choices":[{"data":"Dualcast","floor":7.0,"key":"SMITH"},{"data":"Zap","floor":13.0,"key":"SMITH"},{"data":"Go for the Eyes","floor":15.0,"key":"SMITH"},{"data":"Defragment","floor":23.0,"key":"SMITH"},{"data":"Defragment","floor":25.0,"key":"SMITH"},{"floor":29.0,"key":"REST"},{"data":"Hologram","floor":32.0,"key":"SMITH"},{"data":"Consume","floor":40,"key":"SMITH"},{"data":"Capacitor","floor":42,"key":"SMITH"},{"data":"Capacitor","floor":46,"key":"SMITH"},{"floor":49,"key":"REST"}],"neow_cost":"","seed_source_timestamp":94082294203806,"circlet_count":0,"master_deck":["Zap+1","Dualcast+1","AscendersBane","Go for the Eyes+1","Ball Lightning","Ball Lightning","Reinforced Body","Ball Lightning","Leap","Conserve Battery","BootSequence","Capacitor+1","Capacitor+1","Electrodynamics","Coolheaded","Defragment+1","Defragment+1","Hologram+1","Chill+1","Barrage","Defragment+1","Reboot","Coolheaded","Electrodynamics","Loop","Stack","Turbo","Redo","Conserve Battery","Conserve Battery+1","Glacier","Conserve Battery","Consume+1","Hologram+1","Reinforced Body","Dark Shackles","Cold Snap"],"special_seed":0,"relics":["Cracked Core","Darkstone Periapt","Pear","Meat on the Bone","Centennial Puzzle","Velvet Choker","Girya","Ancient Tea Set","Orichalcum","Pandora\u0027s Box","Oddly Smooth Stone"],"potions_floor_usage":[50],"damage_taken":[{"damage":2.0,"enemies":"Jaw Worm","floor":1.0,"turns":4.0},{"damage":1.0,"enemies":"2 Louse","floor":2.0,"turns":2.0},{"damage":0.0,"enemies":"Cultist","floor":3.0,"turns":4.0},{"damage":6.0,"enemies":"Looter","floor":4.0,"turns":3.0},{"damage":21.0,"enemies":"Lagavulin","floor":6.0,"turns":5.0},{"damage":0.0,"enemies":"Large Slime","floor":10.0,"turns":3.0},{"damage":13.0,"enemies":"3 Sentries","floor":11.0,"turns":7.0},{"damage":0.0,"enemies":"Exordium Thugs","floor":12.0,"turns":4.0},{"damage":2.0,"enemies":"Lots of Slimes","floor":14.0,"turns":3.0},{"damage":2.0,"enemies":"Hexaghost","floor":16.0,"turns":9.0},{"damage":13.0,"enemies":"Spheric Guardian","floor":18.0,"turns":5.0},{"damage":8.0,"enemies":"3 Byrds","floor":21.0,"turns":4.0},{"damage":1.0,"enemies":"Snecko","floor":22.0,"turns":7.0},{"damage":5.0,"enemies":"Gremlin Leader","floor":27.0,"turns":6.0},{"damage":4.0,"enemies":"Book of Stabbing","floor":30.0,"turns":5.0},{"damage":30.0,"enemies":"Automaton","floor":33.0,"turns":8.0},{"damage":3.0,"enemies":"3 Darklings","floor":35.0,"turns":3.0},{"damage":0,"enemies":"3 Shapes","floor":36,"turns":6},{"damage":0,"enemies":"Maw","floor":37,"turns":7},{"damage":0,"enemies":"4 Shapes","floor":38,"turns":2},{"damage":3,"enemies":"Sphere and 2 Shapes","floor":39,"turns":7},{"damage":0,"enemies":"Maw","floor":41,"turns":8},{"damage":0,"enemies":"4 Shapes","floor":44,"turns":4},{"damage":16,"enemies":"3 Darklings","floor":45,"turns":4},{"damage":0,"enemies":"Sphere and 2 Shapes","floor":47,"turns":5},{"damage":7,"enemies":"Awakened One","floor":50,"turns":14}],"seed_played":"-1919439057670806108","potions_obtained":[{"floor":4.0,"key":"PowerPotion"},{"floor":6.0,"key":"Block Potion"},{"floor":14.0,"key":"Dexterity Potion"},{"floor":27.0,"key":"EssenceOfSteel"}],"is_trial":false,"path_per_floor":["M","M","M","M","$","E","R","?","T","M","E","M","R","M","R","B",null,"M","?","$","M","M","R","?","R","T","E","?","R","E","$","R","B",null,"M","M","M","M","M","R","M","R","T","M","M","R","M","$","R","B"],"character_chosen":"DEFECT","items_purchased":["Ball Lightning","Leap","Defragment","Hologram","FocusPotion","Dark Shackles","Cold Snap"],"campfire_rested":2,"item_purchase_floors":[],"current_hp_per_floor":[62,61,61,55,55,34,34,44,44,44,43,43,43,41,41,51,74,61,61,61,53,52,52,52,52,52,47,47,71,67,67,67,49,73,70,70,70,70,67,67,67,67,67,67,51,51,51,51,75,68],"gold":35,"neow_bonus":"","is_prod":false,"is_daily":false,"chose_seed":false,"campfire_upgraded":9,"win_rate":0,"timestamp":1530292521,"path_taken":["M","M","M","M","$","E","R","?","T","?","E","M","R","M","R","BOSS","M","?","$","M","M","R","?","R","T","E","?","R","E","$","R","BOSS","M","M","M","M","M","R","M","R","T","M","M","R","M","$","R","BOSS"],"build_version":"2018-06-28","purchased_purges":2,"victory":true,"max_hp_per_floor":[71,71,71,71,71,71,71,81,81,81,81,81,81,81,81,81,81,81,81,81,81,81,81,81,81,81,81,81,81,81,81,81,81,81,81,81,81,81,81,81,81,81,81,81,81,81,81,81,81,81],"card_choices":[{"not_picked":["Hologram","Barrage"],"picked":"Go for the Eyes","floor":1.0},{"not_picked":["Cold Snap","Go for the Eyes"],"picked":"Ball Lightning","floor":2.0},{"not_picked":["Gash","Sweeping Beam"],"picked":"Ball Lightning","floor":3.0},{"not_picked":["Beam Cell","Steam Power"],"picked":"Reinforced Body","floor":4.0},{"not_picked":["Multi-Cast","Hologram"],"picked":"Conserve Battery","floor":6.0},{"not_picked":["Barrage","Rebound"],"picked":"BootSequence","floor":10.0},{"not_picked":["Sweeping Beam","Aggregate"],"picked":"Capacitor","floor":11.0},{"not_picked":["Redo","Melter","Heatsinks"],"picked":"SKIP","floor":12.0},{"not_picked":["Redo","Rebound"],"picked":"Capacitor","floor":14.0},{"not_picked":["Hyperbeam","Biased Cognition"],"picked":"Electrodynamics","floor":16.0},{"not_picked":["Stack","Sweeping Beam+1"],"picked":"Coolheaded","floor":18.0},{"not_picked":["Skim","Barrage"],"picked":"Chill+1","floor":21.0},{"not_picked":["Aggregate+1","Double Energy"],"picked":"Barrage","floor":22.0},{"not_picked":["Gash","Darkness"],"picked":"Reboot","floor":27.0},{"not_picked":["Static Discharge+1","Scrape"],"picked":"Coolheaded","floor":30.0},{"not_picked":["Fission","Rainbow"],"picked":"Electrodynamics","floor":33.0},{"not_picked":["Ball Lightning","Beam Cell+1"],"picked":"Conserve Battery+1","floor":35.0},{"not_picked":["Sweeping Beam+1","Auto Shields","Beam Cell"],"picked":"SKIP","floor":36},{"not_picked":["Ball Lightning","Streamline"],"picked":"Glacier","floor":37},{"not_picked":["Undo+1","Meteor Strike"],"picked":"Conserve Battery","floor":38},{"not_picked":["Sweeping Beam","Beam Cell"],"picked":"Consume","floor":39},{"not_picked":["Redo","Turbo","Chaos"],"picked":"SKIP","floor":41},{"not_picked":["Steam Power","Stack","Lockon+1"],"picked":"SKIP","floor":44},{"not_picked":["Reinforced Body","Compile Driver"],"picked":"Hologram+1","floor":45},{"not_picked":["Fusion+1","Conserve Battery"],"picked":"Reinforced Body","floor":47}],"player_experience":620714,"relics_obtained":[{"floor":6.0,"key":"Darkstone Periapt"},{"floor":9.0,"key":"Meat on the Bone"},{"floor":11.0,"key":"Centennial Puzzle"},{"floor":26.0,"key":"Girya"},{"floor":27.0,"key":"Ancient Tea Set"},{"floor":30.0,"key":"Orichalcum"},{"floor":43,"key":"Oddly Smooth Stone"}],"event_choices":[{"event_name":"Dead Adventurer","player_choice":"Searched \u00272\u0027 times","floor":8.0,"damage_taken":0.0},{"event_name":"The Library","player_choice":"Read","floor":19.0,"damage_taken":0.0},{"event_name":"Duplicator","player_choice":"One dupe","floor":24.0,"damage_taken":0.0},{"event_name":"The Woman in Blue","player_choice":"Bought 1 Potion","floor":28.0,"damage_taken":0.0}],"boss_relics":[{"not_picked":["Snecko Eye","Runic Pyramid"],"picked":"Velvet Choker"},{"not_picked":["Cursed Key","Runic Dome"],"picked":"Pandora\u0027s Box"}],"items_purged_floors":[],"is_endless":false,"potions_floor_spawned":[4,6,14,16,21,27,37,39,41,44],"ascension_level":14}