{"gold_per_floor":[112,126,126,146,111,137,137,137,219,249,249,260,2,37,37,114,114,129,143,143,143,155,155,186,186,186,206,220,232,232,244,244,321,321,341,360,375,147,147,147,176,176,224,224,224,98,125,139,139,139],"floor_reached":51,"playtime":1813,"items_purged":["Defend_B"],"score":1266,"play_id":"2ca8e087-80af-49dc-866c-91d1fce42b66","local_time":"20181024150551","is_ascension_mode":true,"campfire_choices":[{"data":"Zap","floor":7.0,"key":"SMITH"},{"data":"Go for the Eyes","floor":11.0,"key":"SMITH"},{"data":"Biased Cognition","floor":15.0,"key":"SMITH"},{"data":"Fission","floor":23.0,"key":"SMITH"},{"floor":25.0,"key":"REST"},{"floor":30.0,"key":"REST"},{"data":"Leap","floor":32.0,"key":"SMITH"},{"data":"Discovery","floor":40.0,"key":"SMITH"},{"data":"Dualcast","floor":42.0,"key":"SMITH"},{"data":"Ball Lightning","floor":45.0,"key":"SMITH"},{"floor":49,"key":"REST"}],"neow_cost":"NONE","seed_source_timestamp":20813225331006,"circlet_count":0,"master_deck":["Strike_B","Defend_B+1","Defend_B","Zap+1","Dualcast+1","AscendersBane","Biased Cognition+1","Barrage+1","Coolheaded","Ball Lightning+1","Go for the Eyes+1","Leap","Chill+1","Fission+1","Lockon+1","Static Discharge+1","Electrodynamics+1","Ball Lightning","Compile Driver+1","Core Surge+1","Leap+1","Echo Form","Compile Driver+1","Discovery+1","Writhe","Dark Shackles"],"special_seed":0,"relics":["Cracked Core","Art of War","The Courier","Mango","Pantograph","Incense Burner","Astrolabe","Nilry\u0027s Codex","Molten Egg 2","Calipers","Sozu","Runic Capacitor","Whetstone","War Paint","Oddly Smooth Stone","Juzu Bracelet"],"potions_floor_usage":[],"damage_taken":[{"damage":1.0,"enemies":"Cultist","floor":1.0,"turns":3.0},{"damage":2.0,"enemies":"Jaw Worm","floor":2.0,"turns":3.0},{"damage":8.0,"enemies":"Small Slimes","floor":4.0,"turns":4.0},{"damage":29.0,"enemies":"Gremlin Nob","floor":6.0,"turns":4.0},{"damage":24.0,"enemies":"3 Sentries","floor":10.0,"turns":8.0},{"damage":2.0,"enemies":"Looter","floor":12.0,"turns":3.0},{"damage":9.0,"enemies":"Gremlin Nob","floor":14.0,"turns":3.0},{"damage":8.0,"enemies":"Slime Boss","floor":16.0,"turns":12.0},{"damage":9.0,"enemies":"2 Thieves","floor":18.0,"turns":3.0},{"damage":5.0,"enemies":"Chosen","floor":19.0,"turns":4.0},{"damage":0.0,"enemies":"Snecko","floor":22.0,"turns":2.0},{"damage":37.0,"enemies":"Slavers","floor":24.0,"turns":2.0},{"damage":0.0,"enemies":"Centurion and Healer","floor":27.0,"turns":3.0},{"damage":24.0,"enemies":"Snake Plant","floor":28.0,"turns":2.0},{"damage":2.0,"enemies":"Shelled Parasite and Fungi","floor":29.0,"turns":3.0},{"damage":1.0,"enemies":"Cultist and Chosen","floor":31.0,"turns":3.0},{"damage":50.0,"enemies":"Champ","floor":33.0,"turns":7.0},{"damage":0.0,"enemies":"Orb Walker","floor":35.0,"turns":3.0},{"damage":0.0,"enemies":"3 Shapes","floor":36.0,"turns":1.0},{"damage":11.0,"enemies":"3 Darklings","floor":37.0,"turns":3.0},{"damage":9.0,"enemies":"Reptomancer","floor":41.0,"turns":5.0},{"damage":41.0,"enemies":"Giant Head","floor":47.0,"turns":7.0},{"damage":1,"enemies":"Sphere and 2 Shapes","floor":48,"turns":4},{"damage":41,"enemies":"Donu and Deca","floor":50,"turns":6}],"seed_played":"159351589488132472","potions_obtained":[{"floor":4.0,"key":"Poison Potion"},{"floor":12.0,"key":"Explosive Potion"},{"floor":16.0,"key":"SkillPotion"},{"floor":18.0,"key":"FearPotion"},{"floor":29.0,"key":"Swift Potion"},{"floor":31.0,"key":"SkillPotion"}],"is_trial":false,"path_per_floor":["M","M","?","M","?","E","R","?","T","E","R","M","$","E","R","B",null,"M","M","?","?","M","R","E","R","T","M","M","M","R","M","R","B",null,"M","M","M","$","?","R","E","R","T","?","R","$","E","M","R","B"],"character_chosen":"DEFECT","items_purchased":["Pantograph","Runic Capacitor","Discovery","Oddly Smooth Stone"],"campfire_rested":3,"item_purchase_floors":[13,38,38,46],"current_hp_per_floor":[63,61,61,53,70,41,41,41,41,31,31,29,29,20,20,37,73,64,59,38,55,55,55,18,43,43,43,19,17,42,41,41,16,68,68,68,57,57,74,74,65,65,65,65,65,65,24,23,48,32],"gold":139,"neow_bonus":"ONE_RANDOM_RARE_CARD","is_prod":false,"is_daily":false,"chose_seed":false,"campfire_upgraded":8,"win_rate":0,"timestamp":1540418751,"path_taken":["M","M","?","M","?","E","R","?","T","E","R","M","$","E","R","BOSS","M","M","?","?","M","R","E","R","T","M","M","?","R","M","R","BOSS","M","M","M","$","?","R","E","R","T","?","R","$","E","M","R","BOSS"],"build_version":"2018-10-18","purchased_purges":1,"victory":true,"max_hp_per_floor":[71,71,71,71,71,71,71,71,71,85,85,85,85,85,85,85,85,85,85,85,85,85,85,85,85,85,85,85,85,85,85,85,85,85,85,85,85,85,85,85,85,85,85,85,85,85,85,85,85,85],"card_choices":[{"not_picked":["Chaos","Steam"],"picked":"Barrage","floor":1.0},{"not_picked":["Blizzard","Chaos"],"picked":"Coolheaded","floor":2.0},{"not_picked":["Barrage","Stack","Double Energy"],"picked":"SKIP","floor":4.0},{"not_picked":["Scrape","Sunder"],"picked":"Ball Lightning","floor":6.0},{"not_picked":["Static Discharge","Biased Cognition"],"picked":"Go for the Eyes","floor":10.0},{"not_picked":["Fusion","Turbo"],"picked":"Leap","floor":12.0},{"not_picked":["Hologram","Lockon"],"picked":"Chill","floor":14.0},{"not_picked":["Reboot","Amplify"],"picked":"Fission","floor":16.0},{"not_picked":["Coolheaded","Rip and Tear"],"picked":"Ball Lightning","floor":18.0},{"not_picked":["Streamline","Undo"],"picked":"Compile Driver","floor":19.0},{"not_picked":["Redo","Recycle","Undo"],"picked":"SKIP","floor":22.0},{"not_picked":["Auto Shields","Turbo","Streamline"],"picked":"SKIP","floor":24.0},{"not_picked":["Steam","Lockon+1"],"picked":"Core Surge+1","floor":27.0},{"not_picked":["Compile Driver+1","Aggregate","Turbo+1"],"picked":"SKIP","floor":28.0},{"not_picked":["Go for the Eyes+1","Aggregate","Turbo"],"picked":"SKIP","floor":29.0},{"not_picked":["Ball Lightning+1","Reinforced Body"],"picked":"Leap","floor":31.0},{"not_picked":["Fission","Amplify"],"picked":"Echo Form","floor":33.0},{"not_picked":["Undo","Skim+1"],"picked":"Compile Driver+1","floor":35.0},{"not_picked":["Double Energy","Compile Driver+1","Chaos+1"],"picked":"SKIP","floor":36.0},{"not_picked":["Hello World","Genetic Algorithm","Sweeping Beam+1"],"picked":"SKIP","floor":37.0},{"not_picked":["Conserve Battery","Coolheaded","Heatsinks"],"picked":"SKIP","floor":41.0},{"not_picked":["Chrysalis","Apotheosis"],"picked":"Dark Shackles","floor":44.0},{"not_picked":["Blizzard+1","Go for the Eyes+1","Streamline+1"],"picked":"SKIP","floor":47.0},{"not_picked":["Rebound+1","Stack+1","Blizzard+1"],"picked":"SKIP","floor":48}],"player_experience":1448199,"relics_obtained":[{"floor":6.0,"key":"Art of War"},{"floor":9.0,"key":"The Courier"},{"floor":10.0,"key":"Mango"},{"floor":14.0,"key":"Incense Burner"},{"floor":20.0,"key":"Nilry\u0027s Codex"},{"floor":24.0,"key":"Molten Egg 2"},{"floor":26.0,"key":"Calipers"},{"floor":41.0,"key":"Whetstone"},{"floor":43.0,"key":"War Paint"},{"floor":47.0,"key":"Juzu Bracelet"}],"event_choices":[{"damage_healed":0.0,"max_hp_gain":0.0,"max_hp_loss":0.0,"gold_gain":0.0,"event_name":"Golden Idol","player_choice":"Ignored","floor":3.0,"gold_loss":0.0,"damage_taken":0.0},{"damage_healed":17.0,"max_hp_gain":0.0,"max_hp_loss":0.0,"gold_gain":0.0,"event_name":"The Cleric","player_choice":"Healed","floor":5.0,"gold_loss":35.0,"damage_taken":0.0},{"cards_removed":["Strike_B"],"damage_healed":0.0,"max_hp_gain":0.0,"max_hp_loss":0.0,"gold_gain":0.0,"event_name":"Purifier","player_choice":"Purged","floor":8.0,"gold_loss":0.0,"damage_taken":0.0},{"damage_healed":0.0,"max_hp_gain":0.0,"max_hp_loss":0.0,"gold_gain":0.0,"event_name":"Cursed Tome","player_choice":"Obtained Book","floor":20.0,"gold_loss":0.0,"damage_taken":21.0},{"damage_healed":17.0,"max_hp_gain":0.0,"max_hp_loss":0.0,"gold_gain":0.0,"event_name":"The Library","player_choice":"Heal","floor":21.0,"gold_loss":0.0,"damage_taken":0.0},{"damage_healed":17.0,"max_hp_gain":0.0,"max_hp_loss":0.0,"gold_gain":0.0,"event_name":"Winding Halls","player_choice":"Writhe","floor":39.0,"gold_loss":0.0,"damage_taken":0.0,"cards_obtained":["Writhe"]},{"damage_healed":0.0,"max_hp_gain":0.0,"max_hp_loss":0.0,"gold_gain":0.0,"event_name":"SensoryStone","player_choice":"Memory 1","floor":44.0,"gold_loss":0.0,"damage_taken":0.0}],"is_beta":false,"boss_relics":[{"not_picked":["Orrery","Runic Pyramid"],"picked":"Astrolabe"},{"not_picked":["Black Star","Calling Bell"],"picked":"Sozu"}],"items_purged_floors":[13],"is_endless":false,"potions_floor_spawned":[4,12,16,18,29,31,35,36,37,48],"ascension_level":15}