{"gold_per_floor":[115,75,75,94,94,94,129,141,141,141,141,55,55,85,85,158,158,170,17,17,17,34,34,52,52,77,105,5,16,66,78,78,78],"floor_reached":33,"playtime":1305,"items_purged":["Strike_B"],"score":474,"play_id":"b5c009fe-8f7d-4b7f-9e06-df215a853034","local_time":"20180921130921","is_ascension_mode":true,"campfire_choices":[{"floor":6,"key":"REST"},{"floor":11,"key":"REST"},{"data":"Rip and Tear","floor":13,"key":"SMITH"},{"data":"Go for the Eyes","floor":15,"key":"SMITH"},{"data":"Fission","floor":23,"key":"SMITH"},{"floor":25,"key":"REST"},{"floor":32,"key":"REST"}],"neow_cost":"NONE","seed_source_timestamp":20111697542762,"circlet_count":0,"master_deck":["Strike_B+1","Strike_B","Defend_B","Defend_B","Defend_B+1","Defend_B","Zap+1","Dualcast+1","AscendersBane","Go for the Eyes+1","Sweeping Beam","BootSequence","Defragment+1","Rip and Tear+1","Leap","Capacitor","Chill","Fission+1","Compile Driver","Coolheaded","Conserve Battery","Glacier"],"relics":["Cracked Core","Cables","Shuriken","War Paint","Nunchaku","Snecko Eye","Juzu Bracelet","Smiling Mask","Ancient Tea Set"],"potions_floor_usage":[14,16,18,24,29,31],"damage_taken":[{"damage":11,"enemies":"2 Louse","floor":1,"turns":2},{"damage":1,"enemies":"Cultist","floor":4,"turns":3},{"damage":20,"enemies":"Lagavulin","floor":7,"turns":6},{"damage":0,"enemies":"Small Slimes","floor":8,"turns":3},{"damage":25,"enemies":"3 Sentries","floor":14,"turns":5},{"damage":4,"enemies":"The Guardian","floor":16,"turns":10},{"damage":0,"enemies":"Chosen","floor":18,"turns":6},{"damage":11,"enemies":"3 Byrds","floor":22,"turns":7},{"damage":4,"enemies":"Centurion and Healer","floor":24,"turns":10},{"damage":49,"enemies":"Slavers","floor":27,"turns":11},{"damage":3,"enemies":"Snecko","floor":29,"turns":6},{"damage":3,"enemies":"Snake Plant","floor":31,"turns":6},{"damage":29,"enemies":"Collector","floor":33,"turns":5}],"seed_played":"-6854429594036387712","potions_obtained":[{"floor":7,"key":"FearPotion"},{"floor":8,"key":"Regen Potion"},{"floor":14,"key":"Fire Potion"},{"floor":22,"key":"SkillPotion"},{"floor":29,"key":"Dexterity Potion"}],"is_trial":false,"path_per_floor":["M","$","?","M","?","R","E","M","T","?","R","$","R","E","R","B",null,"M","$","?","?","M","R","M","R","T","E","$","M","?","M","R"],"character_chosen":"DEFECT","items_purchased":["BootSequence","Leap","Capacitor","Juzu Bracelet","SkillPotion"],"campfire_rested":4,"item_purchase_floors":[2,12,12,19,28],"current_hp_per_floor":[53,53,53,52,34,55,35,35,35,14,35,35,35,24,24,20,58,58,58,51,51,40,40,36,57,57,8,8,5,5,2,23,0],"gold":78,"neow_bonus":"THREE_CARDS","is_prod":false,"is_daily":false,"chose_seed":false,"campfire_upgraded":3,"win_rate":0,"timestamp":1537560561,"path_taken":["M","$","?","M","?","R","E","M","T","?","R","?","R","E","R","BOSS","M","$","?","?","M","R","M","R","T","E","$","M","?","M","R","BOSS"],"build_version":"2018-09-20","purchased_purges":1,"victory":false,"max_hp_per_floor":[71,71,71,71,71,71,71,71,71,71,71,71,71,71,71,71,71,71,71,71,71,71,71,71,71,71,71,71,71,71,71,71,71],"card_choices":[{"not_picked":["Coolheaded","Redo"],"picked":"Go for the Eyes","floor":0},{"not_picked":["Hologram","Reinforced Body"],"picked":"Sweeping Beam","floor":1},{"not_picked":["Consume","Chaos"],"picked":"Defragment","floor":4},{"not_picked":["Coolheaded","Sweeping Beam"],"picked":"Rip and Tear","floor":7},{"not_picked":["Rebound","Heatsinks","Redo"],"picked":"SKIP","floor":8},{"not_picked":["Redo","Genetic Algorithm"],"picked":"Chill","floor":14},{"not_picked":["Amplify","Reboot"],"picked":"Fission","floor":16},{"not_picked":["Sweeping Beam+1","Steam"],"picked":"Compile Driver","floor":18},{"not_picked":["Compile Driver","Tempest","Lockon"],"picked":"SKIP","floor":22},{"not_picked":["Conserve Battery+1","Genetic Algorithm"],"picked":"Coolheaded","floor":24},{"not_picked":["Loop","Scrape"],"picked":"Conserve Battery","floor":27},{"not_picked":["Streamline","Reprogram"],"picked":"Glacier","floor":29},{"not_picked":["Aggregate","Stack","Streamline"],"picked":"SKIP","floor":31}],"player_experience":1189071,"relics_obtained":[{"floor":7,"key":"Shuriken"},{"floor":9,"key":"War Paint"},{"floor":14,"key":"Nunchaku"},{"floor":26,"key":"Smiling Mask"},{"floor":27,"key":"Ancient Tea Set"}],"event_choices":[{"event_name":"Upgrade Shrine","player_choice":"Upgraded","floor":3,"damage_taken":0},{"event_name":"Scrap Ooze","player_choice":"success","floor":5,"damage_taken":18},{"event_name":"Shining Light","player_choice":"Entered Light","floor":10,"damage_taken":0},{"event_name":"Knowing Skull","player_choice":"","floor":20,"damage_taken":0},{"event_name":"Bonfire Elementals","player_choice":"BASIC","floor":21,"damage_taken":0},{"event_name":"Nest","player_choice":"Stole From Cult","floor":30,"damage_taken":0}],"is_beta":false,"boss_relics":[{"not_picked":["Busted Crown","Empty Cage"],"picked":"Snecko Eye"}],"items_purged_floors":[28],"is_endless":false,"potions_floor_spawned":[7,8,14,22,29],"killed_by":"Collector","ascension_level":15}