{"gold_per_floor":[19,19,37,54,66,66,97,97,122,122,297,297,14,27,27,127,127,142,42,58,77,91,125,141,141,223,257,257,271,290,309,309,409,409,429,429,440,169,169,213,225,256,291,303,315,346,21,51,51,51],"floor_reached":51,"playtime":1442,"items_purged":["Doubt","Strike_R","Strike_R","Strike_R"],"score":1054,"play_id":"00d4ccb7-f495-4c39-88f0-6650ed3b96e4","local_time":"25611110144121","is_ascension_mode":true,"campfire_choices":[{"data":"True Grit","floor":6.0,"key":"SMITH"},{"data":"Spot Weakness","floor":10.0,"key":"SMITH"},{"data":"Clash","floor":12.0,"key":"SMITH"},{"data":"Demon Form","floor":15.0,"key":"SMITH"},{"floor":25.0,"key":"REST"},{"floor":28.0,"key":"REST"},{"floor":32.0,"key":"REST"},{"floor":41.0,"key":"REST"},{"data":"Double Tap","floor":45.0,"key":"SMITH"},{"floor":49,"key":"REST"}],"neow_cost":"NO_GOLD","seed_source_timestamp":9913163952039,"circlet_count":0,"master_deck":["Strike_R","Defend_R","Defend_R","Defend_R","Bash+1","Pommel Strike+1","Clash+1","Spot Weakness+1","True Grit+1","Demon Form+1","Juggernaut","Sword Boomerang+1","Armaments+1","Rage+1","Thunderclap+1","Double Tap+1","Madness","Madness","Metallicize+1","Sword Boomerang+1","Spot Weakness"],"special_seed":0,"relics":["Burning Blood","Orichalcum","Anchor","Lee\u0027s Waffle","Sozu","Art of War","Pantograph","Potion Belt","Busted Crown","Bag of Marbles","MawBank","Magic Flower","Regal Pillow","Strawberry","Lantern"],"potions_floor_usage":[],"damage_taken":[{"damage":1.0,"enemies":"2 Louse","floor":1.0,"turns":4.0},{"damage":0.0,"enemies":"Jaw Worm","floor":3.0,"turns":1.0},{"damage":0.0,"enemies":"Small Slimes","floor":4.0,"turns":2.0},{"damage":23.0,"enemies":"Exordium Thugs","floor":5.0,"turns":4.0},{"damage":31.0,"enemies":"Lagavulin","floor":7.0,"turns":5.0},{"damage":1.0,"enemies":"Looter","floor":14.0,"turns":3.0},{"damage":40.0,"enemies":"The Guardian","floor":16.0,"turns":6.0},{"damage":0.0,"enemies":"Chosen","floor":18.0,"turns":4.0},{"damage":6.0,"enemies":"3 Byrds","floor":20.0,"turns":5.0},{"damage":16.0,"enemies":"Centurion and Healer","floor":21.0,"turns":4.0},{"damage":11.0,"enemies":"Chosen and Byrds","floor":22.0,"turns":4.0},{"damage":42.0,"enemies":"Slavers","floor":23.0,"turns":6.0},{"damage":18.0,"enemies":"Snake Plant","floor":24.0,"turns":4.0},{"damage":34.0,"enemies":"Gremlin Leader","floor":27.0,"turns":5.0},{"damage":5.0,"enemies":"Snecko","floor":29.0,"turns":3.0},{"damage":10.0,"enemies":"3 Cultists","floor":30.0,"turns":4.0},{"damage":12.0,"enemies":"Centurion and Healer","floor":31.0,"turns":5.0},{"damage":63.0,"enemies":"Automaton","floor":33.0,"turns":7.0},{"damage":15.0,"enemies":"3 Darklings","floor":35.0,"turns":5.0},{"damage":8.0,"enemies":"3 Shapes","floor":37.0,"turns":3.0},{"damage":19.0,"enemies":"Reptomancer","floor":40.0,"turns":5.0},{"damage":0.0,"enemies":"Transient","floor":42.0,"turns":5.0},{"damage":28,"enemies":"Sphere and 2 Shapes","floor":46,"turns":4},{"damage":18,"enemies":"Nemesis","floor":48,"turns":5},{"damage":82,"enemies":"Time Eater","floor":50,"turns":7}],"seed_played":"-5008317423461878224","potions_obtained":[{"floor":1.0,"key":"AttackPotion"},{"floor":5.0,"key":"FearPotion"},{"floor":7.0,"key":"BloodPotion"},{"floor":16.0,"key":"SneckoOil"}],"is_trial":false,"path_per_floor":["M","?","M","M","M","R","E","?","T","R","?","R","$","M","R","B",null,"M","$","M","M","M","E","M","R","T","E","R","M","M","M","R","B",null,"M","?","M","$","T","E","R","M","T","?","R","M","$","E","R","B",null],"character_chosen":"IRONCLAD","items_purchased":["Lee\u0027s Waffle","Bag of Marbles","Strawberry","Spot Weakness"],"campfire_rested":5,"item_purchase_floors":[13,38,47,47],"current_hp_per_floor":[77,61,67,73,56,56,31,57,57,57,57,57,87,87,87,53,79,85,85,85,75,78,42,30,56,56,28,54,55,51,45,71,30,73,64,53,51,51,51,38,64,73,73,73,73,54,61,52,94,21],"gold":51,"neow_bonus":"REMOVE_TWO","is_prod":false,"is_daily":false,"chose_seed":false,"campfire_upgraded":5,"win_rate":0,"timestamp":1541835681,"path_taken":["M","?","M","M","M","R","E","?","T","R","?","R","$","M","R","BOSS","M","$","M","M","M","E","M","R","T","E","R","M","M","M","R","BOSS","M","?","M","$","?","E","R","?","T","?","R","M","$","E","R","BOSS"],"build_version":"2018-11-08","purchased_purges":4,"victory":true,"max_hp_per_floor":[80,80,80,80,80,80,80,80,80,80,80,80,87,87,87,87,87,87,87,87,87,87,87,87,87,87,87,87,87,87,87,87,87,87,87,87,87,87,87,87,87,87,87,87,87,87,94,94,94,94],"card_choices":[{"not_picked":["Pummel","Evolve"],"picked":"Pommel Strike","floor":1.0},{"not_picked":["Dropkick","Twin Strike"],"picked":"Clash","floor":3.0},{"not_picked":["Armaments","Clothesline"],"picked":"Spot Weakness","floor":4.0},{"not_picked":["Clash","Infernal Blade"],"picked":"True Grit","floor":5.0},{"not_picked":["Searing Blow","Reckless Charge","Inflame"],"picked":"SKIP","floor":7.0},{"not_picked":["Twin Strike","Clash"],"picked":"Demon Form","floor":14.0},{"not_picked":["Brutality","Bludgeon"],"picked":"Juggernaut","floor":16.0},{"not_picked":["Clothesline+1","Feel No Pain"],"picked":"Sword Boomerang+1","floor":18.0},{"not_picked":["Headbutt","Pommel Strike","Reckless Charge"],"picked":"SKIP","floor":20.0},{"not_picked":["Reckless Charge+1","Warcry"],"picked":"Armaments+1","floor":21.0},{"not_picked":["Armaments","Pommel Strike+1","Perfected Strike"],"picked":"SKIP","floor":22.0},{"not_picked":["Rupture+1","Exhume","Warcry+1"],"picked":"SKIP","floor":23.0},{"not_picked":["Combust+1","Feel No Pain"],"picked":"Rage+1","floor":24.0},{"not_picked":["Flame Barrier","Ghostly Armor","Sword Boomerang"],"picked":"SKIP","floor":27.0},{"not_picked":["Blood for Blood+1","Searing Blow","True Grit"],"picked":"SKIP","floor":29.0},{"not_picked":["Heavy Blade","Iron Wave","Wild Strike"],"picked":"SKIP","floor":30.0},{"not_picked":["Twin Strike","Heavy Blade+1"],"picked":"Thunderclap+1","floor":31.0},{"not_picked":["Demon Form","Impervious"],"picked":"Double Tap","floor":33.0},{"not_picked":["Pommel Strike"],"picked":"SKIP","floor":35.0},{"not_picked":[],"picked":"Metallicize+1","floor":37.0},{"not_picked":[],"picked":"Sword Boomerang+1","floor":40.0},{"not_picked":["Body Slam"],"picked":"SKIP","floor":42.0},{"not_picked":["Reckless Charge+1"],"picked":"SKIP","floor":46},{"not_picked":["Entrench"],"picked":"SKIP","floor":48}],"player_experience":102489,"relics_obtained":[{"floor":7.0,"key":"Orichalcum"},{"floor":9.0,"key":"Anchor"},{"floor":23.0,"key":"Art of War"},{"floor":26.0,"key":"Pantograph"},{"floor":27.0,"key":"Potion Belt"},{"floor":39.0,"key":"MawBank"},{"floor":40.0,"key":"Magic Flower"},{"floor":43.0,"key":"Regal Pillow"},{"floor":48,"key":"Lantern"}],"event_choices":[{"damage_healed":0.0,"max_hp_gain":0.0,"max_hp_loss":0.0,"gold_gain":0.0,"event_name":"Shining Light","player_choice":"Entered Light","floor":2.0,"gold_loss":0.0,"damage_taken":16.0,"cards_upgraded":["Bash","Pommel Strike"]},{"damage_healed":26.0,"max_hp_gain":0.0,"max_hp_loss":0.0,"gold_gain":0.0,"event_name":"Big Fish","player_choice":"Banana","floor":8.0,"gold_loss":0.0,"damage_taken":0.0},{"damage_healed":0.0,"max_hp_gain":0.0,"max_hp_loss":0.0,"gold_gain":175.0,"event_name":"Liars Game","player_choice":"AGREE","floor":11.0,"gold_loss":0.0,"damage_taken":0.0,"cards_obtained":["Doubt"]},{"damage_healed":0.0,"max_hp_gain":0.0,"max_hp_loss":0.0,"gold_gain":0.0,"event_name":"Winding Halls","player_choice":"Embrace Madness","floor":36.0,"gold_loss":0.0,"damage_taken":11.0,"cards_obtained":["Madness","Madness"]},{"damage_healed":0.0,"max_hp_gain":0.0,"max_hp_loss":0.0,"gold_gain":0.0,"event_name":"Tomb of Lord Red Mask","player_choice":"Ignored","floor":44.0,"gold_loss":0.0,"damage_taken":0.0}],"is_beta":false,"boss_relics":[{"not_picked":["Snecko Eye","Empty Cage"],"picked":"Sozu"},{"not_picked":["White Beast Statue","Runic Cube"],"picked":"Busted Crown"}],"items_purged_floors":[13,19,38,47],"is_endless":false,"potions_floor_spawned":[1,5,7,16,20,24,27,31,33,40,42,46],"ascension_level":8}