{"gold_per_floor":[214,228,178,178,32,32,47,82,106,126,126,147,147,190,190,284,284,300,314,314,38,59,59,74,74,101,101,172,187,187,211,211,211],"floor_reached":33,"playtime":1900,"items_purged":["Strike_R"],"score":663,"play_id":"43fd99f5-d5a8-4d80-9dfa-0883d2c2143a","local_time":"20190417111609","is_ascension_mode":true,"campfire_choices":[{"data":"Evolve","floor":6.0,"key":"SMITH"},{"data":"True Grit","floor":11.0,"key":"SMITH"},{"data":"Barricade","floor":15.0,"key":"SMITH"},{"data":"Body Slam","floor":23,"key":"SMITH"},{"floor":27,"key":"REST"},{"floor":30,"key":"RECALL"},{"floor":32,"key":"REST"}],"neow_cost":"NONE","seed_source_timestamp":0,"circlet_count":0,"master_deck":["AscendersBane","Strike_R","Strike_R","Strike_R","Defend_R","Defend_R","Defend_R","Defend_R","Bash","Iron Wave","Evolve+1","Shrug It Off","Rampage","True Grit+1","Barricade+1","Battle Trance","Offering","Entrench+1","Body Slam+1","Entrench+1","Cleave"],"special_seed":0,"relics":["Burning Blood","Golden Idol","Red Skull","Omamori","Bag of Marbles","Turnip","Ornamental Fan","Cursed Key","Brimstone","Strawberry","Tiny Chest"],"potions_floor_usage":[28,29],"damage_taken":[{"damage":10.0,"enemies":"Jaw Worm","floor":1.0,"turns":6.0},{"damage":4.0,"enemies":"Small Slimes","floor":2.0,"turns":6.0},{"damage":1.0,"enemies":"Cultist","floor":7.0,"turns":4.0},{"damage":15.0,"enemies":"Lagavulin","floor":8.0,"turns":7.0},{"damage":9.0,"enemies":"Red Slaver","floor":10.0,"turns":4.0},{"damage":8.0,"enemies":"Blue Slaver","floor":12.0,"turns":3.0},{"damage":17.0,"enemies":"3 Sentries","floor":14.0,"turns":8.0},{"damage":26,"enemies":"The Guardian","floor":16,"turns":14},{"damage":9,"enemies":"Spheric Guardian","floor":18,"turns":12},{"damage":11,"enemies":"Shell Parasite","floor":19,"turns":9},{"damage":19,"enemies":"Chosen and Byrds","floor":22,"turns":8},{"damage":6,"enemies":"3 Cultists","floor":24,"turns":5},{"damage":29,"enemies":"Slavers","floor":28,"turns":6},{"damage":9,"enemies":"Snecko","floor":29,"turns":4},{"damage":31,"enemies":"Centurion and Healer","floor":31,"turns":5},{"damage":59,"enemies":"Automaton","floor":33,"turns":6}],"seed_played":"7301211671257488397","potions_obtained":[{"floor":2.0,"key":"Block Potion"},{"floor":7.0,"key":"Explosive Potion"},{"floor":8.0,"key":"Energy Potion"},{"floor":12.0,"key":"Poison Potion"},{"floor":18,"key":"Ancient Potion"},{"floor":24,"key":"Dexterity Potion"}],"is_trial":false,"path_per_floor":["M","M","?","?","$","R","M","E","T","M","R","M","T","E","R","B",null,"M","M","?","$","M","R","M","?","T","R","E","M","R","M","R","B"],"character_chosen":"IRONCLAD","items_purchased":["Red Skull","Brimstone"],"campfire_rested":2,"item_purchase_floors":[5,21],"current_hp_per_floor":[68,70,70,50,50,50,55,46,46,43,43,41,41,30,30,10,63,60,55,55,55,42,42,42,42,49,75,52,49,49,24,50,0],"gold":211,"neow_bonus":"HUNDRED_GOLD","is_prod":false,"is_daily":false,"chose_seed":false,"campfire_upgraded":4,"win_rate":0,"timestamp":1555488969,"path_taken":["M","M","?","?","$","R","M","E","T","M","R","M","?","E","R","BOSS","M","M","?","$","M","R","?","?","T","R","E","M","R","M","R","BOSS"],"build_version":"2019-01-23","purchased_purges":1,"victory":false,"max_hp_per_floor":[80,80,80,80,80,80,80,80,80,80,80,80,80,80,80,80,80,80,80,80,80,80,80,80,80,87,87,87,87,87,87,87,87],"card_choices":[{"not_picked":["Thunderclap","Pummel"],"picked":"Iron Wave","floor":1.0},{"not_picked":["Heavy Blade","Anger"],"picked":"Evolve","floor":2.0},{"not_picked":["Havoc","Second Wind"],"picked":"Shrug It Off","floor":7.0},{"not_picked":["Sentinel","Bloodletting"],"picked":"Rampage","floor":8.0},{"not_picked":["Reckless Charge","Wild Strike"],"picked":"True Grit","floor":10.0},{"not_picked":["Battle Trance","Perfected Strike"],"picked":"Barricade","floor":12.0},{"not_picked":["Double Tap","Shockwave"],"picked":"Battle Trance","floor":14.0},{"not_picked":["Feed","Bludgeon"],"picked":"Offering","floor":16},{"not_picked":["Twin Strike","Clash","Battle Trance+1"],"picked":"SKIP","floor":18},{"not_picked":["Wild Strike+1","Anger"],"picked":"Entrench","floor":19},{"not_picked":["Rage+1","Blood for Blood+1"],"picked":"Body Slam","floor":22},{"not_picked":["Havoc+1","Anger","Intimidate"],"picked":"SKIP","floor":24},{"not_picked":["Dual Wield","Warcry","Searing Blow"],"picked":"SKIP","floor":28},{"not_picked":["Uppercut","Body Slam"],"picked":"Cleave","floor":29},{"not_picked":["Pummel","Hemokinesis","Clothesline"],"picked":"SKIP","floor":31}],"player_experience":290348,"relics_obtained":[{"floor":8.0,"key":"Omamori"},{"floor":9.0,"key":"Bag of Marbles"},{"floor":13.0,"key":"Turnip"},{"floor":14.0,"key":"Ornamental Fan"},{"floor":26,"key":"Strawberry"},{"floor":28,"key":"Tiny Chest"}],"event_choices":[{"cards_removed":["Strike_R"],"damage_healed":0.0,"max_hp_gain":0.0,"max_hp_loss":0.0,"gold_gain":0.0,"event_name":"The Cleric","player_choice":"Card Removal","floor":3.0,"gold_loss":50.0,"damage_taken":0.0},{"damage_healed":0.0,"max_hp_gain":0.0,"max_hp_loss":0.0,"gold_gain":0.0,"event_name":"Golden Idol","player_choice":"Take Damage","floor":4.0,"gold_loss":0.0,"damage_taken":20.0,"relics_obtained":["Golden Idol"]},{"damage_healed":0,"gold_gain":0,"player_choice":"Forge","damage_taken":0,"max_hp_gain":0,"max_hp_loss":0,"event_name":"Accursed Blacksmith","floor":20,"gold_loss":0,"cards_upgraded":["Entrench"]},{"damage_healed":0,"gold_gain":0,"player_choice":"Copied","damage_taken":0,"max_hp_gain":0,"max_hp_loss":0,"event_name":"Duplicator","floor":25,"gold_loss":0,"cards_obtained":["Entrench"]}],"is_beta":false,"boss_relics":[{"not_picked":["Snecko Eye","Runic Cube"],"picked":"Cursed Key"}],"items_purged_floors":[21],"is_endless":false,"potions_floor_spawned":[2,7,8,12,18,24],"killed_by":"Automaton","ascension_level":13}