{"gold_per_floor":[118,118,130,130,141,141,14,25,25,25,56,72,222,222,222,315,315,339,339,362,362,380,380,430,466,515,536,21,21,42,61,61,150,150,165,0,0,15,29,29,54,54,128,148,148,57,57,76,76,76],"floor_reached":50,"playtime":1629,"items_purged":["Strike_B","Doubt"],"score":887,"play_id":"8178b630-0c0d-412f-b199-d3ef53ca1387","local_time":"25620318195251","is_ascension_mode":true,"campfire_choices":[{"data":"Gash","floor":6.0,"key":"SMITH"},{"floor":10.0,"key":"REST"},{"data":"Electrodynamics","floor":15.0,"key":"SMITH"},{"data":"Buffer","floor":23.0,"key":"SMITH"},{"data":"Defragment","floor":32.0,"key":"SMITH"},{"data":"Gash","floor":40,"key":"SMITH"},{"data":"Bite","floor":45,"key":"SMITH"},{"data":"Go for the Eyes","floor":49,"key":"SMITH"}],"neow_cost":"NONE","seed_source_timestamp":4136273550486,"circlet_count":0,"master_deck":["AscendersBane","Defend_B","Defend_B","Defend_B","Defend_B","Zap+1","Dualcast","Echo Form","Gash+1","Go for the Eyes","Go for the Eyes+1","Rebound","Electrodynamics+1","Hologram+1","Chill+1","Buffer+1","Tempest+1","Bite","Bite","Bite","Bite","Bite+1","Conserve Battery+1","Chill+1","Gash+1","Discovery+1","Defragment+1","Steam+1","Electrodynamics","Gash+1","Undo+1","Seek+1","Hologram+1","Trip+1","Madness+1","Madness+1","Force Field+1"],"special_seed":0,"relics":["Cracked Core","Pear","Toxic Egg 2","Cables","Golden Idol","Velvet Choker","Enchiridion","Bottled Flame","Smiling Mask","Ornamental Fan","Nunchaku","Lizard Tail","Red Mask","Darkstone Periapt","Mummified Hand"],"potions_floor_usage":[50],"damage_taken":[{"damage":9.0,"enemies":"Small Slimes","floor":1.0,"turns":4.0},{"damage":3.0,"enemies":"Jaw Worm","floor":3.0,"turns":5.0},{"damage":0.0,"enemies":"Cultist","floor":5.0,"turns":3.0},{"damage":9.0,"enemies":"3 Louse","floor":8.0,"turns":3.0},{"damage":23.0,"enemies":"Gremlin Nob","floor":11.0,"turns":4.0},{"damage":1.0,"enemies":"2 Fungi Beasts","floor":12.0,"turns":2.0},{"damage":25.0,"enemies":"The Guardian","floor":16.0,"turns":11.0},{"damage":4.0,"enemies":"3 Byrds","floor":18.0,"turns":4.0},{"damage":1.0,"enemies":"Chosen","floor":20.0,"turns":4.0},{"damage":0.0,"enemies":"Sentry and Sphere","floor":22.0,"turns":3.0},{"damage":18.0,"enemies":"Slavers","floor":25.0,"turns":7.0},{"damage":12.0,"enemies":"Snecko","floor":27.0,"turns":5.0},{"damage":4.0,"enemies":"Centurion and Healer","floor":30.0,"turns":7.0},{"damage":0.0,"enemies":"3 Cultists","floor":31.0,"turns":4.0},{"damage":9.0,"enemies":"Champ","floor":33.0,"turns":8.0},{"damage":3,"enemies":"Orb Walker","floor":35,"turns":4},{"damage":3,"enemies":"3 Shapes","floor":38,"turns":5},{"damage":10,"enemies":"Maw","floor":39,"turns":7},{"damage":0,"enemies":"4 Shapes","floor":41,"turns":4},{"damage":0,"enemies":"Jaw Worm Horde","floor":44,"turns":3},{"damage":0,"enemies":"Maw","floor":48,"turns":7},{"damage":58,"enemies":"Awakened One","floor":50,"turns":8}],"seed_played":"1446584118160471611","potions_obtained":[{"floor":5.0,"key":"LiquidBronze"},{"floor":12.0,"key":"GamblersBrew"},{"floor":16.0,"key":"EssenceOfSteel"},{"floor":20.0,"key":"FearPotion"},{"floor":30.0,"key":"Weak Potion"},{"floor":38,"key":"SteroidPotion"}],"is_trial":false,"path_per_floor":["M","?","M","?","M","R","$","M","T","R","E","M","?","?","R","B",null,"M","?","M","?","M","R","?","E","T","M","$","?","M","M","R","B",null,"M","?","T","M","M","R","M","?","T","M","R","$","?","M","R","B"],"character_chosen":"DEFECT","items_purchased":["Rebound","Ornamental Fan","Discovery+1","Weak Potion","EssenceOfSteel","Trip+1"],"campfire_rested":1,"item_purchase_floors":[7,28,28,28,28,46],"current_hp_per_floor":[55,47,44,44,44,44,44,35,35,59,36,35,35,35,35,10,57,53,51,51,30,32,32,32,32,32,30,30,30,46,51,51,51,51,51,51,51,50,47,47,51,51,51,51,51,51,42,51,51,10],"gold":76,"neow_bonus":"ONE_RANDOM_RARE_CARD","is_prod":false,"is_daily":false,"chose_seed":false,"campfire_upgraded":7,"win_rate":0,"timestamp":1552913571,"path_taken":["M","?","M","?","?","R","$","M","T","R","E","M","?","?","R","BOSS","M","?","M","?","M","R","?","E","T","M","$","?","M","M","R","BOSS","M","?","?","M","M","R","M","?","T","M","R","?","?","?","R","BOSS"],"build_version":"2019-01-23","purchased_purges":2,"victory":false,"max_hp_per_floor":[71,81,81,81,81,81,81,81,81,81,81,81,81,73,73,73,73,73,51,51,51,51,51,51,51,51,51,51,51,51,51,51,51,51,51,51,51,51,51,51,51,51,51,51,51,51,51,51,51,51],"card_choices":[{"not_picked":["Sunder","Force Field"],"picked":"Gash","floor":1.0},{"not_picked":["Sweeping Beam","Hello World"],"picked":"Go for the Eyes","floor":3.0},{"not_picked":["Stack","Leap"],"picked":"Go for the Eyes","floor":5.0},{"not_picked":["Coolheaded","Gash"],"picked":"Electrodynamics","floor":8.0},{"not_picked":["Rebound","Leap+1"],"picked":"Hologram+1","floor":11.0},{"not_picked":["Barrage","Loop"],"picked":"Chill+1","floor":12.0},{"not_picked":["Hyperbeam","Reboot+1"],"picked":"Buffer","floor":16.0},{"not_picked":["Sunder","Fusion+1"],"picked":"Tempest+1","floor":18.0},{"not_picked":["Tempest+1","Ball Lightning"],"picked":"Conserve Battery+1","floor":20.0},{"not_picked":["Stack+1","Fusion+1","Rebound"],"picked":"SKIP","floor":22.0},{"not_picked":["Hologram+1","Stack+1"],"picked":"Chill+1","floor":25.0},{"not_picked":["Steam+1","Beam Cell"],"picked":"Gash","floor":27.0},{"not_picked":["Coolheaded+1","Auto Shields+1"],"picked":"Defragment","floor":30.0},{"not_picked":["Chill+1","Stack+1"],"picked":"Steam+1","floor":31.0},{"not_picked":["Biased Cognition","Hyperbeam"],"picked":"Electrodynamics","floor":33.0},{"not_picked":["Go for the Eyes","Cold Snap"],"picked":"Gash+1","floor":35},{"not_picked":["Hologram+1","Rebound+1"],"picked":"Gash","floor":38},{"not_picked":["Go for the Eyes","Beam Cell"],"picked":"Undo+1","floor":39},{"not_picked":["Lockon","Auto Shields+1"],"picked":"Seek+1","floor":41},{"not_picked":["Barrage","Steam+1"],"picked":"Hologram+1","floor":44},{"not_picked":["Steam Power+1","Recycle+1"],"picked":"Force Field+1","floor":48}],"player_experience":323472,"relics_obtained":[{"floor":9.0,"key":"Toxic Egg 2"},{"floor":11.0,"key":"Cables"},{"floor":21.0,"key":"Enchiridion"},{"floor":25.0,"key":"Bottled Flame"},{"floor":26.0,"key":"Smiling Mask"},{"floor":37,"key":"Darkstone Periapt"},{"floor":43,"key":"Mummified Hand"}],"event_choices":[{"damage_healed":0.0,"max_hp_gain":0.0,"max_hp_loss":0.0,"gold_gain":0.0,"event_name":"Scrap Ooze","player_choice":"Success","floor":2.0,"gold_loss":0.0,"damage_taken":18.0,"relics_obtained":["Pear"]},{"damage_healed":0.0,"max_hp_gain":0.0,"max_hp_loss":0.0,"gold_gain":0.0,"event_name":"Upgrade Shrine","player_choice":"Upgraded","floor":4.0,"gold_loss":0.0,"damage_taken":0.0,"cards_upgraded":["Zap"]},{"damage_healed":0.0,"max_hp_gain":0.0,"max_hp_loss":0.0,"gold_gain":150.0,"event_name":"Liars Game","player_choice":"AGREE","floor":13.0,"gold_loss":0.0,"damage_taken":0.0,"cards_obtained":["Doubt"]},{"damage_healed":0.0,"max_hp_gain":0.0,"max_hp_loss":8.0,"gold_gain":0.0,"event_name":"Golden Idol","player_choice":"Lose Max HP","floor":14.0,"gold_loss":0.0,"damage_taken":0.0,"relics_obtained":["Golden Idol"]},{"damage_healed":0.0,"max_hp_gain":0.0,"max_hp_loss":22.0,"gold_gain":0.0,"event_name":"Vampires","player_choice":"Became a vampire","floor":19.0,"gold_loss":0.0,"damage_taken":0.0,"cards_obtained":["Bite","Bite","Bite","Bite","Bite"]},{"damage_healed":0.0,"max_hp_gain":0.0,"max_hp_loss":0.0,"gold_gain":0.0,"event_name":"Cursed Tome","player_choice":"Obtained Book","floor":21.0,"gold_loss":0.0,"damage_taken":21.0},{"damage_healed":0.0,"max_hp_gain":0.0,"max_hp_loss":0.0,"gold_gain":50.0,"event_name":"Nest","player_choice":"Stole From Cult","floor":24.0,"gold_loss":0.0,"damage_taken":0.0},{"damage_healed":0.0,"max_hp_gain":0.0,"max_hp_loss":0.0,"gold_gain":0.0,"event_name":"WeMeetAgain","player_choice":"Gave Potion","floor":29.0,"gold_loss":0.0,"damage_taken":0.0,"relics_obtained":["Nunchaku"]},{"damage_healed":0,"gold_gain":0,"player_choice":"Paid","damage_taken":0,"relics_obtained":["Red Mask"],"max_hp_gain":0,"max_hp_loss":0,"event_name":"Tomb of Lord Red Mask","floor":36,"gold_loss":165},{"cards_removed":["Gash"],"damage_healed":0,"gold_gain":0,"player_choice":"Removed Attack","damage_taken":0,"max_hp_gain":0,"max_hp_loss":0,"event_name":"Falling","floor":42,"gold_loss":0},{"damage_healed":0,"gold_gain":0,"player_choice":"Embrace Madness","damage_taken":9,"max_hp_gain":0,"max_hp_loss":0,"event_name":"Winding Halls","floor":47,"gold_loss":0,"cards_obtained":["Madness","Madness"]}],"is_beta":false,"boss_relics":[{"not_picked":["Orrery","Astrolabe"],"picked":"Velvet Choker"},{"not_picked":["Sozu","Calling Bell"],"picked":"Lizard Tail"}],"items_purged_floors":[7,28],"is_endless":false,"potions_floor_spawned":[5,12,16,20,30,31,38,39,41],"killed_by":"Awakened One","ascension_level":15}