{"gold_per_floor":[109,109,109,126,142,142,158,158,158,184,194,194,229,229,229,303,303,319,167,187,187,198,198,18,18,18,49,49,67,86,86],"floor_reached":31,"playtime":1496,"items_purged":["Strike_B"],"score":464,"play_id":"f808b058-58dd-4cf1-b51d-1886bd5dfe0a","local_time":"20190304191901","is_ascension_mode":true,"campfire_choices":[{"data":"Cold Snap","floor":6.0,"key":"SMITH"},{"data":"Dualcast","floor":8.0,"key":"SMITH"},{"data":"Glacier","floor":12.0,"key":"SMITH"},{"data":"Cold Snap","floor":15.0,"key":"SMITH"},{"data":"Consume","floor":23,"key":"SMITH"},{"data":"Glacier","floor":25,"key":"SMITH"}],"neow_cost":"NONE","seed_source_timestamp":42907835931338,"circlet_count":0,"master_deck":["AscendersBane","Strike_B","Strike_B","Defend_B","Defend_B","Defend_B","Defend_B","Zap+1","Dualcast+1","Rebound","Cold Snap+1","Compile Driver","Glacier+1","Cold Snap+1","Fission+1","Seek","Consume+1","Chill","Loop+1","Glacier+1","Leap","Skim","Capacitor+1","Hologram"],"special_seed":0,"relics":["Cracked Core","Sundial","Frozen Egg 2","Potion Belt","Snecko Eye","Nunchaku","Regal Pillow"],"potions_floor_usage":[27,31,31],"damage_taken":[{"damage":7.0,"enemies":"Jaw Worm","floor":1.0,"turns":3.0},{"damage":0.0,"enemies":"Cultist","floor":4.0,"turns":3.0},{"damage":0.0,"enemies":"2 Louse","floor":5.0,"turns":3.0},{"damage":12.0,"enemies":"Lots of Slimes","floor":7.0,"turns":5.0},{"damage":17.0,"enemies":"3 Sentries","floor":10.0,"turns":10.0},{"damage":0.0,"enemies":"Blue Slaver","floor":11.0,"turns":3.0},{"damage":12.0,"enemies":"Gremlin Nob","floor":13.0,"turns":5.0},{"damage":12.0,"enemies":"Hexaghost","floor":16.0,"turns":12.0},{"damage":3,"enemies":"2 Thieves","floor":18,"turns":3},{"damage":0,"enemies":"Shell Parasite","floor":20,"turns":6},{"damage":2,"enemies":"Snecko","floor":22,"turns":6},{"damage":14,"enemies":"Book of Stabbing","floor":27,"turns":12},{"damage":8,"enemies":"Chosen and Byrds","floor":29,"turns":15},{"damage":0,"enemies":"Snake Plant","floor":30,"turns":7},{"damage":22,"enemies":"Colosseum Slavers","floor":31,"turns":7},{"damage":12,"enemies":"Colosseum Nobs","floor":31,"turns":4}],"seed_played":"-8485123840081799228","potions_obtained":[{"floor":1.0,"key":"FocusPotion"},{"floor":4.0,"key":"Weak Potion"},{"floor":22,"key":"FocusPotion"},{"floor":27,"key":"Strength Potion"},{"floor":29,"key":"FocusPotion"},{"floor":30,"key":"SmokeBomb"}],"is_trial":false,"path_per_floor":["M","?","?","M","M","R","M","R","T","E","M","R","E","?","R","B",null,"M","$","M","$","M","R","$","R","T","E","?","M","M","?"],"character_chosen":"DEFECT","items_purchased":["Consume","Loop+1","Glacier","Leap"],"campfire_rested":0,"item_purchase_floors":[19,24,24,24],"current_hp_per_floor":[64,64,64,64,64,64,52,52,52,35,35,35,23,23,23,11,61,58,58,58,58,56,56,56,56,56,42,42,34,34,0],"gold":86,"neow_bonus":"TEN_PERCENT_HP_BONUS","is_prod":false,"is_daily":false,"chose_seed":false,"campfire_upgraded":6,"win_rate":0,"timestamp":1551755941,"path_taken":["M","?","?","M","M","R","?","R","T","E","M","R","E","?","R","BOSS","M","?","M","$","M","R","$","R","T","E","?","M","M","?"],"build_version":"2019-01-23","purchased_purges":1,"victory":false,"max_hp_per_floor":[78,78,78,78,78,78,78,78,78,78,78,78,78,78,78,78,78,78,78,78,78,78,78,78,78,78,78,78,78,78,78],"card_choices":[{"not_picked":["Consume","Coolheaded"],"picked":"Rebound","floor":1.0},{"not_picked":["Self Repair","Compile Driver"],"picked":"Cold Snap","floor":4.0},{"not_picked":["Aggregate","Barrage"],"picked":"Compile Driver","floor":5.0},{"not_picked":["Compile Driver","Streamline"],"picked":"Glacier","floor":7.0},{"not_picked":["Darkness","Compile Driver","Barrage"],"picked":"SKIP","floor":10.0},{"not_picked":["Reprogram","Sweeping Beam"],"picked":"Cold Snap","floor":11.0},{"not_picked":["Hologram","Force Field"],"picked":"Fission","floor":13.0},{"not_picked":["All For One","Fission"],"picked":"Seek","floor":16.0},{"not_picked":["Gash","Cold Snap","Storm+1"],"picked":"SKIP","floor":18},{"not_picked":["Compile Driver","Streamline"],"picked":"Chill","floor":20},{"not_picked":["Redo","Compile Driver","Beam Cell+1"],"picked":"SKIP","floor":22},{"not_picked":["Go for the Eyes","Gash"],"picked":"Skim","floor":27},{"not_picked":["Chill+1","Coolheaded"],"picked":"Capacitor+1","floor":29},{"not_picked":["Reboot","Turbo"],"picked":"Hologram","floor":30}],"player_experience":2321706,"relics_obtained":[{"floor":9.0,"key":"Sundial"},{"floor":10.0,"key":"Frozen Egg 2"},{"floor":13.0,"key":"Potion Belt"},{"floor":26,"key":"Nunchaku"},{"floor":27,"key":"Regal Pillow"}],"event_choices":[{"damage_healed":0.0,"max_hp_gain":0.0,"max_hp_loss":0.0,"gold_gain":0.0,"event_name":"Living Wall","player_choice":"Grow","floor":2.0,"gold_loss":0.0,"damage_taken":0.0,"cards_upgraded":["Zap"]},{"cards_removed":["Strike_B"],"damage_healed":0.0,"max_hp_gain":0.0,"max_hp_loss":0.0,"gold_gain":0.0,"event_name":"Bonfire Elementals","player_choice":"Offered Basic","floor":3.0,"gold_loss":0.0,"damage_taken":0.0},{"damage_healed":0.0,"max_hp_gain":0.0,"max_hp_loss":0.0,"gold_gain":0.0,"event_name":"Upgrade Shrine","player_choice":"Upgraded","floor":14.0,"gold_loss":0.0,"damage_taken":0.0,"cards_upgraded":["Fission"]},{"damage_healed":0,"gold_gain":0,"player_choice":"Fight","damage_taken":0,"max_hp_gain":0,"max_hp_loss":0,"event_name":"Colosseum","floor":31,"gold_loss":0},{"damage_healed":0,"gold_gain":0,"player_choice":"Fought Nobs","damage_taken":0,"max_hp_gain":0,"max_hp_loss":0,"event_name":"Colosseum","floor":31,"gold_loss":0}],"is_beta":false,"boss_relics":[{"not_picked":["Orrery","Eternal Feather"],"picked":"Snecko Eye"}],"items_purged_floors":[19],"is_endless":false,"potions_floor_spawned":[1,4,5,22,27,29,30],"killed_by":"Colosseum Nobs","ascension_level":15}