{"gold_per_floor":[112,132,144,157,169,169,92,92,173,207,223,233,258,270,270,345,345,326,109,109,121,139,174,174,224,224,257,257,257,283,297,297,297],"floor_reached":33,"playtime":1671,"items_purged":["Defend_R"],"score":608,"play_id":"dab102d3-fb56-47f4-9ef5-d7e1035598a1","local_time":"20180928211052","is_ascension_mode":true,"campfire_choices":[{"data":"Perfected Strike","floor":6,"key":"SMITH"},{"data":"Perfected Strike","floor":8,"key":"SMITH"},{"data":"Corruption","floor":15,"key":"SMITH"},{"data":"Metallicize","floor":24,"key":"SMITH"},{"data":"Bash","floor":29,"key":"SMITH"},{"data":"Perfected Strike","floor":32,"key":"SMITH"}],"neow_cost":"NONE","seed_source_timestamp":88367292608528,"circlet_count":0,"master_deck":["Strike_R+1","Strike_R+1","Strike_R+1","Strike_R+1","Strike_R+1","Defend_R+1","Defend_R+1","Defend_R+1","Bash+1","AscendersBane","Feed","Perfected Strike+1","Twin Strike","Perfected Strike+1","Ghostly Armor","Twin Strike","Metallicize+1","Seeing Red","Shrug It Off","Warcry","Corruption+1","Wild Strike","Offering","Wild Strike","Perfected Strike+1","Writhe","Twin Strike","Perfected Strike+1"],"relics":["Burning Blood","The Courier","Bird Faced Urn","Ancient Tea Set","Velvet Choker","DollysMirror","Toxic Egg 2","Dead Branch","Turnip","PreservedInsect","Red Skull"],"potions_floor_usage":[10,13,23,30,33],"damage_taken":[{"damage":7,"enemies":"Small Slimes","floor":1,"turns":3},{"damage":11,"enemies":"Jaw Worm","floor":2,"turns":4},{"damage":15,"enemies":"2 Louse","floor":3,"turns":2},{"damage":6,"enemies":"Looter","floor":4,"turns":2},{"damage":0,"enemies":"Large Slime","floor":5,"turns":4},{"damage":24,"enemies":"3 Sentries","floor":10,"turns":6},{"damage":1,"enemies":"2 Fungi Beasts","floor":11,"turns":4},{"damage":0,"enemies":"3 Louse","floor":12,"turns":3},{"damage":19,"enemies":"Lagavulin","floor":13,"turns":5},{"damage":15,"enemies":"Lots of Slimes","floor":14,"turns":5},{"damage":30,"enemies":"Slime Boss","floor":16,"turns":10},{"damage":0,"enemies":"2 Thieves","floor":18,"turns":4},{"damage":15,"enemies":"3 Byrds","floor":21,"turns":5},{"damage":27,"enemies":"Centurion and Healer","floor":22,"turns":4},{"damage":35,"enemies":"Book of Stabbing","floor":23,"turns":4},{"damage":10,"enemies":"Gremlin Leader","floor":27,"turns":5},{"damage":22,"enemies":"Slavers","floor":30,"turns":4},{"damage":21,"enemies":"Snake Plant","floor":31,"turns":2},{"damage":74,"enemies":"Automaton","floor":33,"turns":6}],"seed_played":"-4501018552969445571","potions_obtained":[{"floor":3,"key":"SpeedPotion"},{"floor":5,"key":"BloodPotion"},{"floor":12,"key":"Regen Potion"},{"floor":13,"key":"EssenceOfSteel"},{"floor":22,"key":"BloodPotion"},{"floor":30,"key":"Regen Potion"}],"is_trial":false,"path_per_floor":["M","M","M","M","M","R","$","R","T","E","M","M","E","M","R","B",null,"M","$","?","M","M","E","R","?","T","E","?","R","E","M","R"],"character_chosen":"IRONCLAD","items_purchased":["Metallicize","DollysMirror"],"campfire_rested":0,"item_purchase_floors":[7,19],"current_hp_per_floor":[70,68,59,59,68,68,68,68,68,61,68,79,85,81,81,61,87,95,95,95,91,72,54,54,54,54,54,54,54,49,39,39,0],"gold":297,"neow_bonus":"ONE_RANDOM_RARE_CARD","is_prod":false,"is_daily":false,"chose_seed":false,"campfire_upgraded":6,"win_rate":0,"timestamp":1538161852,"path_taken":["M","M","M","M","M","R","$","R","T","E","M","M","E","M","R","BOSS","M","$","?","M","M","E","R","?","T","E","?","R","E","M","R","BOSS"],"build_version":"2018-09-27","purchased_purges":1,"victory":false,"max_hp_per_floor":[78,81,81,81,84,84,84,84,84,87,87,90,93,96,96,96,96,96,96,96,99,99,99,99,99,99,99,99,99,102,105,105,105],"card_choices":[{"not_picked":["Reckless Charge","Clash"],"picked":"Perfected Strike","floor":1},{"not_picked":["Iron Wave","Sword Boomerang"],"picked":"Twin Strike","floor":2},{"not_picked":["Pommel Strike","Warcry"],"picked":"Perfected Strike","floor":3},{"not_picked":["Carnage","Blood for Blood"],"picked":"Ghostly Armor","floor":4},{"not_picked":["Anger","Power Through"],"picked":"Twin Strike","floor":5},{"not_picked":["Anger","Bludgeon"],"picked":"Seeing Red","floor":10},{"not_picked":["Hemokinesis","Rage"],"picked":"Shrug It Off","floor":11},{"not_picked":["Armaments","Clash"],"picked":"Warcry","floor":12},{"not_picked":["Entrench","Whirlwind"],"picked":"Corruption","floor":13},{"not_picked":["Inflame","Rampage"],"picked":"Wild Strike","floor":14},{"not_picked":["Exhume","Demon Form"],"picked":"Offering","floor":16},{"not_picked":["Anger","Whirlwind+1"],"picked":"Wild Strike","floor":18},{"not_picked":["Reckless Charge","Cleave","Shrug It Off"],"picked":"SKIP","floor":21},{"not_picked":["Iron Wave+1","Havoc","Offering"],"picked":"SKIP","floor":22},{"not_picked":["Heavy Blade","Carnage","Thunderclap"],"picked":"SKIP","floor":23},{"not_picked":["Sentinel+1","Whirlwind","Cleave"],"picked":"SKIP","floor":27},{"not_picked":["Armaments+1","Berserk"],"picked":"Twin Strike","floor":30},{"not_picked":["Combust","Cleave"],"picked":"Perfected Strike","floor":31}],"player_experience":274045,"relics_obtained":[{"floor":9,"key":"The Courier"},{"floor":10,"key":"Bird Faced Urn"},{"floor":13,"key":"Ancient Tea Set"},{"floor":23,"key":"Toxic Egg 2"},{"floor":26,"key":"Dead Branch"},{"floor":27,"key":"Turnip"},{"floor":30,"key":"Red Skull"}],"event_choices":[{"event_name":"Back to Basics","player_choice":"Simplicity","floor":20,"damage_taken":0},{"event_name":"Nest","player_choice":"Stole From Cult","floor":25,"damage_taken":0},{"event_name":"The Mausoleum","player_choice":"Yes","floor":28,"damage_taken":0}],"is_beta":false,"boss_relics":[{"not_picked":["Calling Bell","Orrery"],"picked":"Velvet Choker"}],"items_purged_floors":[19],"is_endless":false,"potions_floor_spawned":[3,5,12,13,14,18,22,30],"killed_by":"Automaton","ascension_level":15}