{"gold_per_floor":[110,129,72,42,42,76,76,76,76,126,152,169,169,186,186,261,261,277,288,288,304,173,201,201,214,259,33,46,46,74,90,90,166,166,181,74,0,12,26,26,77,77,77,94,124,24,55,55,55,55,55],"floor_reached":52,"playtime":1603,"items_purged":["Strike_R","Strike_R"],"score":1966,"play_id":"fb51581f-4519-4f27-bd8a-791190429895","local_time":"20181214170204","is_ascension_mode":true,"campfire_choices":[{"data":"Sword Boomerang","floor":8.0,"key":"SMITH"},{"data":"Flex","floor":13.0,"key":"SMITH"},{"data":"Bash","floor":15.0,"key":"SMITH"},{"data":"Whirlwind","floor":24.0,"key":"SMITH"},{"data":"Rage","floor":29.0,"key":"SMITH"},{"data":"Sword Boomerang","floor":32.0,"key":"SMITH"},{"floor":40.0,"key":"REST"},{"floor":42.0,"key":"REST"},{"floor":49,"key":"REST"}],"neow_cost":"TEN_PERCENT_HP_LOSS","seed_source_timestamp":12786524451111,"circlet_count":0,"master_deck":["AscendersBane","Strike_R","Defend_R","Defend_R","Bash+1","Wild Strike","Inflame+1","Sword Boomerang+1","Flex+1","Sword Boomerang+1","Whirlwind+1","Headbutt","Offering","Rage+1","Double Tap","Panacea","Reaper","Shockwave"],"special_seed":0,"relics":["Burning Blood","Du-Vu Doll","Bag of Preparation","Anchor","Velvet Choker","Oddly Smooth Stone","Potion Belt","ClockworkSouvenir","Orichalcum","Fusion Hammer","Red Mask","Calipers","PreservedInsect","Paper Frog","Omamori"],"potions_floor_usage":[50],"damage_taken":[{"damage":2.0,"enemies":"Cultist","floor":1.0,"turns":4.0},{"damage":2.0,"enemies":"2 Louse","floor":2.0,"turns":3.0},{"damage":30.0,"enemies":"Lagavulin","floor":6.0,"turns":5.0},{"damage":20.0,"enemies":"3 Sentries","floor":11.0,"turns":6.0},{"damage":0.0,"enemies":"Jaw Worm","floor":12.0,"turns":1.0},{"damage":0.0,"enemies":"3 Louse","floor":14.0,"turns":1.0},{"damage":22.0,"enemies":"Hexaghost","floor":16.0,"turns":6.0},{"damage":1.0,"enemies":"3 Byrds","floor":18.0,"turns":3.0},{"damage":6.0,"enemies":"2 Thieves","floor":19.0,"turns":1.0},{"damage":6.0,"enemies":"Snecko","floor":21.0,"turns":2.0},{"damage":6.0,"enemies":"Gremlin Leader","floor":23.0,"turns":3.0},{"damage":0.0,"enemies":"Centurion and Healer","floor":25.0,"turns":3.0},{"damage":6.0,"enemies":"Sentry and Sphere","floor":28.0,"turns":2.0},{"damage":0.0,"enemies":"Slavers","floor":30.0,"turns":2.0},{"damage":0.0,"enemies":"3 Cultists","floor":31.0,"turns":2.0},{"damage":20.0,"enemies":"Automaton","floor":33.0,"turns":4.0},{"damage":0.0,"enemies":"Orb Walker","floor":35.0,"turns":2.0},{"damage":34.0,"enemies":"3 Shapes","floor":38.0,"turns":7.0},{"damage":33.0,"enemies":"Transient","floor":39.0,"turns":6.0},{"damage":6.0,"enemies":"2 Orb Walkers","floor":41.0,"turns":2.0},{"damage":6.0,"enemies":"Jaw Worm Horde","floor":44.0,"turns":2.0},{"damage":37,"enemies":"Reptomancer","floor":45,"turns":3},{"damage":16,"enemies":"Giant Head","floor":47,"turns":4},{"damage":58,"enemies":"Donu and Deca","floor":50,"turns":4},{"damage":55,"enemies":"Awakened One","floor":51,"turns":7}],"seed_played":"1048589895645459643","potions_obtained":[{"floor":11.0,"key":"AttackPotion"},{"floor":12.0,"key":"Poison Potion"},{"floor":23.0,"key":"SteroidPotion"},{"floor":25.0,"key":"Ancient Potion"},{"floor":35.0,"key":"SpeedPotion"},{"floor":47,"key":"Swift Potion"}],"is_trial":false,"path_per_floor":["M","M","$","$","?","E","?","R","T","?","E","M","R","M","R","B",null,"M","M","?","M","$","E","R","M","T","$","M","R","E","M","R","B",null,"M","$","?","M","M","R","?","R","T","M","E","$","E","?","R","B","B",null],"character_chosen":"IRONCLAD","items_purchased":["Sword Boomerang","Flex","SteroidPotion","ClockworkSouvenir","Panacea"],"campfire_rested":3,"item_purchase_floors":[3,4,22,27,36],"current_hp_per_floor":[68,68,68,68,61,37,37,37,37,31,17,23,23,29,29,13,54,59,59,59,59,59,59,59,65,65,65,65,65,68,68,68,54,65,68,68,68,40,13,33,33,53,53,68,63,63,58,58,68,16,9],"gold":55,"neow_bonus":"REMOVE_TWO","is_prod":false,"is_daily":false,"chose_seed":false,"campfire_upgraded":6,"win_rate":0,"timestamp":1544778124,"path_taken":["M","M","?","$","?","E","?","R","T","?","E","M","R","M","R","BOSS","M","M","?","M","$","E","R","M","T","$","?","R","E","M","R","BOSS","M","$","?","M","M","R","?","R","T","M","E","$","E","?","R","BOSS","BOSS"],"build_version":"2018-12-13","purchased_purges":2,"victory":true,"max_hp_per_floor":[68,68,68,68,68,68,68,68,68,68,68,68,68,68,68,68,68,68,68,68,68,68,68,68,68,68,68,68,68,68,68,68,68,68,68,68,68,68,68,68,68,68,68,68,68,68,68,68,68,68,68],"card_choices":[{"not_picked":["Thunderclap","True Grit"],"picked":"Wild Strike","floor":1.0},{"not_picked":["Infernal Blade","Perfected Strike"],"picked":"Inflame","floor":2.0},{"not_picked":["Havoc","Infernal Blade","Perfected Strike"],"picked":"SKIP","floor":6.0},{"not_picked":["Sword Boomerang","Immolate","Flex"],"picked":"SKIP","floor":11.0},{"not_picked":["Immolate","Flex"],"picked":"Sword Boomerang","floor":11.0},{"not_picked":["Anger","Perfected Strike"],"picked":"Whirlwind","floor":12.0},{"not_picked":["Armaments","Warcry","Headbutt"],"picked":"SKIP","floor":14.0},{"not_picked":["Armaments","Warcry"],"picked":"Headbutt","floor":14.0},{"not_picked":["Fiend Fire","Bludgeon"],"picked":"Offering","floor":16.0},{"not_picked":["Infernal Blade","Body Slam","Anger"],"picked":"SKIP","floor":18.0},{"not_picked":["Warcry","Armaments","Burning Pact"],"picked":"SKIP","floor":19.0},{"not_picked":["Rupture","Shrug It Off","Searing Blow+1"],"picked":"SKIP","floor":21.0},{"not_picked":["Shrug It Off","Flex","Havoc"],"picked":"SKIP","floor":23.0},{"not_picked":["Thunderclap","Fiend Fire","Flex+1"],"picked":"SKIP","floor":25.0},{"not_picked":["Thunderclap","Havoc"],"picked":"Rage","floor":28.0},{"not_picked":["Dropkick","Clothesline","Pommel Strike"],"picked":"SKIP","floor":30.0},{"not_picked":["Clash","Barricade","Anger"],"picked":"SKIP","floor":31.0},{"not_picked":["Offering","Feed"],"picked":"Double Tap","floor":33.0},{"not_picked":["Body Slam","Heavy Blade","Uppercut"],"picked":"SKIP","floor":35.0},{"not_picked":["Headbutt+1","Dropkick+1","Anger"],"picked":"SKIP","floor":38.0},{"not_picked":["Headbutt+1","Whirlwind","Anger"],"picked":"SKIP","floor":39.0},{"not_picked":["Wild Strike","True Grit"],"picked":"Reaper","floor":41.0},{"not_picked":["Twin Strike+1","Havoc+1"],"picked":"Shockwave","floor":44.0},{"not_picked":["Twin Strike+1","Sever Soul","Bloodletting"],"picked":"SKIP","floor":45},{"not_picked":["Shockwave","Fire Breathing+1","Barricade"],"picked":"SKIP","floor":47}],"player_experience":2387496,"relics_obtained":[{"floor":6.0,"key":"Du-Vu Doll"},{"floor":9.0,"key":"Bag of Preparation"},{"floor":11.0,"key":"Anchor"},{"floor":20.0,"key":"Oddly Smooth Stone"},{"floor":23.0,"key":"Potion Belt"},{"floor":30.0,"key":"Orichalcum"},{"floor":41.0,"key":"Calipers"},{"floor":43.0,"key":"PreservedInsect"},{"floor":45,"key":"Paper Frog"},{"floor":47,"key":"Omamori"}],"event_choices":[{"cards_removed":["Strike_R"],"damage_healed":0.0,"max_hp_gain":0.0,"max_hp_loss":0.0,"gold_gain":0.0,"event_name":"Golden Wing","player_choice":"Card Removal","floor":5.0,"gold_loss":0.0,"damage_taken":7.0},{"damage_healed":0.0,"max_hp_gain":0.0,"max_hp_loss":0.0,"gold_gain":0.0,"event_name":"Living Wall","player_choice":"Grow","floor":7.0,"gold_loss":0.0,"damage_taken":0.0,"cards_upgraded":["Inflame"]},{"damage_healed":0.0,"max_hp_gain":0.0,"max_hp_loss":0.0,"gold_gain":50.0,"event_name":"FaceTrader","player_choice":"Touch","floor":10.0,"gold_loss":0.0,"damage_taken":6.0},{"damage_healed":0.0,"max_hp_gain":0.0,"max_hp_loss":0.0,"gold_gain":0.0,"event_name":"Wheel of Change","player_choice":"Relic","floor":20.0,"gold_loss":0.0,"damage_taken":0.0},{"damage_healed":0.0,"max_hp_gain":0.0,"max_hp_loss":0.0,"gold_gain":0.0,"event_name":"Tomb of Lord Red Mask","player_choice":"Paid","floor":37.0,"gold_loss":74.0,"damage_taken":0.0,"relics_obtained":["Red Mask"]},{"damage_healed":0.0,"max_hp_gain":0.0,"max_hp_loss":0.0,"gold_gain":0.0,"event_name":"Mysterious Sphere","player_choice":"Fight","floor":41.0,"gold_loss":0.0,"damage_taken":0.0},{"cards_removed":["Defend_R"],"damage_healed":0,"gold_gain":0,"player_choice":"Purged","damage_taken":0,"max_hp_gain":0,"max_hp_loss":0,"event_name":"Purifier","floor":48,"gold_loss":0}],"is_beta":false,"boss_relics":[{"not_picked":["Astrolabe","Eternal Feather"],"picked":"Velvet Choker"},{"not_picked":["Runic Pyramid","Tiny House"],"picked":"Fusion Hammer"}],"items_purged_floors":[22,46],"is_endless":false,"potions_floor_spawned":[11,12,23,25,35,47],"ascension_level":20}