{"gold_per_floor":[365,375,10,20,20,53,0,0],"floor_reached":8,"playtime":306,"items_purged":[],"score":112,"play_id":"ed5c2311-0b3f-4566-a973-42f0006683ed","local_time":"20190407181306","is_ascension_mode":true,"campfire_choices":[],"neow_cost":"PERCENT_DAMAGE","seed_source_timestamp":23886666487800,"circlet_count":0,"master_deck":["AscendersBane","Defend_G","Defend_G","Defend_G","Defend_G","Defend_G","Strike_G","Strike_G","Strike_G","Strike_G","Strike_G","Survivor","Neutralize","Bouncing Flask","Cloak And Dagger","Dagger Spray","Endless Agony"],"special_seed":0,"relics":["Ring of the Snake","Shuriken","Darkstone Periapt"],"potions_floor_usage":[8],"damage_taken":[{"damage":0.0,"enemies":"2 Louse","floor":1.0,"turns":3.0},{"damage":4.0,"enemies":"Small Slimes","floor":2.0,"turns":4.0},{"damage":7.0,"enemies":"Jaw Worm","floor":4.0,"turns":5.0},{"damage":25.0,"enemies":"Gremlin Nob","floor":6.0,"turns":4.0},{"damage":14,"enemies":"3 Sentries","floor":8,"turns":4}],"seed_played":"-4126105687600824913","potions_obtained":[{"floor":2.0,"key":"SpeedPotion"},{"floor":4.0,"key":"Fire Potion"}],"is_trial":false,"path_per_floor":["M","M","$","M","?","E","?","E"],"character_chosen":"THE_SILENT","items_purchased":["Shuriken","Cloak And Dagger","Dagger Spray"],"campfire_rested":0,"item_purchase_floors":[3,3,3],"current_hp_per_floor":[44,40,40,33,33,8,8,0],"gold":0,"neow_bonus":"TWO_FIFTY_GOLD","is_prod":false,"is_daily":false,"chose_seed":false,"campfire_upgraded":0,"win_rate":0,"timestamp":1554631986,"path_taken":["M","M","$","M","?","E","?","E"],"build_version":"2019-04-04","purchased_purges":0,"victory":false,"max_hp_per_floor":[66,66,66,66,66,66,66,66],"card_choices":[{"not_picked":["PiercingWail","Flying Knee"],"picked":"Bouncing Flask","floor":1.0},{"not_picked":["Outmaneuver","Blade Dance","Slice"],"picked":"SKIP","floor":2.0},{"not_picked":["Dodge and Roll","Underhanded Strike","Dagger Throw"],"picked":"SKIP","floor":4.0},{"not_picked":["Dash","Wraith Form v2"],"picked":"Endless Agony","floor":6.0}],"player_experience":1341687,"relics_obtained":[{"floor":6.0,"key":"Darkstone Periapt"}],"event_choices":[{"damage_healed":0.0,"max_hp_gain":0.0,"max_hp_loss":0.0,"gold_gain":0.0,"event_name":"Liars Game","player_choice":"Ignored","floor":5.0,"gold_loss":0.0,"damage_taken":0.0},{"damage_healed":0.0,"max_hp_gain":0.0,"max_hp_loss":0.0,"gold_gain":0.0,"event_name":"World of Goop","player_choice":"Left Gold","floor":7.0,"gold_loss":53.0,"damage_taken":0.0}],"is_beta":true,"boss_relics":[],"items_purged_floors":[],"is_endless":false,"potions_floor_spawned":[2,4],"killed_by":"3 Sentries","ascension_level":20}