{"gold_per_floor":[14,34,53,68,68,100,100,100,100,114,134,146,146,6,6,83,83,102,112,128,43,76,105,105,105,105,105,30,59,59,72,72,148,148,164,88,108,126,126,156,156,166,234,234,263,485,498,532,532,532],"floor_reached":50,"playtime":3175,"items_purged":["Bite"],"score":1294,"play_id":"9c465d0b-a0aa-4f69-bdff-643370fa1d67","local_time":"20190104140517","is_ascension_mode":true,"campfire_choices":[{"data":"Zap","floor":7.0,"key":"SMITH"},{"data":"Biased Cognition","floor":13.0,"key":"SMITH"},{"data":"Coolheaded","floor":15.0,"key":"SMITH"},{"floor":25.0,"key":"REST"},{"floor":27.0,"key":"REST"},{"floor":32.0,"key":"REST"},{"floor":49.0,"key":"REST"}],"neow_cost":"NO_GOLD","seed_source_timestamp":426277540444,"circlet_count":0,"master_deck":["AscendersBane","Defend_B","Defend_B","Zap+1","Dualcast","Core Surge","White Noise","Rebound","Electrodynamics","Coolheaded+1","Biased Cognition+1","Cold Snap","Self Repair","Meteor Strike","Hologram","Turbo","Bite","Bite","Bite","Pain","Meteor Strike+1","Magnetism+1","Blizzard+1","Recycle+1","Heatsinks+1","Compile Driver+1","Madness","Madness","Reprogram"],"special_seed":0,"relics":["Cracked Core","Ornamental Fan","Mummified Hand","Bottled Lightning","Fusion Hammer","Happy Flower","Red Mask","Pear","Molten Egg 2","Gremlin Horn","WarpedTongs","Astrolabe","Boot","Frozen Egg 2","Smiling Mask","Darkstone Periapt"],"potions_floor_usage":[],"damage_taken":[{"damage":2.0,"enemies":"2 Louse","floor":1.0,"turns":3.0},{"damage":4.0,"enemies":"Jaw Worm","floor":2.0,"turns":4.0},{"damage":1.0,"enemies":"Cultist","floor":3.0,"turns":3.0},{"damage":7.0,"enemies":"Looter","floor":4.0,"turns":3.0},{"damage":4.0,"enemies":"Gremlin Nob","floor":6.0,"turns":3.0},{"damage":11.0,"enemies":"2 Fungi Beasts","floor":10.0,"turns":3.0},{"damage":13.0,"enemies":"Large Slime","floor":11.0,"turns":3.0},{"damage":4.0,"enemies":"Blue Slaver","floor":12.0,"turns":4.0},{"damage":0.0,"enemies":"Hexaghost","floor":16.0,"turns":9.0},{"damage":0.0,"enemies":"Spheric Guardian","floor":18.0,"turns":4.0},{"damage":15.0,"enemies":"2 Thieves","floor":19.0,"turns":3.0},{"damage":32.0,"enemies":"Shelled Parasite and Fungi","floor":20.0,"turns":5.0},{"damage":16.0,"enemies":"Masked Bandits","floor":22.0,"turns":3.0},{"damage":10.0,"enemies":"Gremlin Leader","floor":23.0,"turns":6.0},{"damage":24.0,"enemies":"Slavers","floor":29.0,"turns":5.0},{"damage":10.0,"enemies":"Snecko","floor":31.0,"turns":3.0},{"damage":64.0,"enemies":"Automaton","floor":33.0,"turns":14.0},{"damage":9.0,"enemies":"3 Darklings","floor":35.0,"turns":2.0},{"damage":33.0,"enemies":"Orb Walker","floor":37.0,"turns":5.0},{"damage":28.0,"enemies":"Spire Growth","floor":38.0,"turns":4.0},{"damage":7.0,"enemies":"Reptomancer","floor":40.0,"turns":5.0},{"damage":4.0,"enemies":"Transient","floor":42.0,"turns":6.0},{"damage":27.0,"enemies":"Nemesis","floor":45.0,"turns":7.0},{"damage":28.0,"enemies":"Writhing Mass","floor":47.0,"turns":6.0},{"damage":23.0,"enemies":"Reptomancer","floor":48.0,"turns":5.0},{"damage":38,"enemies":"Awakened One","floor":50,"turns":3}],"seed_played":"4307243777521409004","potions_obtained":[{"floor":3.0,"key":"Fire Potion"},{"floor":10.0,"key":"FearPotion"},{"floor":11.0,"key":"Poison Potion"},{"floor":19.0,"key":"LiquidBronze"},{"floor":29.0,"key":"FearPotion"},{"floor":38.0,"key":"AttackPotion"},{"floor":40.0,"key":"Block Potion"},{"floor":42.0,"key":"Block Potion"},{"floor":47.0,"key":"Regen Potion"}],"is_trial":false,"path_per_floor":["M","M","M","M","?","E","R","?","T","M","M","M","R","$","R","B",null,"M","M","M","?","?","E","?","R","T","R","$","E","?","M","R","B",null,"M","$","M","M","?","E","?","M","T","?","E","?","M","E","R","B"],"character_chosen":"DEFECT","items_purchased":["Cold Snap","Self Repair","Glacier"],"campfire_rested":4,"item_purchase_floors":[14,14,36],"current_hp_per_floor":[62,58,57,50,39,35,35,35,35,24,11,7,7,7,7,14,57,64,56,31,31,22,29,29,45,45,56,56,49,49,44,56,30,50,54,54,32,20,20,32,32,49,49,39,31,31,25,37,53,20],"gold":532,"neow_bonus":"THREE_RARE_CARDS","is_prod":false,"is_daily":false,"chose_seed":false,"campfire_upgraded":3,"win_rate":0,"timestamp":1546581917,"path_taken":["M","M","M","M","?","E","R","?","T","?","M","M","R","?","R","BOSS","M","M","M","?","?","E","?","R","T","R","?","E","?","?","R","BOSS","M","$","M","M","?","E","?","M","T","?","E","?","?","E","R","BOSS"],"build_version":"2019-01-03v3","purchased_purges":1,"victory":false,"max_hp_per_floor":[71,71,71,71,71,71,71,71,71,71,71,71,71,71,71,71,71,71,71,71,71,71,81,56,56,56,56,56,56,56,56,56,56,56,56,56,56,56,56,56,56,56,56,56,56,56,56,56,56,56],"card_choices":[{"not_picked":["Meteor Strike","Reboot"],"picked":"Core Surge","floor":0.0},{"not_picked":["Steam","Gash","Turbo"],"picked":"SKIP","floor":1.0},{"not_picked":["Static Discharge","Steam","Gash"],"picked":"SKIP","floor":2.0},{"not_picked":["Stack","Sweeping Beam"],"picked":"White Noise","floor":3.0},{"not_picked":["Scrape","Loop"],"picked":"Rebound","floor":4.0},{"not_picked":["Steam Power","Hologram"],"picked":"Electrodynamics","floor":6.0},{"not_picked":["Gash","Rebound","Blizzard"],"picked":"SKIP","floor":10.0},{"not_picked":["Gash","Rebound","Blizzard"],"picked":"SKIP","floor":10.0},{"not_picked":["Stack","Steam"],"picked":"Coolheaded","floor":11.0},{"not_picked":["Hologram","Force Field"],"picked":"Biased Cognition","floor":12.0},{"not_picked":["Amplify","Thunder Strike"],"picked":"Meteor Strike","floor":16.0},{"not_picked":["Streamline","Defragment","Loop"],"picked":"SKIP","floor":18.0},{"not_picked":["Streamline","Defragment","Loop"],"picked":"SKIP","floor":18.0},{"not_picked":["Steam","Melter"],"picked":"Hologram","floor":19.0},{"not_picked":["Leap","Force Field","Ball Lightning"],"picked":"SKIP","floor":20.0},{"not_picked":["Thunder Strike","Redo"],"picked":"Turbo","floor":23.0},{"not_picked":["Turbo","Steam Power","Rip and Tear+1"],"picked":"SKIP","floor":29.0},{"not_picked":["Static Discharge","Rebound+1","Storm"],"picked":"SKIP","floor":31.0},{"not_picked":["Hyperbeam+1","Amplify"],"picked":"Meteor Strike+1","floor":33.0},{"not_picked":["Gash+1","Fusion","Aggregate+1"],"picked":"SKIP","floor":35.0},{"not_picked":["Gash+1","Fusion","Aggregate+1"],"picked":"SKIP","floor":35.0},{"not_picked":["Rebound+1","BootSequence"],"picked":"Heatsinks+1","floor":37.0},{"not_picked":["Sunder+1","Sweeping Beam+1","Steam Power"],"picked":"SKIP","floor":38.0},{"not_picked":["Scrape+1","Rebound+1","Reboot"],"picked":"SKIP","floor":40.0},{"not_picked":["Scrape+1","Rebound+1","Reboot"],"picked":"SKIP","floor":40.0},{"not_picked":["Steam","Tempest"],"picked":"Compile Driver+1","floor":42.0},{"not_picked":["Darkness","Scrape+1"],"picked":"Reprogram","floor":45.0},{"not_picked":["Reprogram","Barrage+1","Melter+1"],"picked":"SKIP","floor":47.0},{"not_picked":["Rebound+1","Heatsinks+1","Amplify"],"picked":"SKIP","floor":48.0}],"player_experience":2470806,"relics_obtained":[{"floor":6.0,"key":"Mummified Hand"},{"floor":9.0,"key":"Bottled Lightning"},{"floor":22.0,"key":"Red Mask"},{"floor":23.0,"key":"Pear"},{"floor":26.0,"key":"Molten Egg 2"},{"floor":29.0,"key":"Gremlin Horn"},{"floor":40.0,"key":"Boot"},{"floor":43.0,"key":"Frozen Egg 2"},{"floor":45.0,"key":"Smiling Mask"},{"floor":48.0,"key":"Darkstone Periapt"}],"event_choices":[{"damage_healed":0.0,"max_hp_gain":0.0,"max_hp_loss":0.0,"gold_gain":0.0,"event_name":"Scrap Ooze","player_choice":"Success","floor":5.0,"gold_loss":0.0,"damage_taken":11.0,"relics_obtained":["Ornamental Fan"]},{"damage_healed":0.0,"max_hp_gain":0.0,"max_hp_loss":0.0,"gold_gain":0.0,"event_name":"Liars Game","player_choice":"Ignored","floor":8.0,"gold_loss":0.0,"damage_taken":0.0},{"damage_healed":0.0,"max_hp_gain":0.0,"max_hp_loss":0.0,"gold_gain":0.0,"event_name":"Addict","player_choice":"Obtained Relic","floor":21.0,"gold_loss":85.0,"damage_taken":0.0,"relics_obtained":["Happy Flower"]},{"damage_healed":0.0,"max_hp_gain":0.0,"max_hp_loss":0.0,"gold_gain":0.0,"event_name":"Masked Bandits","player_choice":"Fought Bandits","floor":22.0,"gold_loss":0.0,"damage_taken":0.0},{"damage_healed":0.0,"max_hp_gain":0.0,"max_hp_loss":25.0,"gold_gain":0.0,"event_name":"Vampires","player_choice":"Became a vampire","floor":24.0,"gold_loss":0.0,"damage_taken":0.0,"cards_obtained":["Bite","Bite","Bite","Bite","Bite"]},{"damage_healed":0.0,"max_hp_gain":0.0,"max_hp_loss":0.0,"gold_gain":0.0,"event_name":"Accursed Blacksmith","player_choice":"Rummage","floor":30.0,"gold_loss":0.0,"damage_taken":0.0,"relics_obtained":["WarpedTongs"],"cards_obtained":["Pain"]},{"damage_healed":0.0,"max_hp_gain":0.0,"max_hp_loss":0.0,"gold_gain":0.0,"event_name":"Mysterious Sphere","player_choice":"Ignored","floor":39.0,"gold_loss":0.0,"damage_taken":0.0},{"cards_removed":["Glacier"],"damage_healed":0.0,"max_hp_gain":0.0,"max_hp_loss":0.0,"gold_gain":0.0,"event_name":"Falling","player_choice":"Removed Skill","floor":41.0,"gold_loss":0.0,"damage_taken":0.0},{"damage_healed":0.0,"max_hp_gain":0.0,"max_hp_loss":0.0,"gold_gain":0.0,"event_name":"Winding Halls","player_choice":"Embrace Madness","floor":44.0,"gold_loss":0.0,"damage_taken":10.0,"cards_obtained":["Madness","Madness"]},{"damage_healed":0.0,"max_hp_gain":0.0,"max_hp_loss":0.0,"gold_gain":222.0,"event_name":"Tomb of Lord Red Mask","player_choice":"Wore Mask","floor":46.0,"gold_loss":0.0,"damage_taken":0.0}],"is_beta":false,"boss_relics":[{"not_picked":["Runic Pyramid","Calling Bell"],"picked":"Fusion Hammer"},{"not_picked":["Empty Cage","Pandora\u0027s Box"],"picked":"Astrolabe"}],"items_purged_floors":[28],"is_endless":false,"potions_floor_spawned":[3,10,11,19,20,29,38,40,42,47],"killed_by":"Awakened One","ascension_level":20}