{"gold_per_floor":[111,123,142,156,176,176,206,166,166,166,176,194,227,238,238,338,338,278,278,278,203,203,203,203,1,1,1,1,1,1,1,1,1,1,1,0,0,0,0,0,0,0,0,0,0,0,0,0,0,0],"floor_reached":51,"playtime":2020,"items_purged":[],"score":951,"play_id":"19dfca62-cffb-40c3-acc6-b436997b7145","local_time":"25610806202940","is_ascension_mode":true,"campfire_choices":[{"data":"Noxious Fumes","floor":6.0,"key":"SMITH"},{"data":"After Image","floor":10.0,"key":"SMITH"},{"floor":15.0,"key":"REST"},{"floor":23.0,"key":"REST"},{"floor":32.0,"key":"REST"},{"data":"Bouncing Flask","floor":41,"key":"SMITH"},{"data":"Footwork","floor":47,"key":"SMITH"},{"floor":49,"key":"REST"}],"neow_cost":"NONE","seed_source_timestamp":8760147100563,"circlet_count":0,"master_deck":["Defend_G","Defend_G","Defend_G","Defend_G","Strike_G","Strike_G+1","Strike_G+1","Survivor","Neutralize","Bouncing Flask+1","Poisoned Stab","Noxious Fumes+1","Footwork+1","Deadly Poison","After Image+1","Deflect","Dagger Throw+1","Bane+1","Sucker Punch+1","Outmaneuver+1","Dodge and Roll+1","Flying Knee+1","Poisoned Stab+1","Backstab+1","Sucker Punch+1","Glass Knife+1","Flechettes+1","Bane+1","Deadly Poison+1","Poisoned Stab+1","Acrobatics+1","Infinite Blades+1"],"special_seed":0,"relics":["Ring of the Snake","Snake Skull","Molten Egg 2","Centennial Puzzle","Ancient Tea Set","Ectoplasm","Sling","Whetstone","Paper Crane","Empty Cage","Red Mask","Ginger","Kunai","Pear","Singing Bowl","Matryoshka","Bird Faced Urn"],"potions_floor_usage":[50,50],"damage_taken":[{"damage":10.0,"enemies":"Jaw Worm","floor":1.0,"turns":6.0},{"damage":0.0,"enemies":"Cultist","floor":2.0,"turns":3.0},{"damage":0.0,"enemies":"Small Slimes","floor":3.0,"turns":3.0},{"damage":9.0,"enemies":"Looter","floor":4.0,"turns":3.0},{"damage":7.0,"enemies":"Gremlin Gang","floor":5.0,"turns":4.0},{"damage":2.0,"enemies":"3 Sentries","floor":7.0,"turns":6.0},{"damage":0.0,"enemies":"Exordium Thugs","floor":11.0,"turns":5.0},{"damage":2.0,"enemies":"Blue Slaver","floor":12.0,"turns":3.0},{"damage":2.0,"enemies":"Gremlin Nob","floor":13.0,"turns":3.0},{"damage":4.0,"enemies":"Looter","floor":14.0,"turns":3.0},{"damage":15.0,"enemies":"The Guardian","floor":16.0,"turns":8.0},{"damage":12.0,"enemies":"2 Thieves","floor":18.0,"turns":4.0},{"damage":5.0,"enemies":"Spheric Guardian","floor":19.0,"turns":5.0},{"damage":16.0,"enemies":"Snake Plant","floor":20.0,"turns":4.0},{"damage":15.0,"enemies":"Centurion and Healer","floor":22.0,"turns":5.0},{"damage":7.0,"enemies":"Cultist and Chosen","floor":24.0,"turns":5.0},{"damage":42.0,"enemies":"Gremlin Leader","floor":27.0,"turns":6.0},{"damage":3.0,"enemies":"Snecko","floor":28.0,"turns":5.0},{"damage":0.0,"enemies":"Sentry and Sphere","floor":31.0,"turns":4.0},{"damage":17.0,"enemies":"Collector","floor":33.0,"turns":9.0},{"damage":0.0,"enemies":"Flame Bruiser 1 Orb","floor":35.0,"turns":5.0},{"damage":7.0,"enemies":"Orb Walker","floor":37.0,"turns":3.0},{"damage":1,"enemies":"Nemesis","floor":40,"turns":7},{"damage":5,"enemies":"Giant Head","floor":42,"turns":7},{"damage":3,"enemies":"Nemesis","floor":44,"turns":5},{"damage":2,"enemies":"Sphere and 2 Shapes","floor":45,"turns":5},{"damage":13,"enemies":"2 Orb Walkers","floor":46,"turns":5},{"damage":39,"enemies":"Time Eater","floor":50,"turns":12}],"seed_played":"-1278549621717764896","potions_obtained":[{"floor":1.0,"key":"Fire Potion"},{"floor":2.0,"key":"SpeedPotion"},{"floor":8.0,"key":"SpeedPotion"},{"floor":8.0,"key":"Strength Potion"},{"floor":8.0,"key":"FearPotion"},{"floor":14.0,"key":"Regen Potion"},{"floor":16.0,"key":"EssenceOfSteel"},{"floor":20.0,"key":"SkillPotion"},{"floor":24.0,"key":"FearPotion"},{"floor":28.0,"key":"Ancient Potion"},{"floor":40,"key":"PowerPotion"},{"floor":44,"key":"Weak Potion"},{"floor":46,"key":"Fire Potion"}],"is_trial":false,"path_per_floor":["M","M","M","M","M","R","E","?","T","R","M","M","E","M","R","B",null,"M","M","M","?","M","R","M","$","T","E","M","$","$","M","R","B",null,"M","?","M","?","T","E","R","E","T","E","M","E","R","$","R","B"],"character_chosen":"THE_SILENT","items_purchased":["Sling"],"campfire_rested":4,"item_purchase_floors":[25],"current_hp_per_floor":[60,60,60,51,44,44,42,42,42,42,42,40,38,34,55,40,70,58,53,51,51,36,57,50,50,50,8,5,5,5,5,26,9,70,70,70,63,63,63,62,62,67,67,64,64,51,51,51,75,45],"gold":0,"neow_bonus":"RANDOM_COMMON_RELIC","is_prod":false,"is_daily":false,"chose_seed":false,"campfire_upgraded":4,"win_rate":0,"timestamp":1533562180,"path_taken":["M","M","M","M","M","R","E","?","T","R","M","M","E","M","R","BOSS","M","M","?","?","?","R","M","$","T","E","M","?","$","M","R","BOSS","M","?","M","?","?","E","R","E","T","E","M","E","R","?","R","BOSS"],"build_version":"2018-08-02","purchased_purges":0,"victory":true,"max_hp_per_floor":[70,70,70,70,70,70,70,70,70,70,70,70,70,70,70,70,70,70,70,70,70,70,70,70,70,70,70,70,70,70,70,70,70,70,70,70,70,70,70,70,70,80,80,80,82,82,82,82,82,82],"card_choices":[{"not_picked":["Outmaneuver","Choke"],"picked":"Bouncing Flask","floor":1.0},{"not_picked":["Blade Dance","Cloak And Dagger"],"picked":"Poisoned Stab","floor":2.0},{"not_picked":["PiercingWail","Flying Knee"],"picked":"Noxious Fumes","floor":3.0},{"not_picked":["Setup","Dagger Throw"],"picked":"Footwork","floor":4.0},{"not_picked":["Flechettes","Accuracy"],"picked":"Deadly Poison","floor":5.0},{"not_picked":["Deadly Poison","Bane"],"picked":"After Image","floor":7.0},{"not_picked":["Dagger Throw+1","Deadly Poison"],"picked":"Deflect","floor":11.0},{"not_picked":["Quick Slash+1","Backflip"],"picked":"Dagger Throw+1","floor":12.0},{"not_picked":["Terror","Calculated Gamble"],"picked":"Bane+1","floor":13.0},{"not_picked":["Eviscerate+1","Flechettes+1"],"picked":"Sucker Punch+1","floor":14.0},{"not_picked":["Poisoned Stab+1","Blade Dance"],"picked":"Dash+1","floor":18.0},{"not_picked":["Blade Dance","Concentrate"],"picked":"Outmaneuver+1","floor":19.0},{"not_picked":["Dagger Spray+1","Blur"],"picked":"Dodge and Roll+1","floor":20.0},{"not_picked":["Riddle With Holes+1","Choke+1"],"picked":"Flying Knee+1","floor":22.0},{"not_picked":["A Thousand Cuts","Cloak And Dagger","Outmaneuver+1"],"picked":"SKIP","floor":24.0},{"not_picked":["PiercingWail","Slice+1"],"picked":"Poisoned Stab+1","floor":27.0},{"not_picked":["Slice+1","Choke+1"],"picked":"Backstab+1","floor":28.0},{"not_picked":["Cloak And Dagger","Flying Knee+1"],"picked":"Sucker Punch+1","floor":31.0},{"not_picked":["Adrenaline","Doppelganger"],"picked":"Glass Knife+1","floor":33.0},{"not_picked":["Dagger Spray+1","Eviscerate+1"],"picked":"Flechettes+1","floor":35.0},{"not_picked":["Skewer+1","Deflect"],"picked":"Bane+1","floor":37.0},{"not_picked":["Bane+1","Calculated Gamble+1"],"picked":"Deadly Poison+1","floor":40},{"not_picked":["Deadly Poison","Flechettes+1"],"picked":"Poisoned Stab+1","floor":42},{"not_picked":["Prepared+1","Dagger Spray+1"],"picked":"Acrobatics+1","floor":44},{"not_picked":["Flying Knee+1","Distraction+1","Acrobatics+1"],"picked":"Singing Bowl","floor":45},{"not_picked":["PiercingWail","Skewer+1"],"picked":"Infinite Blades+1","floor":46}],"player_experience":210615,"relics_obtained":[{"floor":7.0,"key":"Molten Egg 2"},{"floor":9.0,"key":"Centennial Puzzle"},{"floor":13.0,"key":"Ancient Tea Set"},{"floor":26.0,"key":"Whetstone"},{"floor":27.0,"key":"Paper Crane"},{"floor":39.0,"key":"Ginger"},{"floor":40,"key":"Kunai"},{"floor":42,"key":"Pear"},{"floor":43,"key":"Singing Bowl"},{"floor":44,"key":"Matryoshka"},{"floor":46,"key":"Bird Faced Urn"}],"event_choices":[{"event_name":"The Woman in Blue","player_choice":"Bought 3 Potions","floor":8.0,"damage_taken":0.0},{"event_name":"Beggar","player_choice":"Gave Gold","floor":21.0,"damage_taken":0.0},{"event_name":"Tomb of Lord Red Mask","player_choice":"Paid","floor":36.0,"damage_taken":0.0},{"event_name":"Falling","player_choice":"Removed Attack","floor":38.0,"damage_taken":0.0}],"is_beta":false,"boss_relics":[{"not_picked":["Black Star","Snecko Eye"],"picked":"Ectoplasm"},{"not_picked":["Velvet Choker","Philosopher\u0027s Stone"],"picked":"Empty Cage"}],"items_purged_floors":[],"is_endless":false,"potions_floor_spawned":[1,2,11,14,16,18,20,24,28,40,44,46],"ascension_level":4}