{"gold_per_floor":[13,13,13,27,46,46,80,80,80,110,124,124,124,143,143,222,222,242,242,242,259,275,275,300,300,300,329,344,355,355,375,375,375],"floor_reached":33,"playtime":1190,"items_purged":[],"score":520,"play_id":"19b0126c-2f48-4ff2-abf3-470b1c624748","local_time":"20181102112916","is_ascension_mode":true,"campfire_choices":[{"data":"Bash","floor":6.0,"key":"SMITH"},{"data":"Demon Form","floor":8.0,"key":"SMITH"},{"data":"True Grit","floor":12.0,"key":"SMITH"},{"data":"Shrug It Off","floor":15.0,"key":"SMITH"},{"data":"Immolate","floor":23.0,"key":"SMITH"},{"data":"Exhume","floor":25.0,"key":"SMITH"},{"floor":32,"key":"REST"}],"neow_cost":"NO_GOLD","seed_source_timestamp":87448063417062,"circlet_count":0,"master_deck":["AscendersBane","Strike_R","Strike_R","Strike_R","Strike_R","Strike_R","Defend_R","Defend_R","Defend_R","Defend_R","Bash+1","Demon Form+1","Pommel Strike","Shrug It Off","Shrug It Off+1","Reaper","True Grit+1","Iron Wave","Battle Trance","Immolate+1","Anger+1","Battle Trance","Exhume+1","Shrug It Off"],"special_seed":0,"relics":["Burning Blood","The Courier","Lantern","Ice Cream","Question Card","Cursed Key","Bag of Marbles","Dodecahedron","Enchiridion"],"potions_floor_usage":[27,31],"damage_taken":[{"damage":15.0,"enemies":"2 Louse","floor":1.0,"turns":4.0},{"damage":0.0,"enemies":"Small Slimes","floor":4.0,"turns":3.0},{"damage":7.0,"enemies":"Jaw Worm","floor":5.0,"turns":4.0},{"damage":30.0,"enemies":"Lagavulin","floor":7.0,"turns":9.0},{"damage":29.0,"enemies":"Gremlin Nob","floor":10.0,"turns":4.0},{"damage":8.0,"enemies":"Looter","floor":11.0,"turns":4.0},{"damage":0.0,"enemies":"2 Fungi Beasts","floor":14.0,"turns":5.0},{"damage":24.0,"enemies":"The Guardian","floor":16.0,"turns":11.0},{"damage":0.0,"enemies":"3 Byrds","floor":18.0,"turns":4.0},{"damage":10.0,"enemies":"Spheric Guardian","floor":21.0,"turns":4.0},{"damage":15.0,"enemies":"3 Cultists","floor":22.0,"turns":5.0},{"damage":22.0,"enemies":"Book of Stabbing","floor":24.0,"turns":5.0},{"damage":7,"enemies":"Slavers","floor":27,"turns":6},{"damage":7,"enemies":"Cultist and Chosen","floor":28,"turns":5},{"damage":37,"enemies":"Snecko","floor":29,"turns":6},{"damage":21,"enemies":"Snake Plant","floor":31,"turns":4},{"damage":53,"enemies":"Collector","floor":33,"turns":8}],"seed_played":"3628149481367179266","potions_obtained":[{"floor":1.0,"key":"Fire Potion"},{"floor":14.0,"key":"Explosive Potion"},{"floor":16.0,"key":"Energy Potion"},{"floor":20.0,"key":"SkillPotion"},{"floor":21.0,"key":"Block Potion"},{"floor":27,"key":"Block Potion"},{"floor":31,"key":"Strength Potion"}],"is_trial":false,"path_per_floor":["M","?","?","M","M","R","E","R","T","E","M","R","?","M","R","B",null,"M","?","?","M","M","R","E","R","T","E","M","M","?","M","R","B"],"character_chosen":"IRONCLAD","items_purchased":[],"campfire_rested":1,"item_purchase_floors":[],"current_hp_per_floor":[59,59,59,65,64,64,40,40,40,21,23,23,18,34,34,53,70,75,75,75,71,75,75,75,75,75,74,75,62,41,31,53,0],"gold":375,"neow_bonus":"THREE_RARE_CARDS","is_prod":false,"is_daily":false,"chose_seed":false,"campfire_upgraded":6,"win_rate":0,"timestamp":1541183356,"path_taken":["M","?","?","M","M","R","E","R","T","E","M","R","?","?","R","BOSS","M","?","?","M","?","R","E","R","T","E","M","M","?","M","R","BOSS"],"build_version":"2018-11-01","purchased_purges":0,"victory":false,"max_hp_per_floor":[75,75,75,75,75,75,75,75,75,75,75,75,75,75,75,75,75,75,75,75,75,75,75,75,75,75,75,75,75,75,75,75,75],"card_choices":[{"not_picked":["Juggernaut","Brutality"],"picked":"Demon Form","floor":0.0},{"not_picked":["Shrug It Off","Havoc"],"picked":"Pommel Strike","floor":1.0},{"not_picked":["Iron Wave","Hemokinesis"],"picked":"Shrug It Off","floor":4.0},{"not_picked":["True Grit","Evolve"],"picked":"Shrug It Off","floor":5.0},{"not_picked":["Cleave","Searing Blow"],"picked":"Reaper","floor":7.0},{"not_picked":["Burning Pact","Sentinel"],"picked":"True Grit","floor":10.0},{"not_picked":["Evolve","Rampage"],"picked":"Iron Wave","floor":11.0},{"not_picked":["Flex","Body Slam","Spot Weakness"],"picked":"Battle Trance","floor":14.0},{"not_picked":["Double Tap","Bludgeon","Brutality"],"picked":"Immolate","floor":16.0},{"not_picked":["Thunderclap","Warcry+1","Burning Pact"],"picked":"Anger+1","floor":18.0},{"not_picked":["Dropkick","Pommel Strike","Rage","Headbutt"],"picked":"SKIP","floor":21.0},{"not_picked":["Headbutt","Sword Boomerang","Cleave"],"picked":"Battle Trance","floor":22.0},{"not_picked":["Pommel Strike","Havoc+1","Dropkick"],"picked":"Exhume","floor":24.0},{"not_picked":["Dark Embrace","Thunderclap","Flex","Cleave+1"],"picked":"SKIP","floor":27},{"not_picked":["Evolve","Clothesline","Intimidate","Anger"],"picked":"SKIP","floor":28},{"not_picked":["Infernal Blade","Wild Strike+1","Anger","Bloodletting"],"picked":"SKIP","floor":29},{"not_picked":["Armaments","Warcry","Thunderclap"],"picked":"Shrug It Off","floor":31}],"player_experience":1558357,"relics_obtained":[{"floor":7.0,"key":"The Courier"},{"floor":9.0,"key":"Lantern"},{"floor":10.0,"key":"Ice Cream"},{"floor":24.0,"key":"Bag of Marbles"},{"floor":27,"key":"Dodecahedron"},{"floor":30,"key":"Enchiridion"}],"event_choices":[{"damage_healed":0.0,"max_hp_gain":0.0,"max_hp_loss":0.0,"gold_gain":0.0,"event_name":"Liars Game","player_choice":"Ignored","floor":2.0,"gold_loss":0.0,"damage_taken":0.0},{"damage_healed":0.0,"max_hp_gain":0.0,"max_hp_loss":0.0,"gold_gain":0.0,"event_name":"Golden Idol","player_choice":"Ignored","floor":3.0,"gold_loss":0.0,"damage_taken":0.0},{"damage_healed":0.0,"max_hp_gain":0.0,"max_hp_loss":0.0,"gold_gain":0.0,"event_name":"Scrap Ooze","player_choice":"Success","floor":13.0,"gold_loss":0.0,"damage_taken":5.0,"relics_obtained":["Question Card"]},{"damage_healed":0.0,"max_hp_gain":0.0,"max_hp_loss":0.0,"gold_gain":0.0,"event_name":"The Mausoleum","player_choice":"Ignored","floor":19.0,"gold_loss":0.0,"damage_taken":0.0},{"damage_healed":0.0,"max_hp_gain":0.0,"max_hp_loss":0.0,"gold_gain":0.0,"event_name":"Lab","player_choice":"Got Potions","floor":20.0,"gold_loss":0.0,"damage_taken":0.0},{"damage_healed":0,"gold_gain":0,"player_choice":"Obtained Book","damage_taken":21,"max_hp_gain":0,"max_hp_loss":0,"event_name":"Cursed Tome","floor":30,"gold_loss":0}],"is_beta":false,"boss_relics":[{"not_picked":["Velvet Choker","Mark of Pain"],"picked":"Cursed Key"}],"items_purged_floors":[],"is_endless":false,"potions_floor_spawned":[1,14,16,21,27,31],"killed_by":"Collector","ascension_level":15}