{"gold_per_floor":[113,38,58,74,74,74,101,101,101,118,138,138,152,168,168,242,242,258,183,183,193,193],"floor_reached":22,"playtime":805,"items_purged":["Strike_R"],"score":476,"play_id":"770a1f99-34fc-44a3-b47c-4eee14119e36","local_time":"20180910124717","is_ascension_mode":true,"campfire_choices":[{"data":"Inflame","floor":6,"key":"SMITH"},{"floor":8,"key":"REST"},{"data":"Twin Strike","floor":12,"key":"SMITH"},{"data":"Disarm","floor":15,"key":"SMITH"}],"neow_cost":"CURSE","seed_source_timestamp":33498377399784,"circlet_count":0,"master_deck":["Strike_R","Strike_R","Strike_R","Strike_R","Defend_R","Defend_R","Defend_R","Defend_R","Bash","AscendersBane","Offering+1","Twin Strike+1","Inflame+1","Shockwave+1","Flame Barrier","Ghostly Armor","Shrug It Off","Disarm+1","Pommel Strike","Fiend Fire","Battle Trance","Flex+1"],"relics":["Burning Blood","Question Card","Blue Candle","Eternal Feather"],"potions_floor_usage":[13,16],"damage_taken":[{"damage":7,"enemies":"2 Louse","floor":1,"turns":4},{"damage":8,"enemies":"Jaw Worm","floor":3,"turns":2},{"damage":6,"enemies":"Cultist","floor":4,"turns":3},{"damage":31,"enemies":"3 Sentries","floor":7,"turns":7},{"damage":6,"enemies":"Exordium Wildlife","floor":10,"turns":4},{"damage":7,"enemies":"Red Slaver","floor":11,"turns":4},{"damage":0,"enemies":"Looter","floor":13,"turns":1},{"damage":11,"enemies":"3 Louse","floor":14,"turns":4},{"damage":6,"enemies":"The Guardian","floor":16,"turns":11},{"damage":39,"enemies":"2 Thieves","floor":18,"turns":4},{"damage":6,"enemies":"Chosen","floor":21,"turns":2},{"damage":22,"enemies":"Sentry and Sphere","floor":22,"turns":4}],"seed_played":"-7655004605680598988","potions_obtained":[{"floor":1,"key":"FairyPotion"},{"floor":7,"key":"Strength Potion"},{"floor":10,"key":"Fire Potion"},{"floor":13,"key":"Strength Potion"},{"floor":16,"key":"FearPotion"}],"is_trial":false,"path_per_floor":["M","?","M","M","?","R","E","R","T","M","M","R","M","M","R","B",null,"M","$","?","M"],"character_chosen":"IRONCLAD","items_purchased":[],"campfire_rested":1,"item_purchase_floors":[],"current_hp_per_floor":[67,67,65,65,42,42,17,39,39,39,38,38,44,39,39,39,66,33,33,22,22,0],"gold":193,"neow_bonus":"THREE_RARE_CARDS","is_prod":false,"is_daily":false,"chose_seed":false,"campfire_upgraded":3,"win_rate":0,"timestamp":1536608837,"path_taken":["M","?","M","M","?","R","E","R","T","?","M","R","M","M","R","BOSS","M","$","?","M","M"],"build_version":"2018-09-06","purchased_purges":1,"victory":false,"max_hp_per_floor":[75,75,75,75,75,75,75,75,75,75,75,75,75,75,75,75,75,75,75,75,75,75],"card_choices":[{"not_picked":["Reaper","Demon Form"],"picked":"Offering","floor":0},{"not_picked":["Burning Pact","Iron Wave"],"picked":"Twin Strike","floor":1},{"not_picked":["Reckless Charge","Wild Strike"],"picked":"Inflame","floor":3},{"not_picked":["Blood for Blood","Body Slam"],"picked":"Shockwave","floor":4},{"not_picked":["Wild Strike","Heavy Blade"],"picked":"Flame Barrier","floor":7},{"not_picked":["Armaments","Anger","Hemokinesis"],"picked":"Ghostly Armor","floor":10},{"not_picked":["Clothesline","Warcry","Burning Pact"],"picked":"Shrug It Off","floor":11},{"not_picked":["Shockwave","Iron Wave","Clash"],"picked":"Disarm","floor":13},{"not_picked":["Anger","Thunderclap","Warcry"],"picked":"Pommel Strike","floor":14},{"not_picked":["Brutality","Juggernaut","Dark Embrace"],"picked":"Fiend Fire","floor":16},{"not_picked":["Seeing Red","True Grit","Entrench"],"picked":"Battle Trance","floor":18},{"not_picked":["Iron Wave","Intimidate","Entrench"],"picked":"Flex+1","floor":21}],"player_experience":1095616,"relics_obtained":[{"floor":7,"key":"Question Card"},{"floor":9,"key":"Blue Candle"}],"event_choices":[{"event_name":"The Cleric","player_choice":"Card Removal","floor":2,"damage_taken":0},{"event_name":"Shining Light","player_choice":"Entered Light","floor":5,"damage_taken":0},{"event_name":"Wheel of Change","player_choice":"Damage","floor":20,"damage_taken":0}],"is_beta":false,"boss_relics":[{"not_picked":["Fusion Hammer","Philosopher\u0027s Stone"],"picked":"Eternal Feather"}],"items_purged_floors":[19],"is_endless":false,"potions_floor_spawned":[1,7,10,13,16,18,21],"killed_by":"Sentry and Sphere","ascension_level":20}