{"gold_per_floor":[211,226,243,11,24,24,40,72,127,161,161,179,179,179,179,253,253,273,289,129,140,140,140,140,158,183,215,215,241,257,31,31,110,110,126,143,65,76,76,76,91,91,91,91,122,135,160,173,173,173],"floor_reached":51,"playtime":2482,"items_purged":["Strike_B"],"score":1597,"play_id":"ed6713dd-5a0d-4dab-96a4-f5cde7300d5e","local_time":"20190119092532","is_ascension_mode":true,"campfire_choices":[{"data":"Fission","floor":6.0,"key":"SMITH"},{"data":"Blizzard","floor":13.0,"key":"SMITH"},{"data":"Recycle","floor":15.0,"key":"SMITH"},{"floor":23.0,"key":"REST"},{"data":"Buffer","floor":28.0,"key":"SMITH"},{"data":"Biased Cognition","floor":32.0,"key":"SMITH"},{"data":"Panacea","floor":40,"key":"SMITH"},{"data":"Coolheaded","floor":42,"key":"SMITH"},{"data":"Electrodynamics","floor":44,"key":"SMITH"},{"data":"Capacitor","floor":49,"key":"SMITH"}],"neow_cost":"NONE","seed_source_timestamp":0,"circlet_count":0,"master_deck":["AscendersBane","Defend_B","Defend_B","Defend_B","Zap+1","Coolheaded+1","Ball Lightning","Glacier","Fission+1","Cold Snap","Compile Driver","Blizzard+1","Recycle+1","Biased Cognition+1","Loop+1","Recycle+1","Chill+1","Coolheaded+1","Compile Driver","Panacea+1","Buffer+1","Ball Lightning","Compile Driver","Defragment+1","Electrodynamics+1","Glacier","Core Surge","Capacitor+1"],"special_seed":0,"relics":["Cracked Core","Potion Belt","Lantern","Matryoshka","Astrolabe","Enchiridion","Regal Pillow","Pen Nib","Nunchaku","Blood Vial","Cursed Key","Du-Vu Doll","Juzu Bracelet"],"potions_floor_usage":[38,45,50,50,50],"damage_taken":[{"damage":7.0,"enemies":"Jaw Worm","floor":1.0,"turns":4.0},{"damage":0.0,"enemies":"Cultist","floor":2.0,"turns":3.0},{"damage":2.0,"enemies":"2 Louse","floor":3.0,"turns":3.0},{"damage":11.0,"enemies":"Lots of Slimes","floor":5.0,"turns":5.0},{"damage":0.0,"enemies":"3 Louse","floor":7.0,"turns":3.0},{"damage":0.0,"enemies":"Gremlin Nob","floor":8.0,"turns":3.0},{"damage":3.0,"enemies":"3 Sentries","floor":10.0,"turns":9.0},{"damage":0.0,"enemies":"Blue Slaver","floor":12.0,"turns":3.0},{"damage":7.0,"enemies":"Hexaghost","floor":16.0,"turns":9.0},{"damage":0.0,"enemies":"Spheric Guardian","floor":18.0,"turns":4.0},{"damage":7.0,"enemies":"3 Byrds","floor":19.0,"turns":5.0},{"damage":0.0,"enemies":"Centurion and Healer","floor":21.0,"turns":4.0},{"damage":0.0,"enemies":"3 Cultists","floor":25.0,"turns":4.0},{"damage":7.0,"enemies":"Book of Stabbing","floor":27.0,"turns":6.0},{"damage":0.0,"enemies":"Gremlin Leader","floor":29.0,"turns":6.0},{"damage":0.0,"enemies":"Snecko","floor":30.0,"turns":5.0},{"damage":0.0,"enemies":"Collector","floor":33.0,"turns":8.0},{"damage":0.0,"enemies":"3 Shapes","floor":35.0,"turns":3.0},{"damage":3.0,"enemies":"3 Darklings","floor":36.0,"turns":4.0},{"damage":0,"enemies":"Writhing Mass","floor":38,"turns":7},{"damage":0,"enemies":"Maw","floor":41,"turns":7},{"damage":0,"enemies":"Nemesis","floor":45,"turns":9},{"damage":0,"enemies":"Sphere and 2 Shapes","floor":46,"turns":4},{"damage":1,"enemies":"Giant Head","floor":47,"turns":8},{"damage":7,"enemies":"Jaw Worm Horde","floor":48,"turns":3},{"damage":0,"enemies":"Time Eater","floor":50,"turns":12}],"seed_played":"6948565045360615323","potions_obtained":[{"floor":1.0,"key":"Poison Potion"},{"floor":5.0,"key":"EssenceOfSteel"},{"floor":8.0,"key":"Energy Potion"},{"floor":10.0,"key":"Energy Potion"},{"floor":19.0,"key":"Poison Potion"},{"floor":29.0,"key":"EssenceOfSteel"},{"floor":30.0,"key":"SteroidPotion"},{"floor":38,"key":"Block Potion"},{"floor":46,"key":"Dexterity Potion"}],"is_trial":false,"path_per_floor":["M","M","M","$","M","R","M","E","T","E","?","M","R","?","R","B",null,"M","M","$","M","?","R","?","M","T","E","R","E","M","$","R","B",null,"M","M","$","M","?","R","M","R","T","R","E","M","E","M","R","B",null],"character_chosen":"DEFECT","items_purchased":["Fission","Regen Potion","Panacea","Electrodynamics","Glacier","Regen Potion"],"campfire_rested":1,"item_purchase_floors":[4,20,20,31,31,37],"current_hp_per_floor":[57,57,55,55,44,44,44,44,44,41,41,41,41,41,41,34,62,62,55,55,55,34,55,55,55,55,48,48,48,50,50,50,52,66,68,67,67,69,67,67,67,67,67,67,67,67,66,60,60,62],"gold":173,"neow_bonus":"HUNDRED_GOLD","is_prod":false,"is_daily":false,"chose_seed":false,"campfire_upgraded":9,"win_rate":0,"timestamp":1547918732,"path_taken":["M","M","M","$","M","R","M","E","T","E","?","M","R","?","R","BOSS","M","?","$","M","?","R","?","M","T","E","R","E","M","$","R","BOSS","M","M","?","M","?","R","M","R","T","R","E","M","E","M","R","BOSS"],"build_version":"2019-01-17v2","purchased_purges":1,"victory":true,"max_hp_per_floor":[71,71,71,71,71,71,71,71,71,71,71,71,71,71,71,71,71,71,71,71,71,71,71,71,71,71,71,71,71,71,71,71,71,71,71,71,71,71,67,67,67,67,67,67,67,67,67,67,67,67],"card_choices":[{"not_picked":["White Noise","Hologram"],"picked":"Coolheaded","floor":1.0},{"not_picked":["Chaos","Turbo"],"picked":"Ball Lightning","floor":2.0},{"not_picked":["Coolheaded","Compile Driver"],"picked":"Glacier","floor":3.0},{"not_picked":["Go for the Eyes","Compile Driver"],"picked":"Cold Snap","floor":5.0},{"not_picked":["Stack","Steam"],"picked":"Compile Driver","floor":7.0},{"not_picked":["Streamline","Gash","Stack"],"picked":"SKIP","floor":8.0},{"not_picked":["Conserve Battery","Coolheaded"],"picked":"Blizzard","floor":10.0},{"not_picked":["Streamline","Steam"],"picked":"Recycle","floor":12.0},{"not_picked":["Machine Learning","Hyperbeam"],"picked":"Biased Cognition","floor":16.0},{"not_picked":["Fusion","Turbo"],"picked":"Coolheaded+1","floor":18.0},{"not_picked":["Leap","Streamline"],"picked":"Compile Driver","floor":19.0},{"not_picked":["Loop","Coolheaded","Melter"],"picked":"SKIP","floor":21.0},{"not_picked":["Hologram","Leap"],"picked":"Ball Lightning","floor":25.0},{"not_picked":["Gash","Sweeping Beam","Beam Cell"],"picked":"SKIP","floor":27.0},{"not_picked":["Multi-Cast","Scrape"],"picked":"Compile Driver","floor":29.0},{"not_picked":["Reprogram","Cold Snap"],"picked":"Defragment+1","floor":30.0},{"not_picked":["Hyperbeam","Electrodynamics"],"picked":"Core Surge","floor":33.0},{"not_picked":["Barrage","Steam","Redo+1"],"picked":"SKIP","floor":35.0},{"not_picked":["Turbo","Steam","Leap+1"],"picked":"SKIP","floor":36.0},{"not_picked":["Conserve Battery","Steam Power","BootSequence"],"picked":"SKIP","floor":38},{"not_picked":["Rebound","Hologram","Reprogram+1"],"picked":"SKIP","floor":41},{"not_picked":["Reboot","Heatsinks+1"],"picked":"Capacitor","floor":45},{"not_picked":["Double Energy+1","Hologram","Melter"],"picked":"SKIP","floor":46},{"not_picked":["Leap","Hologram","Turbo"],"picked":"SKIP","floor":47},{"not_picked":["Fusion","Lockon+1","Go for the Eyes"],"picked":"SKIP","floor":48}],"player_experience":2020865,"relics_obtained":[{"floor":8.0,"key":"Potion Belt"},{"floor":9.0,"key":"Lantern"},{"floor":10.0,"key":"Matryoshka"},{"floor":22.0,"key":"Enchiridion"},{"floor":26.0,"key":"Regal Pillow"},{"floor":26.0,"key":"Pen Nib"},{"floor":27.0,"key":"Nunchaku"},{"floor":29.0,"key":"Blood Vial"},{"floor":45,"key":"Du-Vu Doll"},{"floor":47,"key":"Juzu Bracelet"}],"event_choices":[{"damage_healed":0.0,"max_hp_gain":0.0,"max_hp_loss":0.0,"gold_gain":0.0,"event_name":"Living Wall","player_choice":"Grow","floor":11.0,"gold_loss":0.0,"damage_taken":0.0,"cards_upgraded":["Zap"]},{"cards_removed":["Strike_B"],"damage_healed":0.0,"max_hp_gain":0.0,"max_hp_loss":0.0,"gold_gain":0.0,"event_name":"Bonfire Elementals","player_choice":"Offered Basic","floor":14.0,"gold_loss":0.0,"damage_taken":0.0},{"damage_healed":0.0,"max_hp_gain":0.0,"max_hp_loss":0.0,"gold_gain":0.0,"event_name":"Cursed Tome","player_choice":"Obtained Book","floor":22.0,"gold_loss":0.0,"damage_taken":21.0},{"damage_healed":0.0,"max_hp_gain":0.0,"max_hp_loss":0.0,"gold_gain":0.0,"cards_transformed":["Dualcast"],"event_name":"Transmorgrifier","player_choice":"Transformed","floor":24.0,"gold_loss":0.0,"damage_taken":0.0,"cards_obtained":["Buffer"]},{"damage_healed":0,"gold_gain":0,"player_choice":"Max HP","damage_taken":0,"max_hp_gain":0,"max_hp_loss":4,"event_name":"Winding Halls","floor":39,"gold_loss":0}],"is_beta":false,"boss_relics":[{"not_picked":["Lizard Tail","Black Star"],"picked":"Astrolabe"},{"not_picked":["Runic Dome","Velvet Choker"],"picked":"Cursed Key"}],"items_purged_floors":[4],"is_endless":false,"potions_floor_spawned":[1,5,8,10,19,25,29,30,33,38,46,47],"ascension_level":15}