{"gold_per_floor":[129,208,208,208,253,343,442,535,559,643,721,817,472,529,541,784,796,844,856,1168,1219,866,962,1061,1148,1148,571,646,739,823,919,919,1153,1153,1204,632,632,372,372,498,576,657,681,774,870,969,1047,1125,1125,1125,1125,1125,1125,10,91,91],"floor_reached":57,"playtime":2715,"items_purged":["Streamline","Shrug It Off","Hyperbeam","Feed+1","Tactician"],"score":4874,"play_id":"dec2abad-585c-40f5-9366-1cf26a95968d","local_time":"20190219232929","daily_mods":["SealedDeck","Vintage","Diverse","Colorless Cards","Flight","DeadlyEvents","Elite Swarm","Midas"],"is_ascension_mode":true,"campfire_choices":[{"floor":15,"key":"RECALL"},{"data":"Swift Strike+1","floor":32,"key":"PURGE"},{"data":"Reaper","floor":49,"key":"PURGE"},{"data":"Concentrate","floor":53,"key":"PURGE"}],"neow_cost":"","seed_source_timestamp":0,"circlet_count":0,"master_deck":["AscendersBane","True Grit+1","Backflip+1","Well Laid Plans","Deflect+1","Footwork","Apotheosis","Seek","Grand Finale","Echo Form","Burst+1","Master of Strategy+1","Impatience+1","After Image","Barricade"],"relics":["Ring of the Snake","PreservedInsect","War Paint","Vajra","Oddly Smooth Stone","Mango","Whetstone","Pen Nib","Bottled Lightning","Gremlin Horn","Question Card","MawBank","Sozu","Dream Catcher","Peace Pipe","Pear","Mercury Hourglass","Dodecahedron","Mummified Hand","Bottled Tornado","Unceasing Top","Matryoshka","Bag of Marbles","Prayer Wheel","Paper Crane","Toxic Egg 2","Ancient Tea Set","Coffee Dripper","Molten Egg 2","Membership Card","Sundial","Meat on the Bone","Bronze Scales","Tiny Chest","Thread and Needle","Ornamental Fan","Smiling Mask","Orichalcum","Incense Burner","Torii","The Courier","Omamori","Kunai","Chemical X","Shuriken","Nunchaku","Snake Skull","Letter Opener","Pantograph","Anchor","Blue Candle","Lantern","FossilizedHelix","Ninja Scroll","Gambling Chip"],"potions_floor_usage":[7,56,56],"damage_taken":[{"damage":0,"enemies":"Jaw Worm","floor":1,"turns":5},{"damage":0,"enemies":"Small Slimes","floor":5,"turns":4},{"damage":0,"enemies":"3 Sentries","floor":6,"turns":9},{"damage":22,"enemies":"Gremlin Nob","floor":7,"turns":4},{"damage":0,"enemies":"3 Sentries","floor":8,"turns":8},{"damage":0,"enemies":"Lagavulin","floor":10,"turns":4},{"damage":0,"enemies":"3 Sentries","floor":11,"turns":1},{"damage":0,"enemies":"Gremlin Nob","floor":12,"turns":2},{"damage":2,"enemies":"2 Louse","floor":14,"turns":2},{"damage":0,"enemies":"Slime Boss","floor":16,"turns":5},{"damage":0,"enemies":"Chosen","floor":18,"turns":3},{"damage":0,"enemies":"Colosseum Slavers","floor":20,"turns":1},{"damage":0,"enemies":"Colosseum Nobs","floor":20,"turns":2},{"damage":11,"enemies":"Spheric Guardian","floor":21,"turns":3},{"damage":2,"enemies":"Book of Stabbing","floor":23,"turns":4},{"damage":0,"enemies":"Slavers","floor":24,"turns":1},{"damage":3,"enemies":"Book of Stabbing","floor":25,"turns":3},{"damage":9,"enemies":"Slavers","floor":28,"turns":2},{"damage":0,"enemies":"Gremlin Leader","floor":29,"turns":2},{"damage":21,"enemies":"Slavers","floor":30,"turns":2},{"damage":0,"enemies":"Gremlin Leader","floor":31,"turns":2},{"damage":0,"enemies":"Automaton","floor":33,"turns":4},{"damage":0,"enemies":"3 Shapes","floor":35,"turns":1},{"damage":0,"enemies":"Giant Head","floor":40,"turns":2},{"damage":0,"enemies":"Reptomancer","floor":41,"turns":1},{"damage":0,"enemies":"Nemesis","floor":42,"turns":1},{"damage":0,"enemies":"Reptomancer","floor":44,"turns":1},{"damage":0,"enemies":"Nemesis","floor":45,"turns":3},{"damage":0,"enemies":"Giant Head","floor":46,"turns":1},{"damage":0,"enemies":"Reptomancer","floor":47,"turns":1},{"damage":0,"enemies":"Nemesis","floor":48,"turns":1},{"damage":0,"enemies":"Awakened One","floor":50,"turns":2},{"damage":0,"enemies":"Time Eater","floor":51,"turns":6},{"damage":0,"enemies":"Shield and Spear","floor":55,"turns":1},{"damage":0,"enemies":"The Heart","floor":56,"turns":5}],"seed_played":"-4758911304259741143","potions_obtained":[{"floor":1,"key":"Dexterity Potion"},{"floor":5,"key":"SteroidPotion"},{"floor":8,"key":"FearPotion"}],"is_trial":true,"path_per_floor":["M","?","?","?","M","E","E","E","T","E","E","E","$","M","R","B",null,"M","?","?","M","$","E","E","E","T","$","E","E","E","E","R","B",null,"M","$","?","$","?","E","E","E","T","E","E","E","E","E","R","B","B",null,"R","$","E","B",null],"character_chosen":"THE_SILENT","items_purchased":["Question Card","Dodecahedron","Matryoshka","Bag of Marbles","Membership Card","Sundial","Meat on the Bone","Master of Strategy+1","Bronze Scales","Kunai","Chemical X","Shuriken","Nunchaku","Snake Skull","Letter Opener","Pantograph","Anchor","Blue Candle","Lantern","FossilizedHelix","Ninja Scroll"],"campfire_rested":0,"item_purchase_floors":[13,22,27,27,36,36,36,38,38,54,54,54,54,54,54,54,54,54,54,54,54],"current_hp_per_floor":[59,59,59,64,64,64,52,84,84,92,92,92,92,94,94,96,96,96,96,110,103,103,101,114,114,114,114,105,114,93,118,118,118,118,118,118,118,118,108,116,116,116,116,118,118,118,118,118,118,118,118,118,118,118,118,118],"gold":91,"neow_bonus":"","is_prod":false,"is_daily":false,"chose_seed":false,"campfire_upgraded":0,"win_rate":0,"timestamp":1550590169,"path_taken":["M","?","?","?","?","E","E","E","T","E","E","E","$","M","R","BOSS","M","?","?","?","$","E","E","E","T","$","E","E","E","E","R","BOSS","M","$","?","$","?","E","E","E","T","E","E","E","?","E","R","BOSS","BOSS","R","$","E","BOSS"],"build_version":"2019-01-23","purchased_purges":5,"victory":true,"max_hp_per_floor":[66,66,66,71,71,71,71,88,88,92,92,92,92,96,96,96,96,96,96,110,114,114,114,114,114,114,114,114,114,114,118,118,118,118,118,118,118,118,118,118,118,118,118,118,118,118,118,118,118,118,118,118,118,118,118,118],"card_choices":[{"not_picked":["A Thousand Cuts","Glass Knife"],"picked":"Reaper","floor":6},{"not_picked":["Envenom","Brutality"],"picked":"Feed","floor":7},{"not_picked":["Meteor Strike","Creative AI"],"picked":"Hyperbeam","floor":8},{"not_picked":["Echo Form","Demon Form"],"picked":"Apotheosis","floor":10},{"not_picked":["Magnetism","Storm of Steel"],"picked":"Seek","floor":11},{"not_picked":["A Thousand Cuts","Die Die Die","Secret Weapon"],"picked":"SKIP","floor":12},{"not_picked":["Outmaneuver","Finisher","Streamline"],"picked":"Tactician","floor":20},{"not_picked":["Transmutation","Seek","Buffer","A Thousand Cuts"],"picked":"SKIP","floor":23},{"not_picked":["Amplify","Reaper","Malaise"],"picked":"Grand Finale","floor":24},{"not_picked":["Die Die Die","Glass Knife","Unload","Rainbow"],"picked":"SKIP","floor":25},{"not_picked":["Machine Learning","The Bomb","Sadistic Nature","Exhume"],"picked":"SKIP","floor":28},{"not_picked":["Wraith Form v2","Barricade","Metamorphosis"],"picked":"Echo Form","floor":29},{"not_picked":["Glass Knife","Envenom","Limit Break","Electrodynamics"],"picked":"SKIP","floor":30},{"not_picked":["HandOfGreed","Metamorphosis+1","After Image"],"picked":"Burst+1","floor":31},{"not_picked":["Good Instincts+1","Mayhem","Apotheosis+1"],"picked":"Impatience+1","floor":39},{"not_picked":["Electrodynamics","Reboot+1","Unload+1","A Thousand Cuts"],"picked":"SKIP","floor":40},{"not_picked":["Electrodynamics","Fission+1","Transmutation+1"],"picked":"After Image","floor":41},{"not_picked":["Double Tap+1","Corpse Explosion+1","Fiend Fire+1","Dark Embrace"],"picked":"SKIP","floor":42},{"not_picked":["Adrenaline+1","Juggernaut","Sadistic Nature"],"picked":"Barricade","floor":44},{"not_picked":["Multi-Cast+1","After Image","Reboot+1","Rainbow+1"],"picked":"SKIP","floor":45},{"not_picked":["Fission+1","Glass Knife+1","Electrodynamics","Berserk"],"picked":"SKIP","floor":46},{"not_picked":["Fission+1","Glass Knife+1","Electrodynamics","Berserk"],"picked":"SKIP","floor":46},{"not_picked":["Storm of Steel+1","Reaper+1","A Thousand Cuts","The Bomb+1"],"picked":"SKIP","floor":47},{"not_picked":["Juggernaut","Immolate+1","Reboot+1","Metamorphosis+1"],"picked":"SKIP","floor":48},{"not_picked":["Storm of Steel+1","Biased Cognition","Reaper+1","Buffer"],"picked":"SKIP","floor":55}],"player_experience":2638141,"relics_obtained":[{"floor":1,"key":"PreservedInsect"},{"floor":5,"key":"War Paint"},{"floor":6,"key":"Vajra"},{"floor":7,"key":"Oddly Smooth Stone"},{"floor":8,"key":"Mango"},{"floor":9,"key":"Whetstone"},{"floor":10,"key":"Pen Nib"},{"floor":11,"key":"Bottled Lightning"},{"floor":12,"key":"Gremlin Horn"},{"floor":14,"key":"MawBank"},{"floor":18,"key":"Dream Catcher"},{"floor":20,"key":"Peace Pipe"},{"floor":20,"key":"Pear"},{"floor":21,"key":"Mercury Hourglass"},{"floor":23,"key":"Mummified Hand"},{"floor":24,"key":"Bottled Tornado"},{"floor":25,"key":"Unceasing Top"},{"floor":28,"key":"Prayer Wheel"},{"floor":29,"key":"Paper Crane"},{"floor":30,"key":"Toxic Egg 2"},{"floor":31,"key":"Ancient Tea Set"},{"floor":35,"key":"Molten Egg 2"},{"floor":40,"key":"Tiny Chest"},{"floor":42,"key":"Thread and Needle"},{"floor":43,"key":"Ornamental Fan"},{"floor":43,"key":"Smiling Mask"},{"floor":44,"key":"Orichalcum"},{"floor":45,"key":"Incense Burner"},{"floor":46,"key":"Torii"},{"floor":47,"key":"The Courier"},{"floor":48,"key":"Omamori"},{"floor":55,"key":"Gambling Chip"}],"event_choices":[{"damage_healed":0,"gold_gain":79,"player_choice":"Gained Gold","damage_taken":0,"max_hp_gain":0,"max_hp_loss":0,"event_name":"Golden Wing","floor":2,"gold_loss":0},{"damage_healed":0,"gold_gain":0,"player_choice":"Grow","damage_taken":0,"max_hp_gain":0,"max_hp_loss":0,"event_name":"Living Wall","floor":3,"gold_loss":0,"cards_upgraded":["True Grit"]},{"damage_healed":0,"gold_gain":0,"player_choice":"Donut","damage_taken":0,"max_hp_gain":5,"max_hp_loss":0,"event_name":"Big Fish","floor":4,"gold_loss":0},{"cards_removed":["Coolheaded"],"damage_healed":0,"gold_gain":0,"player_choice":"Elegance","damage_taken":0,"max_hp_gain":0,"max_hp_loss":0,"event_name":"Back to Basics","floor":19,"gold_loss":0},{"damage_healed":0,"gold_gain":0,"player_choice":"Fight","damage_taken":0,"max_hp_gain":0,"max_hp_loss":0,"event_name":"Colosseum","floor":20,"gold_loss":0},{"damage_healed":0,"gold_gain":0,"player_choice":"Fought Nobs","damage_taken":0,"max_hp_gain":0,"max_hp_loss":0,"event_name":"Colosseum","floor":20,"gold_loss":0},{"damage_healed":0,"gold_gain":0,"player_choice":"Ignored","damage_taken":0,"max_hp_gain":0,"max_hp_loss":0,"event_name":"Tomb of Lord Red Mask","floor":37,"gold_loss":0},{"damage_healed":0,"gold_gain":0,"player_choice":"Memory 3","damage_taken":10,"max_hp_gain":0,"max_hp_loss":0,"event_name":"SensoryStone","floor":39,"gold_loss":0}],"is_beta":false,"boss_relics":[{"not_picked":["Lizard Tail","Snecko Eye"],"picked":"Sozu"},{"not_picked":["Empty Cage","Philosopher\u0027s Stone"],"picked":"Coffee Dripper"}],"items_purged_floors":[13,22,27,36,38],"is_endless":false,"potions_floor_spawned":[1,5,8,10,18,21,25,28,29,30,33,40,41,44,46,48],"ascension_level":20}