{"gold_per_floor":[118,293,308,193,213,213,245,245,272,272,286,304,106,106,106,204,204,217,217,229,129,129],"floor_reached":22,"playtime":1582,"items_purged":["Doubt","Writhe"],"score":184,"play_id":"b7e22afa-096a-42b1-ad34-d9dd5d2a212a","local_time":"20181007225927","is_ascension_mode":false,"campfire_choices":[{"data":"Whirlwind","floor":6,"key":"SMITH"},{"data":"Armaments","floor":8,"key":"SMITH"},{"data":"Rage","floor":10,"key":"SMITH"},{"data":"Panache","floor":15,"key":"SMITH"}],"neow_cost":"","seed_source_timestamp":1161465911454286,"circlet_count":0,"master_deck":["Strike_R","Strike_R","Strike_R","Strike_R","Strike_R","Defend_R","Defend_R","Defend_R","Defend_R","Bash","Shrug It Off","Whirlwind+1","Rage+1","Armaments+1","Uppercut","Panache+1","Injury","Injury","Inflame"],"relics":["Burning Blood","PreservedInsect","Red Skull","Ancient Tea Set","Calling Bell","Centennial Puzzle","Kunai","StoneCalendar"],"potions_floor_usage":[16,20],"damage_taken":[{"damage":0,"enemies":"2 Louse","floor":1,"turns":2},{"damage":8,"enemies":"Jaw Worm","floor":3,"turns":6},{"damage":0,"enemies":"Small Slimes","floor":5,"turns":2},{"damage":8,"enemies":"3 Sentries","floor":7,"turns":5},{"damage":7,"enemies":"3 Louse","floor":11,"turns":3},{"damage":4,"enemies":"Large Slime","floor":12,"turns":8},{"damage":29,"enemies":"The Guardian","floor":16,"turns":16},{"damage":44,"enemies":"Shell Parasite","floor":18,"turns":12},{"damage":10,"enemies":"Chosen","floor":20,"turns":4},{"damage":34,"enemies":"Snake Plant","floor":22,"turns":5}],"seed_played":"5257559173135523011","potions_obtained":[{"floor":1,"key":"Block Potion"},{"floor":3,"key":"Ancient Potion"},{"floor":7,"key":"SneckoOil"},{"floor":12,"key":"FearPotion"},{"floor":18,"key":"FearPotion"}],"is_trial":false,"path_per_floor":["M","?","M","$","M","R","E","R","T","R","M","M","$","?","R","B",null,"M","?","M","$"],"character_chosen":"IRONCLAD","items_purchased":["Rage","Panache"],"campfire_rested":0,"item_purchase_floors":[4,13],"current_hp_per_floor":[80,80,78,78,80,80,78,78,78,78,77,79,79,76,76,53,80,42,34,30,30,0],"gold":129,"neow_bonus":"","is_prod":false,"is_daily":false,"chose_seed":false,"campfire_upgraded":4,"win_rate":0.0,"timestamp":1538949567,"path_taken":["M","?","M","$","?","R","E","R","T","R","M","M","$","?","R","BOSS","M","?","M","$","M"],"build_version":"2018-10-04v2","purchased_purges":2,"victory":false,"max_hp_per_floor":[80,80,80,80,80,80,80,80,80,80,80,80,80,80,80,80,80,80,80,80,80,80],"card_choices":[{"not_picked":["Warcry","Sever Soul"],"picked":"Shrug It Off","floor":1},{"not_picked":["Dual Wield","Entrench"],"picked":"Whirlwind","floor":3},{"not_picked":["Body Slam","Disarm"],"picked":"Armaments","floor":5},{"not_picked":["Ghostly Armor","Dual Wield","Armaments"],"picked":"SKIP","floor":7},{"not_picked":["Twin Strike","Armaments"],"picked":"Uppercut","floor":11},{"not_picked":["Reckless Charge","Armaments","Uppercut"],"picked":"SKIP","floor":12},{"not_picked":["Iron Wave","Hemokinesis"],"picked":"Inflame","floor":18},{"not_picked":["Armaments","Shrug It Off+1","Pummel"],"picked":"SKIP","floor":20}],"player_experience":0,"relics_obtained":[{"floor":7,"key":"PreservedInsect"},{"floor":9,"key":"Red Skull"},{"floor":17,"key":"Centennial Puzzle"},{"floor":17,"key":"Kunai"},{"floor":17,"key":"StoneCalendar"}],"event_choices":[{"event_name":"Liars Game","player_choice":"agreed","floor":2,"damage_taken":0},{"event_name":"Scrap Ooze","player_choice":"success","floor":14,"damage_taken":3},{"event_name":"Knowing Skull","player_choice":"","floor":19,"damage_taken":0}],"is_beta":false,"boss_relics":[{"not_picked":["Coffee Dripper","Ectoplasm"],"picked":"Calling Bell"}],"items_purged_floors":[4,21],"is_endless":false,"potions_floor_spawned":[1,3,7,12,18],"killed_by":"Snake Plant","ascension_level":0}