{"gold_per_floor":[114,23,23,46,60,60,99,112,112,112,112,112,148,198,198,292,292,305,305,317,367,379,379,392,392,442,83,97,115,140,160,160,237,237,252,265,277,294,294,294,294],"floor_reached":41,"playtime":1985,"items_purged":["Strike_G"],"score":829,"play_id":"6f0cf360-dace-44f8-8f4f-dfd1361f6d1e","local_time":"20180911141136","is_ascension_mode":true,"campfire_choices":[{"floor":6.0,"key":"REST"},{"data":"A Thousand Cuts","floor":10.0,"key":"SMITH"},{"data":"Malaise","floor":12.0,"key":"SMITH"},{"data":"Neutralize","floor":15.0,"key":"SMITH"},{"data":"Adrenaline","floor":23.0,"key":"SMITH"},{"floor":32.0,"key":"REST"},{"floor":40,"key":"REST"}],"neow_cost":"NONE","seed_source_timestamp":11402332634956,"circlet_count":0,"master_deck":["Defend_G","Defend_G+1","Defend_G","Defend_G","Defend_G+1","Strike_G","Strike_G","Strike_G","Strike_G","Survivor","Neutralize+1","AscendersBane","Quick Slash","Backstab","Quick Slash","A Thousand Cuts+1","Malaise+1","Well Laid Plans","Slice","Adrenaline+1","Dagger Spray","Acrobatics+1","A Thousand Cuts","Cloak And Dagger","Dodge and Roll"],"special_seed":0,"relics":["Ring of the Snake","War Paint","Bloody Idol","Anchor","Letter Opener","Nunchaku","Dream Catcher","Busted Crown","MutagenicStrength","Bag of Marbles","Bottled Tornado","Tingsha","Fusion Hammer"],"potions_floor_usage":[37,41],"damage_taken":[{"damage":0.0,"enemies":"Small Slimes","floor":1.0,"turns":5.0},{"damage":0.0,"enemies":"2 Louse","floor":4.0,"turns":2.0},{"damage":0.0,"enemies":"Cultist","floor":5.0,"turns":3.0},{"damage":3.0,"enemies":"Gremlin Nob","floor":7.0,"turns":3.0},{"damage":0.0,"enemies":"2 Fungi Beasts","floor":8.0,"turns":3.0},{"damage":16.0,"enemies":"3 Sentries","floor":13.0,"turns":8.0},{"damage":20.0,"enemies":"Hexaghost","floor":16.0,"turns":13.0},{"damage":0.0,"enemies":"2 Thieves","floor":18.0,"turns":3.0},{"damage":0.0,"enemies":"Spheric Guardian","floor":20.0,"turns":3.0},{"damage":12.0,"enemies":"Cultist and Chosen","floor":22.0,"turns":7.0},{"damage":8.0,"enemies":"Chosen and Byrds","floor":24.0,"turns":6.0},{"damage":7.0,"enemies":"Snake Plant","floor":28.0,"turns":3.0},{"damage":0.0,"enemies":"Cultist and Chosen","floor":29.0,"turns":4.0},{"damage":18.0,"enemies":"Book of Stabbing","floor":30.0,"turns":5.0},{"damage":6.0,"enemies":"Snecko","floor":31.0,"turns":6.0},{"damage":27.0,"enemies":"Automaton","floor":33.0,"turns":10.0},{"damage":0.0,"enemies":"3 Shapes","floor":35.0,"turns":1.0},{"damage":0.0,"enemies":"Orb Walker","floor":36.0,"turns":2.0},{"damage":60,"enemies":"Spire Growth","floor":37,"turns":5},{"damage":0,"enemies":"Reptomancer","floor":38,"turns":3},{"damage":55,"enemies":"Giant Head","floor":41,"turns":7}],"seed_played":"-5784558955773010641","potions_obtained":[{"floor":4.0,"key":"FearPotion"},{"floor":7.0,"key":"Strength Potion"},{"floor":16.0,"key":"Ancient Potion"},{"floor":22.0,"key":"FearPotion"},{"floor":33.0,"key":"SteroidPotion"},{"floor":35.0,"key":"Energy Potion"}],"is_trial":false,"path_per_floor":["M","$","?","M","M","R","E","M","T","R","?","R","E","?","R","B",null,"M","?","M","?","M","R","M","?","T","$","M","M","E","M","R","B",null,"M","M","M","M","?","R"],"character_chosen":"THE_SILENT","items_purchased":["Backstab","Bottled Tornado"],"campfire_rested":3,"item_purchase_floors":[2,27],"current_hp_per_floor":[59,59,36,36,36,55,52,52,52,52,47,47,31,25,25,5,51,51,51,56,61,54,54,51,51,56,56,54,59,46,45,64,42,60,65,66,11,16,54,54,0],"gold":294,"neow_bonus":"RANDOM_COMMON_RELIC","is_prod":false,"is_daily":false,"chose_seed":false,"campfire_upgraded":4,"win_rate":0,"timestamp":1536700296,"path_taken":["M","$","?","M","M","R","E","M","T","R","?","R","E","?","R","BOSS","M","?","?","?","M","R","?","?","T","$","M","M","E","M","R","BOSS","M","M","M","?","?","R","E"],"build_version":"2018-09-06","purchased_purges":1,"victory":false,"max_hp_per_floor":[66,66,66,66,66,66,66,66,66,66,66,66,66,66,66,66,66,66,66,66,66,66,66,66,66,66,66,66,66,66,66,66,66,66,66,66,66,66,54,54,54],"card_choices":[{"not_picked":["Bane","Prepared"],"picked":"Quick Slash","floor":1.0},{"not_picked":["Bane","Dodge and Roll"],"picked":"Quick Slash","floor":4.0},{"not_picked":["Underhanded Strike","Distraction"],"picked":"A Thousand Cuts","floor":5.0},{"not_picked":["Slice","Concentrate"],"picked":"Malaise","floor":7.0},{"not_picked":["PiercingWail","Sucker Punch"],"picked":"Well Laid Plans","floor":8.0},{"not_picked":["Noxious Fumes","Underhanded Strike"],"picked":"Slice","floor":13.0},{"not_picked":["After Image","Envenom"],"picked":"Adrenaline","floor":16.0},{"not_picked":[],"picked":"Dagger Spray","floor":18.0},{"not_picked":["Setup"],"picked":"SKIP","floor":20.0},{"not_picked":["Outmaneuver"],"picked":"SKIP","floor":22.0},{"not_picked":["Prepared"],"picked":"SKIP","floor":24.0},{"not_picked":[],"picked":"Acrobatics+1","floor":28.0},{"not_picked":["Underhanded Strike"],"picked":"SKIP","floor":29.0},{"not_picked":["Flying Knee+1"],"picked":"SKIP","floor":30.0},{"not_picked":["Expertise"],"picked":"SKIP","floor":31.0},{"not_picked":[],"picked":"A Thousand Cuts","floor":33.0},{"not_picked":[],"picked":"Cloak And Dagger","floor":35.0},{"not_picked":["Dagger Throw"],"picked":"SKIP","floor":36.0},{"not_picked":["Well Laid Plans"],"picked":"SKIP","floor":37},{"not_picked":[],"picked":"Dodge and Roll","floor":38}],"player_experience":1106190,"relics_obtained":[{"floor":7.0,"key":"Anchor"},{"floor":9.0,"key":"Letter Opener"},{"floor":13.0,"key":"Dream Catcher"},{"floor":26.0,"key":"Bag of Marbles"},{"floor":30.0,"key":"Tingsha"}],"event_choices":[{"event_name":"Golden Idol","player_choice":"Take Damage","floor":3.0,"damage_taken":0.0},{"event_name":"Scrap Ooze","player_choice":"success","floor":11.0,"damage_taken":5.0},{"event_name":"FaceTrader","player_choice":"Touch","floor":14.0,"damage_taken":0.0},{"event_name":"Forgotten Altar","player_choice":"Gave Idol","floor":19.0,"damage_taken":0.0},{"event_name":"Nest","player_choice":"Stole From Cult","floor":21.0,"damage_taken":0.0},{"event_name":"Drug Dealer","player_choice":"Inject Mutagens","floor":25.0,"damage_taken":0.0},{"event_name":"The Moai Head","player_choice":"Heal","floor":39,"damage_taken":0}],"is_beta":false,"boss_relics":[{"not_picked":["Velvet Choker","Black Star"],"picked":"Busted Crown"},{"not_picked":["Sozu","Astrolabe"],"picked":"Fusion Hammer"}],"items_purged_floors":[27],"is_endless":false,"potions_floor_spawned":[4,7,16,22,28,33,35],"killed_by":"Giant Head","ascension_level":19}