{"gold_per_floor":[12,12,12,25,42,42,74,93,119,119,119,189,189,58,58,131,131,150,10,60,110,160,160,160],"floor_reached":24,"playtime":608,"items_purged":["Strike_B","Strike_B"],"score":409,"play_id":"fc9e4dac-0ffc-4a72-ad95-f9641b058026","local_time":"20190114141416","is_ascension_mode":true,"campfire_choices":[{"data":"Coolheaded","floor":6.0,"key":"SMITH"},{"data":"Blizzard","floor":11.0,"key":"SMITH"},{"floor":13.0,"key":"REST"},{"data":"Sweeping Beam","floor":15.0,"key":"SMITH"},{"data":"Electrodynamics","floor":23.0,"key":"SMITH"}],"neow_cost":"NO_GOLD","seed_source_timestamp":0,"circlet_count":0,"master_deck":["AscendersBane","Defend_B","Defend_B","Defend_B","Defend_B","Zap+1","Dualcast","Coolheaded+1","Ball Lightning","Blizzard+1","Sweeping Beam+1","Cold Snap","Electrodynamics+1","Static Discharge","Bite","Bite","Bite","Bite","Bite"],"special_seed":0,"relics":["Cracked Core","Art of War","SsserpentHead","Sozu","Question Card"],"potions_floor_usage":[],"damage_taken":[{"damage":0.0,"enemies":"Cultist","floor":1.0,"turns":3.0},{"damage":3.0,"enemies":"Jaw Worm","floor":4.0,"turns":4.0},{"damage":0.0,"enemies":"Small Slimes","floor":5.0,"turns":2.0},{"damage":13.0,"enemies":"Lagavulin","floor":7.0,"turns":7.0},{"damage":16.0,"enemies":"Exordium Wildlife","floor":8.0,"turns":6.0},{"damage":20.0,"enemies":"Large Slime","floor":12.0,"turns":5.0},{"damage":22.0,"enemies":"Slime Boss","floor":16.0,"turns":6.0},{"damage":6.0,"enemies":"Chosen","floor":18.0,"turns":4.0},{"damage":30,"enemies":"Gremlin Leader","floor":24,"turns":4}],"seed_played":"2269076747323705920","potions_obtained":[{"floor":4.0,"key":"GamblersBrew"},{"floor":5.0,"key":"FairyPotion"},{"floor":16.0,"key":"Energy Potion"}],"is_trial":false,"path_per_floor":["M","?","?","M","M","R","E","M","T","?","R","M","R","$","R","B",null,"M","$","?","T","?","R","E"],"character_chosen":"DEFECT","items_purchased":["Cold Snap","Fire Potion","Static Discharge"],"campfire_rested":1,"item_purchase_floors":[14,14,19],"current_hp_per_floor":[64,53,53,52,54,54,43,29,29,29,29,11,32,32,32,12,56,52,52,32,32,32,32,16],"gold":160,"neow_bonus":"REMOVE_TWO","is_prod":false,"is_daily":false,"chose_seed":false,"campfire_upgraded":4,"win_rate":0,"timestamp":1547493256,"path_taken":["M","?","?","M","M","R","E","M","T","?","R","?","R","?","R","BOSS","M","$","?","?","?","R","E"],"build_version":"2019-01-10","purchased_purges":2,"victory":false,"max_hp_per_floor":[71,71,71,71,71,71,71,71,71,71,71,71,71,71,71,71,71,71,71,76,76,76,76,76],"card_choices":[{"not_picked":["Go for the Eyes","Compile Driver"],"picked":"Coolheaded","floor":1.0},{"not_picked":["Leap","Cold Snap"],"picked":"Ball Lightning","floor":4.0},{"not_picked":["Beam Cell","Rebound"],"picked":"Blizzard","floor":5.0},{"not_picked":["Barrage","Self Repair"],"picked":"Sweeping Beam","floor":7.0},{"not_picked":["Core Surge","All For One"],"picked":"Electrodynamics","floor":16.0}],"player_experience":1627110,"relics_obtained":[{"floor":7.0,"key":"Art of War"},{"floor":21.0,"key":"Question Card"}],"event_choices":[{"damage_healed":0.0,"max_hp_gain":0.0,"max_hp_loss":0.0,"gold_gain":0.0,"event_name":"Scrap Ooze","player_choice":"Success","floor":2.0,"gold_loss":0.0,"damage_taken":11.0,"relics_obtained":["Blood Vial"]},{"damage_healed":0.0,"max_hp_gain":0.0,"max_hp_loss":0.0,"gold_gain":0.0,"event_name":"Living Wall","player_choice":"Grow","floor":3.0,"gold_loss":0.0,"damage_taken":0.0,"cards_upgraded":["Zap"]},{"damage_healed":0.0,"max_hp_gain":0.0,"max_hp_loss":0.0,"gold_gain":0.0,"event_name":"FaceTrader","player_choice":"Trade","floor":10.0,"gold_loss":0.0,"damage_taken":0.0,"relics_obtained":["SsserpentHead"]},{"damage_healed":0.0,"max_hp_gain":5.0,"max_hp_loss":0.0,"gold_gain":0.0,"event_name":"Forgotten Altar","player_choice":"Shed Blood","floor":20.0,"gold_loss":0.0,"damage_taken":25.0},{"damage_healed":0.0,"max_hp_gain":0.0,"max_hp_loss":0.0,"gold_gain":0.0,"event_name":"Vampires","player_choice":"Became a vampire (Vial)","floor":22.0,"relics_lost":["Blood Vial"],"gold_loss":0.0,"damage_taken":0.0,"cards_obtained":["Bite","Bite","Bite","Bite","Bite"]}],"is_beta":true,"boss_relics":[{"not_picked":["FrozenCore","Tiny House"],"picked":"Sozu"}],"items_purged_floors":[14,19],"is_endless":false,"potions_floor_spawned":[4,5,16,18],"killed_by":"Gremlin Leader","ascension_level":20}