{"gold_per_floor":[110,110,125,136,136,136,161,179,224,243,167,177,200,212,212,311,311,321,336,151,101,114,114,114],"floor_reached":24,"playtime":2189,"items_purged":[],"score":210,"play_id":"0750eb44-5b60-4074-84c9-897eccab6e40","local_time":"20181011202745","is_ascension_mode":true,"campfire_choices":[{"floor":6,"key":"REST"},{"floor":15,"key":"REST"},{"floor":23,"key":"REST"}],"neow_cost":"","seed_source_timestamp":80001687047095,"circlet_count":0,"master_deck":["Strike_B","Strike_B","Defend_B","Defend_B","Zap","Dualcast","Reinforced Body","White Noise","FTL","Static Discharge","Amplify","Leap","Beam Cell","All For One","Ball Lightning","Capacitor","Seek","Machine Learning+1","Defragment+1","Skim+1","Fusion+1","Beam Cell","Sunder","Melter","Capacitor","Barrage"],"relics":["Cracked Core","Shuriken","Regal Pillow","Bronze Scales","Anchor","Astrolabe"],"potions_floor_usage":[],"damage_taken":[{"damage":1,"enemies":"Jaw Worm","floor":1,"turns":4},{"damage":0,"enemies":"2 Louse","floor":3,"turns":2},{"damage":1,"enemies":"Cultist","floor":4,"turns":3},{"damage":12,"enemies":"Lagavulin","floor":7,"turns":7},{"damage":5,"enemies":"Looter","floor":8,"turns":3},{"damage":3,"enemies":"Exordium Thugs","floor":10,"turns":4},{"damage":0,"enemies":"Exordium Wildlife","floor":12,"turns":2},{"damage":8,"enemies":"Gremlin Gang","floor":14,"turns":3},{"damage":41,"enemies":"Hexaghost","floor":16,"turns":8},{"damage":0,"enemies":"Chosen","floor":18,"turns":5},{"damage":27,"enemies":"2 Thieves","floor":19,"turns":4},{"damage":30,"enemies":"Sentry and Sphere","floor":22,"turns":5},{"damage":55,"enemies":"Slavers","floor":24,"turns":4}],"seed_played":"-4889317276915900619","potions_obtained":[{"floor":3,"key":"Dexterity Potion"},{"floor":4,"key":"Strength Potion"},{"floor":14,"key":"FocusPotion"},{"floor":16,"key":"Energy Potion"}],"is_trial":false,"path_per_floor":["M","?","M","M","?","R","E","M","T","M","$","M","T","M","R","B",null,"M","M","$","$","M","R"],"character_chosen":"DEFECT","items_purchased":["All For One","Sunder","Melter","Capacitor","Barrage"],"campfire_rested":3,"item_purchase_floors":[11,20,20,20,21],"current_hp_per_floor":[74,62,62,61,61,75,63,58,58,55,55,55,55,47,75,34,75,75,48,48,48,18,55,0],"gold":114,"neow_bonus":"","is_prod":false,"is_daily":false,"chose_seed":false,"campfire_upgraded":0,"win_rate":0,"timestamp":1539286065,"path_taken":["M","?","M","?","?","R","E","?","T","M","?","?","?","M","R","BOSS","M","M","?","$","M","R","E"],"build_version":"2018-10-04v2","purchased_purges":0,"victory":false,"max_hp_per_floor":[75,75,75,75,75,75,75,75,75,75,75,75,75,75,75,75,75,75,75,75,75,75,75,75],"card_choices":[{"not_picked":["Leap","Self Repair"],"picked":"Reinforced Body","floor":1},{"not_picked":["Force Field","Redo"],"picked":"White Noise","floor":3},{"not_picked":["Turbo","Scrape"],"picked":"FTL","floor":4},{"not_picked":["Reprogram","Auto Shields"],"picked":"Amplify","floor":7},{"not_picked":["Reprogram","Rebound"],"picked":"Leap","floor":8},{"not_picked":["Compile Driver","Ball Lightning"],"picked":"Beam Cell","floor":10},{"not_picked":["Rebound","White Noise"],"picked":"Ball Lightning","floor":12},{"not_picked":["Beam Cell","Steam"],"picked":"Capacitor","floor":14},{"not_picked":["All For One","Creative AI"],"picked":"Seek","floor":16},{"not_picked":["Compile Driver","Heatsinks+1"],"picked":"Fusion+1","floor":18},{"not_picked":["Fusion","Coolheaded"],"picked":"Beam Cell","floor":19},{"not_picked":["Turbo","Steam","Coolheaded+1"],"picked":"SKIP","floor":22}],"player_experience":42725,"relics_obtained":[{"floor":7,"key":"Regal Pillow"},{"floor":9,"key":"Bronze Scales"},{"floor":13,"key":"Anchor"}],"event_choices":[{"event_name":"Scrap Ooze","player_choice":"success","floor":2,"damage_taken":12},{"event_name":"Transmorgrifier","player_choice":"Transform","floor":5,"damage_taken":0}],"is_beta":false,"boss_relics":[{"not_picked":["Velvet Choker","Empty Cage"],"picked":"Astrolabe"}],"items_purged_floors":[],"is_endless":false,"potions_floor_spawned":[3,4,14,16,19],"killed_by":"Slavers","ascension_level":1}