{"gold_per_floor":[359,359,429,394,83,115,115,135,135,153,153,187,197,209,209,309,309,324,179,199,218,231,231,262,262,289,303,303,315,334,359,359,359],"floor_reached":33,"playtime":2169,"items_purged":[],"score":478,"play_id":"e42d4203-b8ad-4953-949f-1a9a27e7d3c9","local_time":"20190117025057","is_ascension_mode":true,"campfire_choices":[{"floor":7.0,"key":"REST"},{"data":"Bash","floor":11.0,"key":"SMITH"},{"floor":15.0,"key":"REST"},{"data":"Flame Barrier","floor":23.0,"key":"SMITH"},{"data":"Shockwave","floor":25,"key":"SMITH"},{"data":"True Grit","floor":28,"key":"SMITH"},{"floor":32,"key":"REST"}],"neow_cost":"PERCENT_DAMAGE","seed_source_timestamp":2165403392010,"circlet_count":0,"master_deck":["AscendersBane","Strike_R","Strike_R","Strike_R","Strike_R","Strike_R","Defend_R","Defend_R","Defend_R","Defend_R","Bash+1","Clothesline","Battle Trance","Thunderclap","Shockwave+1","Flame Barrier+1","True Grit+1","Cleave","Impervious","Sentinel","Inflame","Shrug It Off"],"special_seed":0,"relics":["Burning Blood","Dodecahedron","StoneCalendar","Art of War","Pear","Orichalcum","Velvet Choker","Anchor","Potion Belt","Bag of Preparation","Pantograph"],"potions_floor_usage":[24,24,27,31],"damage_taken":[{"damage":10.0,"enemies":"Cultist","floor":1.0,"turns":5.0},{"damage":49.0,"enemies":"3 Sentries","floor":6.0,"turns":7.0},{"damage":4.0,"enemies":"2 Louse","floor":8.0,"turns":4.0},{"damage":7.0,"enemies":"Jaw Worm","floor":10.0,"turns":3.0},{"damage":26.0,"enemies":"Gremlin Nob","floor":12.0,"turns":4.0},{"damage":5.0,"enemies":"Exordium Wildlife","floor":13.0,"turns":4.0},{"damage":17.0,"enemies":"Lots of Slimes","floor":14.0,"turns":5.0},{"damage":39.0,"enemies":"Slime Boss","floor":16.0,"turns":7.0},{"damage":13.0,"enemies":"Spheric Guardian","floor":18.0,"turns":7.0},{"damage":0.0,"enemies":"Chosen","floor":20.0,"turns":4.0},{"damage":10.0,"enemies":"Snecko","floor":21.0,"turns":6.0},{"damage":7.0,"enemies":"Centurion and Healer","floor":22.0,"turns":8.0},{"damage":9,"enemies":"Gremlin Leader","floor":24,"turns":7},{"damage":9,"enemies":"3 Cultists","floor":27,"turns":7},{"damage":34,"enemies":"Sentry and Sphere","floor":29,"turns":7},{"damage":11,"enemies":"Shelled Parasite and Fungi","floor":30,"turns":7},{"damage":21,"enemies":"Slavers","floor":31,"turns":6},{"damage":84,"enemies":"Champ","floor":33,"turns":12}],"seed_played":"6693268351635754235","potions_obtained":[{"floor":12.0,"key":"SteroidPotion"},{"floor":14.0,"key":"Poison Potion"},{"floor":16.0,"key":"Swift Potion"},{"floor":21.0,"key":"Swift Potion"},{"floor":22.0,"key":"Explosive Potion"},{"floor":24,"key":"Poison Potion"},{"floor":30,"key":"Fire Potion"}],"is_trial":false,"path_per_floor":["M","?","?","?","$","E","R","M","T","M","R","E","M","M","R","B",null,"M","$","M","M","M","R","E","R","T","M","R","M","M","E","R","B"],"character_chosen":"IRONCLAD","items_purchased":["StoneCalendar","Anchor"],"campfire_rested":3,"item_purchase_floors":[5,19],"current_hp_per_floor":[47,44,44,64,64,21,45,47,57,56,56,36,37,26,53,20,73,66,66,72,68,67,67,64,64,64,61,61,33,28,13,40,0],"gold":359,"neow_bonus":"TWO_FIFTY_GOLD","is_prod":false,"is_daily":false,"chose_seed":false,"campfire_upgraded":4,"win_rate":0,"timestamp":1547689857,"path_taken":["M","?","?","?","$","E","R","M","T","M","R","E","?","M","R","BOSS","M","?","M","?","M","R","E","R","T","M","R","M","?","E","R","BOSS"],"build_version":"2019-01-10","purchased_purges":0,"victory":false,"max_hp_per_floor":[80,80,80,80,80,80,80,80,90,90,90,90,90,90,90,90,90,90,90,90,90,90,90,90,90,90,90,90,90,90,90,90,90],"card_choices":[{"not_picked":["Twin Strike","Anger"],"picked":"Clothesline","floor":1.0},{"not_picked":["Infernal Blade","Warcry"],"picked":"Battle Trance","floor":6.0},{"not_picked":["Clash","Flex"],"picked":"Thunderclap","floor":8.0},{"not_picked":["Flex","Disarm"],"picked":"Shockwave","floor":10.0},{"not_picked":["Iron Wave","Twin Strike"],"picked":"Flame Barrier","floor":12.0},{"not_picked":["Limit Break","Thunderclap"],"picked":"True Grit","floor":13.0},{"not_picked":["Seeing Red","Warcry"],"picked":"Cleave","floor":14.0},{"not_picked":["Berserk","Double Tap"],"picked":"Impervious","floor":16.0},{"not_picked":["Heavy Blade","Thunderclap","Wild Strike"],"picked":"SKIP","floor":18.0},{"not_picked":["Clash","Iron Wave","Second Wind"],"picked":"SKIP","floor":20.0},{"not_picked":["Flex","Perfected Strike","Headbutt"],"picked":"SKIP","floor":21.0},{"not_picked":["Iron Wave","Thunderclap","Wild Strike"],"picked":"SKIP","floor":22.0},{"not_picked":["Clash","Perfected Strike","Flex"],"picked":"SKIP","floor":24},{"not_picked":["Flex","Hemokinesis","Combust"],"picked":"SKIP","floor":27},{"not_picked":["Warcry","Headbutt"],"picked":"Sentinel","floor":29},{"not_picked":["Iron Wave","Evolve+1"],"picked":"Inflame","floor":30},{"not_picked":["Clothesline","Perfected Strike"],"picked":"Shrug It Off","floor":31}],"player_experience":484279,"relics_obtained":[{"floor":6.0,"key":"Art of War"},{"floor":9.0,"key":"Pear"},{"floor":12.0,"key":"Orichalcum"},{"floor":24,"key":"Potion Belt"},{"floor":26,"key":"Bag of Preparation"},{"floor":31,"key":"Pantograph"}],"event_choices":[{"damage_healed":0.0,"max_hp_gain":0.0,"max_hp_loss":0.0,"gold_gain":0.0,"event_name":"Scrap Ooze","player_choice":"Success","floor":2.0,"gold_loss":0.0,"damage_taken":3.0,"relics_obtained":["Dodecahedron"]},{"damage_healed":0.0,"max_hp_gain":0.0,"max_hp_loss":0.0,"gold_gain":70.0,"event_name":"Golden Wing","player_choice":"Gained Gold","floor":3.0,"gold_loss":0.0,"damage_taken":0.0},{"damage_healed":20.0,"max_hp_gain":0.0,"max_hp_loss":0.0,"gold_gain":0.0,"event_name":"The Cleric","player_choice":"Healed","floor":4.0,"gold_loss":35.0,"damage_taken":0.0}],"is_beta":false,"boss_relics":[{"not_picked":["Snecko Eye","White Beast Statue"],"picked":"Velvet Choker"}],"items_purged_floors":[],"is_endless":false,"potions_floor_spawned":[12,14,16,21,22,24,30],"killed_by":"Champ","ascension_level":12}