{"gold_per_floor":[364,380,148,161,161,161,192,203,203,231,231,78,78,103,103,181,181,196,107,107,107,126,126,153,153,153,253,280,298,328,339,339,416,416,435,486,1485,695,695,695,16,30,53,88,101,130,130,161,161,161,161,161,161,72,98,98],"floor_reached":57,"playtime":3047,"items_purged":["Strike_R","Strike_R","Normality","Normality"],"score":3699,"play_id":"8bd12a96-cbb9-4b8a-a7e5-ae39b2e9109b","local_time":"20190219174451","is_ascension_mode":true,"campfire_choices":[{"data":"Carnage","floor":6.0,"key":"SMITH"},{"data":"Feel No Pain","floor":11.0,"key":"SMITH"},{"data":"Evolve","floor":15.0,"key":"SMITH"},{"floor":23.0,"key":"REST"},{"data":"Burning Pact","floor":32.0,"key":"SMITH"},{"data":"Second Wind","floor":40.0,"key":"SMITH"},{"floor":47.0,"key":"RECALL"},{"data":"Power Through","floor":49.0,"key":"SMITH"},{"data":"Offering","floor":53.0,"key":"SMITH"}],"neow_cost":"PERCENT_DAMAGE","seed_source_timestamp":0,"circlet_count":0,"master_deck":["AscendersBane","Strike_R","Strike_R","Defend_R+1","Defend_R","Defend_R","Defend_R","Bash","Pommel Strike","Battle Trance","Carnage+1","Evolve+1","Feel No Pain+1","Burning Pact+1","Reckless Charge","Offering+1","Second Wind+1","Havoc","Power Through+1","Barricade","Magnetism","Metallicize","Corruption","Apotheosis+1","Shrug It Off+1"],"special_seed":0,"relics":["Burning Blood","Charon\u0027s Ashes","Dead Branch","Turnip","Pantograph","Snecko Eye","Bag of Preparation","The Courier","Nunchaku","Matryoshka","Ancient Tea Set","Blood Vial","Black Star","Magic Flower","Ice Cream","ClockworkSouvenir","Pen Nib","Potion Belt","Toy Ornithopter","Happy Flower","War Paint","Bottled Tornado","Vajra","Champion Belt","Mercury Hourglass","PreservedInsect","Bottled Flame","Letter Opener","Mummified Hand"],"potions_floor_usage":[56,56],"damage_taken":[{"damage":2.0,"enemies":"Cultist","floor":1.0,"turns":4.0},{"damage":3.0,"enemies":"2 Louse","floor":2.0,"turns":2.0},{"damage":7.0,"enemies":"Jaw Worm","floor":4.0,"turns":3.0},{"damage":8.0,"enemies":"Gremlin Nob","floor":7.0,"turns":3.0},{"damage":17.0,"enemies":"3 Louse","floor":8.0,"turns":3.0},{"damage":7.0,"enemies":"3 Sentries","floor":10.0,"turns":5.0},{"damage":4.0,"enemies":"Gremlin Nob","floor":14.0,"turns":3.0},{"damage":3.0,"enemies":"Hexaghost","floor":16.0,"turns":7.0},{"damage":23.0,"enemies":"Spheric Guardian","floor":18.0,"turns":6.0},{"damage":22.0,"enemies":"2 Thieves","floor":22.0,"turns":3.0},{"damage":6.0,"enemies":"Book of Stabbing","floor":24.0,"turns":3.0},{"damage":0.0,"enemies":"Colosseum Slavers","floor":27.0,"turns":3.0},{"damage":13.0,"enemies":"Colosseum Nobs","floor":27.0,"turns":2.0},{"damage":19.0,"enemies":"Gremlin Leader","floor":28.0,"turns":4.0},{"damage":6.0,"enemies":"Snake Plant","floor":29.0,"turns":4.0},{"damage":13.0,"enemies":"Book of Stabbing","floor":30.0,"turns":5.0},{"damage":0.0,"enemies":"Centurion and Healer","floor":31.0,"turns":8.0},{"damage":6.0,"enemies":"Collector","floor":33.0,"turns":4.0},{"damage":12.0,"enemies":"3 Darklings","floor":35.0,"turns":3.0},{"damage":20.0,"enemies":"2 Orb Walkers","floor":36.0,"turns":4.0},{"damage":3.0,"enemies":"Orb Walker","floor":42.0,"turns":2.0},{"damage":6.0,"enemies":"Reptomancer","floor":44.0,"turns":3.0},{"damage":6.0,"enemies":"3 Darklings","floor":45.0,"turns":1.0},{"damage":0.0,"enemies":"Nemesis","floor":46.0,"turns":1.0},{"damage":9.0,"enemies":"Giant Head","floor":48.0,"turns":1.0},{"damage":9.0,"enemies":"Awakened One","floor":50.0,"turns":2.0},{"damage":9.0,"enemies":"Donu and Deca","floor":51.0,"turns":2.0},{"damage":6.0,"enemies":"Shield and Spear","floor":55.0,"turns":1.0},{"damage":23,"enemies":"The Heart","floor":56,"turns":6}],"seed_played":"-4934430986420010666","potions_obtained":[{"floor":1.0,"key":"Block Potion"},{"floor":10.0,"key":"PowerPotion"},{"floor":18.0,"key":"BloodPotion"},{"floor":22.0,"key":"SpeedPotion"},{"floor":28.0,"key":"Block Potion"},{"floor":30.0,"key":"AttackPotion"},{"floor":44.0,"key":"Dexterity Potion"}],"is_trial":false,"path_per_floor":["M","M","$","M","?","R","E","M","T","E","R","$","?","E","R","B",null,"M","$","?","?","M","R","E","T","T","?","E","M","E","M","R","B",null,"M","?","?","$","?","R","$","M","T","E","M","E","R","E","R","B","B",null,"R","$","E","B",null],"character_chosen":"IRONCLAD","items_purchased":["Carnage","Evolve","SkillPotion","Second Wind","Ice Cream","ClockworkSouvenir","Pen Nib","Potion Belt","Metallicize","Corruption","Apotheosis","Toy Ornithopter","Swift Potion","AttackPotion","SkillPotion","SpeedPotion"],"campfire_rested":1,"item_purchase_floors":[3,3,12,19,38,38,38,38,41,41,41,41,41,41,54,54],"current_hp_per_floor":[54,57,57,56,49,49,47,36,36,35,35,35,40,42,42,70,78,61,61,61,38,30,55,55,55,55,54,41,41,34,42,42,69,81,77,65,65,65,55,55,55,64,64,70,76,85,85,85,85,85,85,85,85,85,85,85],"gold":98,"neow_bonus":"TWO_FIFTY_GOLD","is_prod":false,"is_daily":false,"chose_seed":false,"campfire_upgraded":7,"win_rate":0,"timestamp":1550569491,"path_taken":["M","M","$","M","?","R","E","M","T","E","R","$","?","E","R","BOSS","M","$","?","?","M","R","E","?","T","?","E","M","E","M","R","BOSS","M","?","?","$","?","R","$","M","T","E","M","E","R","E","R","BOSS","BOSS","R","$","E","BOSS"],"build_version":"2019-01-23","purchased_purges":4,"victory":true,"max_hp_per_floor":[75,75,75,75,75,75,75,75,75,75,75,75,80,80,80,80,80,80,80,80,85,85,85,85,85,85,85,85,85,85,85,85,85,85,85,85,85,85,85,85,85,85,85,85,85,85,85,85,85,85,85,85,85,85,85,85],"card_choices":[{"not_picked":["Searing Blow","Seeing Red"],"picked":"Pommel Strike","floor":1.0},{"not_picked":["Entrench","Thunderclap"],"picked":"Battle Trance","floor":2.0},{"not_picked":["Pommel Strike","Body Slam"],"picked":"Feel No Pain","floor":4.0},{"not_picked":["Fire Breathing","Infernal Blade","Exhume"],"picked":"SKIP","floor":7.0},{"not_picked":["Rupture","Armaments","Havoc"],"picked":"SKIP","floor":8.0},{"not_picked":["Bloodletting","Perfected Strike"],"picked":"Burning Pact","floor":10.0},{"not_picked":["Inflame","Cleave"],"picked":"Reckless Charge","floor":14.0},{"not_picked":["Immolate","Impervious"],"picked":"Offering","floor":16.0},{"not_picked":["Sword Boomerang+1","Cleave","Body Slam"],"picked":"SKIP","floor":18.0},{"not_picked":["Bloodletting","Heavy Blade"],"picked":"Havoc","floor":22.0},{"not_picked":["Flex","Perfected Strike","Clash"],"picked":"SKIP","floor":24.0},{"not_picked":["Spot Weakness","Pommel Strike","Clash"],"picked":"SKIP","floor":28.0},{"not_picked":["Spot Weakness","Pommel Strike","Clash"],"picked":"SKIP","floor":28.0},{"not_picked":["Feel No Pain","Headbutt","Shrug It Off"],"picked":"SKIP","floor":29.0},{"not_picked":["Feel No Pain","Headbutt","Shrug It Off"],"picked":"SKIP","floor":29.0},{"not_picked":["Sword Boomerang","Reaper"],"picked":"Power Through","floor":30.0},{"not_picked":["Wild Strike","Headbutt","Ghostly Armor"],"picked":"SKIP","floor":31.0},{"not_picked":["Feed","Limit Break"],"picked":"Barricade","floor":33.0},{"not_picked":["Pummel+1","Heavy Blade","Burning Pact+1"],"picked":"SKIP","floor":35.0},{"not_picked":["Panache","Finesse"],"picked":"Magnetism","floor":39.0},{"not_picked":["Pommel Strike","Dropkick","Shrug It Off"],"picked":"SKIP","floor":42.0},{"not_picked":["Whirlwind","Reckless Charge+1","Armaments"],"picked":"SKIP","floor":44.0},{"not_picked":["Whirlwind","Reckless Charge+1","Armaments"],"picked":"SKIP","floor":44.0},{"not_picked":["True Grit","Clothesline","Sword Boomerang"],"picked":"SKIP","floor":45.0},{"not_picked":["True Grit","Clothesline","Sword Boomerang"],"picked":"SKIP","floor":45.0},{"not_picked":["Reckless Charge+1","Pummel","Rage+1"],"picked":"SKIP","floor":46.0},{"not_picked":["Reckless Charge+1","Pummel","Rage+1"],"picked":"SKIP","floor":46.0},{"not_picked":["Reckless Charge+1","Pummel","Rage+1"],"picked":"SKIP","floor":46.0},{"not_picked":["Blood for Blood","Evolve","Burning Pact+1"],"picked":"SKIP","floor":48.0},{"not_picked":["Blood for Blood","Evolve","Burning Pact+1"],"picked":"SKIP","floor":48.0},{"not_picked":["Flex+1","Rage"],"picked":"Shrug It Off+1","floor":55.0}],"player_experience":2632230,"relics_obtained":[{"floor":7.0,"key":"Charon\u0027s Ashes"},{"floor":9.0,"key":"Dead Branch"},{"floor":10.0,"key":"Turnip"},{"floor":14.0,"key":"Pantograph"},{"floor":24.0,"key":"Bag of Preparation"},{"floor":26.0,"key":"The Courier"},{"floor":27.0,"key":"Nunchaku"},{"floor":27.0,"key":"Matryoshka"},{"floor":28.0,"key":"Ancient Tea Set"},{"floor":30.0,"key":"Blood Vial"},{"floor":36.0,"key":"Magic Flower"},{"floor":43.0,"key":"Happy Flower"},{"floor":43.0,"key":"War Paint"},{"floor":44.0,"key":"Bottled Tornado"},{"floor":44.0,"key":"Vajra"},{"floor":46.0,"key":"Champion Belt"},{"floor":46.0,"key":"Mercury Hourglass"},{"floor":48.0,"key":"PreservedInsect"},{"floor":48.0,"key":"Bottled Flame"},{"floor":55.0,"key":"Letter Opener"},{"floor":55.0,"key":"Mummified Hand"}],"event_choices":[{"cards_removed":["Strike_R"],"damage_healed":0.0,"max_hp_gain":0.0,"max_hp_loss":0.0,"gold_gain":0.0,"event_name":"Golden Wing","player_choice":"Card Removal","floor":5.0,"gold_loss":0.0,"damage_taken":7.0},{"damage_healed":0.0,"max_hp_gain":5.0,"max_hp_loss":0.0,"gold_gain":0.0,"event_name":"Big Fish","player_choice":"Donut","floor":13.0,"gold_loss":0.0,"damage_taken":0.0},{"damage_healed":0.0,"max_hp_gain":0.0,"max_hp_loss":0.0,"gold_gain":0.0,"event_name":"The Mausoleum","player_choice":"Ignored","floor":20.0,"gold_loss":0.0,"damage_taken":0.0},{"damage_healed":0.0,"max_hp_gain":5.0,"max_hp_loss":0.0,"gold_gain":0.0,"event_name":"Forgotten Altar","player_choice":"Shed Blood","floor":21.0,"gold_loss":0.0,"damage_taken":28.0},{"damage_healed":0.0,"max_hp_gain":0.0,"max_hp_loss":0.0,"gold_gain":0.0,"event_name":"Colosseum","player_choice":"Fight","floor":27.0,"gold_loss":0.0,"damage_taken":0.0},{"damage_healed":0.0,"max_hp_gain":0.0,"max_hp_loss":0.0,"gold_gain":0.0,"event_name":"Colosseum","player_choice":"Fought Nobs","floor":27.0,"gold_loss":0.0,"damage_taken":0.0},{"damage_healed":0.0,"max_hp_gain":0.0,"max_hp_loss":0.0,"gold_gain":0.0,"event_name":"Mysterious Sphere","player_choice":"Fight","floor":36.0,"gold_loss":0.0,"damage_taken":0.0},{"damage_healed":0.0,"max_hp_gain":0.0,"max_hp_loss":0.0,"gold_gain":999.0,"event_name":"MindBloom","player_choice":"Gold","floor":37.0,"gold_loss":0.0,"damage_taken":0.0,"cards_obtained":["Normality","Normality"]},{"damage_healed":0.0,"max_hp_gain":0.0,"max_hp_loss":0.0,"gold_gain":0.0,"event_name":"SensoryStone","player_choice":"Memory 3","floor":39.0,"gold_loss":0.0,"damage_taken":10.0}],"is_beta":false,"boss_relics":[{"not_picked":["Pandora\u0027s Box","Busted Crown"],"picked":"Snecko Eye"},{"not_picked":["Runic Pyramid","Calling Bell"],"picked":"Black Star"}],"items_purged_floors":[3,12,38,41],"is_endless":false,"potions_floor_spawned":[1,10,14,18,22,28,30,31,35,36,44,48],"ascension_level":20}