{"gold_per_floor":[109,22,33,33,51,67,67,79,79,79,108,108,127,154,154,254,254,267,297,3,3,19,19,45,45,72,27,27,43,43,73,73,173,173,193,193,415,430,430,430,446,446,446,461,477,503,515,34,34,34],"floor_reached":51,"playtime":4108,"items_purged":["Strike_B"],"score":1096,"play_id":"537f1812-915c-42b7-acf8-0975390eb63d","local_time":"20180627144914","is_ascension_mode":true,"campfire_choices":[{"data":"Zap","floor":7,"key":"SMITH"},{"data":"Dualcast","floor":12,"key":"SMITH"},{"data":"Capacitor","floor":15,"key":"SMITH"},{"floor":23,"key":"REST"},{"data":"Machine Learning","floor":25,"key":"SMITH"},{"data":"Go for the Eyes","floor":28,"key":"SMITH"},{"data":"Streamline","floor":32,"key":"SMITH"},{"floor":40,"key":"DIG"},{"floor":42,"key":"DIG"},{"floor":49,"key":"REST"}],"neow_cost":"CURSE","seed_source_timestamp":50871408221896,"circlet_count":0,"master_deck":["Defend_B","Defend_B","Defend_B","Zap+1","Dualcast+1","AscendersBane","Parasite","Seek","Compile Driver","Streamline+1","Reinforced Body","Beam Cell","Go for the Eyes+1","Conserve Battery","Seek","Capacitor+1","Glacier","BootSequence","Machine Learning+1","Recycle+1","Cold Snap+1","Lockon+1","Sunder+1","Steam+1","Conserve Battery+1","Double Energy+1","Doom and Gloom+1","Coolheaded+1","Beam Cell+1","Conserve Battery+1","Biased Cognition","Steam Power+1","Stack+1","Conserve Battery+1","Barrage+1","Hologram+1","Blind+1"],"relics":["Cracked Core","Bag of Marbles","Unceasing Top","Letter Opener","Regal Pillow","Astrolabe","Red Mask","Toxic Egg 2","Thread and Needle","Oddly Smooth Stone","Shovel","Busted Crown","Torii","Ancient Tea Set","Peace Pipe","Frozen Egg 2","Ornamental Fan"],"potions_floor_usage":[13,19,33,33,46,50],"damage_taken":[{"damage":1,"enemies":"Cultist","floor":1,"turns":4},{"damage":1,"enemies":"2 Louse","floor":3,"turns":2},{"damage":4,"enemies":"Jaw Worm","floor":5,"turns":3},{"damage":3,"enemies":"Blue Slaver","floor":6,"turns":4},{"damage":0,"enemies":"Large Slime","floor":8,"turns":3},{"damage":15,"enemies":"Lagavulin","floor":11,"turns":7},{"damage":0,"enemies":"Looter","floor":13,"turns":2},{"damage":5,"enemies":"3 Sentries","floor":14,"turns":7},{"damage":37,"enemies":"Slime Boss","floor":16,"turns":13},{"damage":13,"enemies":"Spheric Guardian","floor":18,"turns":5},{"damage":0,"floor":19,"turns":3},{"damage":3,"enemies":"Shell Parasite","floor":22,"turns":7},{"damage":11,"enemies":"Book of Stabbing","floor":24,"turns":6},{"damage":0,"enemies":"Chosen and Byrds","floor":29,"turns":6},{"damage":6,"enemies":"Slavers","floor":31,"turns":5},{"damage":38,"enemies":"Collector","floor":33,"turns":10},{"damage":0,"enemies":"3 Darklings","floor":35,"turns":5},{"damage":0,"enemies":"3 Shapes","floor":38,"turns":3},{"damage":0,"enemies":"Sphere and 2 Shapes","floor":41,"turns":3},{"damage":1,"enemies":"Maw","floor":44,"turns":7},{"damage":0,"enemies":"4 Shapes","floor":45,"turns":5},{"damage":1,"enemies":"2 Orb Walkers","floor":46,"turns":6},{"damage":0,"enemies":"3 Darklings","floor":47,"turns":4},{"damage":1,"enemies":"Awakened One","floor":50,"turns":13}],"seed_played":"6626544190175731221","potions_obtained":[{"floor":3,"key":"FocusPotion"},{"floor":5,"key":"Explosive Potion"},{"floor":14,"key":"Strength Potion"},{"floor":16,"key":"Energy Potion"},{"floor":33,"key":"SpeedPotion"},{"floor":35,"key":"Fire Potion"},{"floor":47,"key":"FocusPotion"}],"is_trial":false,"path_per_floor":["M","$","M","T","M","M","R","M","T","?","E","R","M","E","R","B",null,"M","?","$","?","M","R","E","R","T","$","R","M","?","E","R","B",null,"M","?","?","M","?","R","M","R","T","M","M","E","M","$","R","B"],"character_chosen":"DEFECT","items_purchased":["Streamline","Reinforced Body","Toxic Egg 2","Conserve Battery","Coolheaded+1","Hologram+1","Blind+1","Ornamental Fan"],"campfire_rested":2,"item_purchase_floors":[2,2,20,20,27,48,48,48],"current_hp_per_floor":[67,67,66,66,62,59,59,59,59,75,60,60,60,55,55,18,61,48,48,48,34,31,68,57,57,57,57,57,57,57,51,51,13,60,60,60,60,60,60,60,60,60,60,59,59,58,58,58,75,74],"gold":34,"neow_bonus":"THREE_RARE_CARDS","is_prod":false,"is_daily":false,"chose_seed":false,"campfire_upgraded":6,"win_rate":0,"timestamp":1530136154,"path_taken":["M","$","M","?","M","M","R","M","T","?","E","R","M","E","R","BOSS","M","?","$","?","M","R","E","R","T","$","R","M","?","E","R","BOSS","M","?","?","M","?","R","M","R","T","M","?","E","M","$","R","BOSS"],"build_version":"2018-06-21v2","purchased_purges":1,"victory":true,"max_hp_per_floor":[75,75,75,75,75,75,75,75,75,75,75,75,75,75,75,75,75,75,75,75,75,75,75,75,75,75,75,75,75,75,75,75,75,75,75,75,75,75,75,75,75,75,75,75,75,75,75,75,75,75],"card_choices":[{"not_picked":["Amplify","Reboot"],"picked":"Seek","floor":0},{"not_picked":["Heatsinks","Static Discharge"],"picked":"Compile Driver","floor":1},{"not_picked":["Sweeping Beam","Aggregate"],"picked":"Beam Cell","floor":3},{"not_picked":["Force Field","Reprogram"],"picked":"Go for the Eyes","floor":5},{"not_picked":["Hologram","Sweeping Beam"],"picked":"Conserve Battery","floor":6},{"not_picked":["Melter","Beam Cell"],"picked":"Seek","floor":8},{"not_picked":["Hello World","Streamline"],"picked":"Capacitor","floor":11},{"not_picked":["BootSequence","Barrage"],"picked":"Glacier","floor":13},{"not_picked":["Reprogram","Coolheaded"],"picked":"BootSequence","floor":14},{"not_picked":["Rainbow","Thunder Strike"],"picked":"Machine Learning","floor":16},{"not_picked":["Rip and Tear+1","Sweeping Beam"],"picked":"Sunder+1","floor":18},{"not_picked":["BootSequence","Reinforced Body"],"picked":"Steam+1","floor":19},{"not_picked":["Tempest+1","Barrage"],"picked":"Double Energy+1","floor":22},{"not_picked":["Recycle+1","Reinforced Body+1"],"picked":"Doom and Gloom+1","floor":24},{"not_picked":["Redo+1","Meteor Strike"],"picked":"Beam Cell+1","floor":29},{"not_picked":["Double Energy+1","Gash"],"picked":"Conserve Battery+1","floor":31},{"not_picked":["Rainbow+1","Seek+1"],"picked":"Biased Cognition","floor":33},{"not_picked":["Go for the Eyes"],"picked":"SKIP","floor":35},{"not_picked":["Heatsinks+1"],"picked":"SKIP","floor":38},{"not_picked":["Force Field+1"],"picked":"SKIP","floor":41},{"not_picked":[],"picked":"Stack+1","floor":44},{"not_picked":[],"picked":"Conserve Battery+1","floor":45},{"not_picked":[],"picked":"Barrage+1","floor":46},{"not_picked":["Self Repair+1"],"picked":"SKIP","floor":47}],"player_experience":592411,"relics_obtained":[{"floor":4,"key":"Bag of Marbles"},{"floor":9,"key":"Unceasing Top"},{"floor":11,"key":"Letter Opener"},{"floor":14,"key":"Regal Pillow"},{"floor":19,"key":"Red Mask"},{"floor":24,"key":"Thread and Needle"},{"floor":26,"key":"Oddly Smooth Stone"},{"floor":31,"key":"Shovel"},{"floor":40,"key":"Torii"},{"floor":42,"key":"Ancient Tea Set"},{"floor":43,"key":"Peace Pipe"},{"floor":46,"key":"Frozen Egg 2"}],"event_choices":[{"event_name":"Big Fish","player_choice":"Banana","floor":10,"damage_taken":0},{"event_name":"Masked Bandits","player_choice":"Fought over 267 gold","floor":19,"damage_taken":0},{"event_name":"Knowing Skull","player_choice":"POTION ","floor":21,"damage_taken":0},{"event_name":"Ghosts","player_choice":"Ignored","floor":30,"damage_taken":0},{"event_name":"Match and Keep!","player_choice":"1 cards matched","floor":36,"damage_taken":0},{"event_name":"Tomb of Lord Red Mask","player_choice":"Wore Mask","floor":37,"damage_taken":0},{"event_name":"Falling","player_choice":"Removed Skill","floor":39,"damage_taken":0}],"boss_relics":[{"not_picked":["Runic Dome","Eternal Feather"],"picked":"Astrolabe"},{"not_picked":["Black Star","Tiny House"],"picked":"Busted Crown"}],"items_purged_floors":[48],"is_endless":false,"potions_floor_spawned":[3,5,11,14,16,22,24,31,33,35,38,41,45,47],"ascension_level":11}