{"gold_per_floor":[111,128,59,69,84,84,84,9,9,32,61,61,91,41,41,146,146,162,212,60,79,2,2,12,12,12,12,26,26,26,59,59,154,154,164,179,179,179,197,197,210,210,258,158,168,181,56,82,82,82],"floor_reached":51,"playtime":5856,"items_purged":["Regret","Pain","Parasite"],"score":1092,"play_id":"46517485-d721-40be-a970-067407c054c9","local_time":"20190111050719","is_ascension_mode":true,"campfire_choices":[{"data":"Cloak And Dagger","floor":6.0,"key":"SMITH"},{"data":"Neutralize","floor":12.0,"key":"SMITH"},{"data":"Catalyst","floor":15.0,"key":"SMITH"},{"data":"Envenom","floor":23.0,"key":"SMITH"},{"data":"After Image","floor":25.0,"key":"SMITH"},{"data":"Burst","floor":27.0,"key":"SMITH"},{"floor":30.0,"key":"REST"},{"floor":32.0,"key":"REST"},{"floor":40.0,"key":"REST"},{"floor":42.0,"key":"REST"},{"floor":49,"key":"REST"}],"neow_cost":"CURSE","seed_source_timestamp":0,"circlet_count":0,"master_deck":["AscendersBane","Defend_G","Defend_G+1","Defend_G","Defend_G","Defend_G+1","Strike_G","Strike_G","Strike_G","Survivor","Neutralize+1","Cloak And Dagger+1","Backstab","Accuracy","Blur","Deadly Poison","Catalyst+1","Caltrops","Envenom+1","After Image+1","PiercingWail","Burst+1","Cloak And Dagger+1","Noxious Fumes","Deflect","Die Die Die","Adrenaline","All Out Attack+1","Bouncing Flask+1","Footwork+1","Cloak And Dagger+1"],"special_seed":0,"relics":["Ring of the Snake","Ornamental Fan","Odd Mushroom","Pantograph","War Paint","White Beast Statue","Orichalcum","WarpedTongs","Paper Crane","Fusion Hammer","Oddly Smooth Stone","Smiling Mask"],"potions_floor_usage":[45,50,50,50],"damage_taken":[{"damage":14.0,"enemies":"Small Slimes","floor":1.0,"turns":5.0},{"damage":3.0,"enemies":"2 Louse","floor":2.0,"turns":3.0},{"damage":0.0,"enemies":"Cultist","floor":4.0,"turns":3.0},{"damage":17.0,"enemies":"Exordium Wildlife","floor":5.0,"turns":8.0},{"damage":8.0,"enemies":"The Mushroom Lair","floor":10.0,"turns":5.0},{"damage":0.0,"enemies":"3 Sentries","floor":11.0,"turns":10.0},{"damage":20.0,"enemies":"Gremlin Nob","floor":13.0,"turns":4.0},{"damage":21.0,"enemies":"Hexaghost","floor":16.0,"turns":11.0},{"damage":5.0,"enemies":"Chosen","floor":18.0,"turns":5.0},{"damage":9.0,"enemies":"3 Byrds","floor":21.0,"turns":2.0},{"damage":14.0,"enemies":"Snecko","floor":24.0,"turns":7.0},{"damage":5.0,"enemies":"Centurion and Healer","floor":28.0,"turns":7.0},{"damage":9.0,"enemies":"Book of Stabbing","floor":31.0,"turns":6.0},{"damage":41.0,"enemies":"Collector","floor":33.0,"turns":10.0},{"damage":0.0,"enemies":"3 Shapes","floor":35.0,"turns":4.0},{"damage":7.0,"enemies":"Orb Walker","floor":36.0,"turns":4.0},{"damage":17.0,"enemies":"3 Darklings","floor":39.0,"turns":9.0},{"damage":6.0,"enemies":"Writhing Mass","floor":41.0,"turns":8.0},{"damage":18,"enemies":"Jaw Worm Horde","floor":45,"turns":5},{"damage":0,"enemies":"Sphere and 2 Shapes","floor":46,"turns":7},{"damage":0,"enemies":"Giant Head","floor":48,"turns":4},{"damage":75,"enemies":"Donu and Deca","floor":50,"turns":12}],"seed_played":"-1816176901290223095","potions_obtained":[{"floor":1.0,"key":"FearPotion"},{"floor":4.0,"key":"Block Potion"},{"floor":10.0,"key":"Strength Potion"},{"floor":13.0,"key":"Block Potion"},{"floor":18.0,"key":"LiquidBronze"},{"floor":21.0,"key":"AttackPotion"},{"floor":24.0,"key":"LiquidBronze"},{"floor":28.0,"key":"AttackPotion"},{"floor":31.0,"key":"Poison Potion"},{"floor":33.0,"key":"Block Potion"},{"floor":35.0,"key":"Explosive Potion"},{"floor":36.0,"key":"SkillPotion"},{"floor":39.0,"key":"SpeedPotion"},{"floor":41.0,"key":"PowerPotion"},{"floor":45,"key":"Explosive Potion"},{"floor":46,"key":"LiquidBronze"}],"is_trial":false,"path_per_floor":["M","M","$","M","M","R","?","$","T","?","E","R","E","?","R","B",null,"M","?","$","M","$","R","M","R","T","R","M","?","R","E","R","B",null,"M","M","?","?","M","R","M","R","T","$","M","M","$","E","R","B",null],"character_chosen":"THE_SILENT","items_purchased":["Accuracy","Burst","GhostInAJar"],"campfire_rested":5,"item_purchase_floors":[3,20,22],"current_hp_per_floor":[63,60,60,60,43,43,71,71,71,63,63,63,43,43,43,47,75,70,70,70,61,61,61,47,47,47,47,42,42,67,58,83,43,74,74,67,67,67,50,74,68,80,80,80,62,62,62,62,77,2],"gold":82,"neow_bonus":"TWENTY_PERCENT_HP_BONUS","is_prod":false,"is_daily":false,"chose_seed":false,"campfire_upgraded":6,"win_rate":0,"timestamp":1547179639,"path_taken":["M","M","$","M","M","R","?","$","T","?","E","R","E","?","R","BOSS","M","?","$","M","$","R","M","R","T","R","?","?","R","E","R","BOSS","M","M","?","?","M","R","M","R","T","$","M","M","$","E","R","BOSS"],"build_version":"2019-01-09","purchased_purges":3,"victory":true,"max_hp_per_floor":[84,84,84,84,84,84,84,84,84,84,84,84,84,84,84,84,84,84,84,84,84,84,84,84,84,84,84,84,84,84,84,84,84,84,84,84,84,80,80,80,80,80,80,80,80,80,77,77,77,77],"card_choices":[{"not_picked":["Skewer","Slice"],"picked":"Cloak And Dagger","floor":1.0},{"not_picked":["Outmaneuver","Dash"],"picked":"Backstab","floor":2.0},{"not_picked":["Backflip","Poisoned Stab"],"picked":"Blur","floor":4.0},{"not_picked":["Choke","Bane"],"picked":"Deadly Poison","floor":5.0},{"not_picked":["PiercingWail","Outmaneuver"],"picked":"Catalyst","floor":10.0},{"not_picked":["Dodge and Roll","Skewer"],"picked":"Caltrops","floor":11.0},{"not_picked":["Caltrops","Deadly Poison"],"picked":"Envenom","floor":13.0},{"not_picked":["Unload","Phantasmal Killer"],"picked":"After Image","floor":16.0},{"not_picked":["Predator","Deadly Poison+1"],"picked":"PiercingWail","floor":18.0},{"not_picked":["Blur","Deflect"],"picked":"Cloak And Dagger+1","floor":21.0},{"not_picked":["Choke","Deadly Poison"],"picked":"Noxious Fumes","floor":24.0},{"not_picked":["Flying Knee","Slice"],"picked":"Deflect","floor":28.0},{"not_picked":["PiercingWail","Prepared+1"],"picked":"Die Die Die","floor":31.0},{"not_picked":["Burst","Bullet Time"],"picked":"Adrenaline","floor":33.0},{"not_picked":["Flying Knee+1","Quick Slash"],"picked":"All Out Attack+1","floor":35.0},{"not_picked":["All Out Attack","Leg Sweep"],"picked":"Bouncing Flask+1","floor":36.0},{"not_picked":["Acrobatics+1","Heel Hook+1"],"picked":"Footwork+1","floor":39.0},{"not_picked":["Reflex","Flying Knee","Masterful Stab"],"picked":"SKIP","floor":41.0},{"not_picked":["Dagger Spray+1","Underhanded Strike+1"],"picked":"Cloak And Dagger+1","floor":45},{"not_picked":["Phantasmal Killer","PiercingWail","Deflect"],"picked":"SKIP","floor":46},{"not_picked":["Cloak And Dagger","Eviscerate+1","Flying Knee+1"],"picked":"SKIP","floor":48}],"player_experience":447665,"relics_obtained":[{"floor":9.0,"key":"Ornamental Fan"},{"floor":10.0,"key":"Odd Mushroom"},{"floor":11.0,"key":"Pantograph"},{"floor":13.0,"key":"War Paint"},{"floor":26.0,"key":"Orichalcum"},{"floor":31.0,"key":"Paper Crane"},{"floor":43.0,"key":"Oddly Smooth Stone"},{"floor":48,"key":"Smiling Mask"}],"event_choices":[{"damage_healed":28.0,"max_hp_gain":0.0,"max_hp_loss":0.0,"gold_gain":0.0,"event_name":"Big Fish","player_choice":"Banana","floor":7.0,"gold_loss":0.0,"damage_taken":0.0},{"damage_healed":0.0,"max_hp_gain":0.0,"max_hp_loss":0.0,"gold_gain":0.0,"event_name":"Mushrooms","player_choice":"Fought Mushrooms","floor":10.0,"gold_loss":0.0,"damage_taken":0.0},{"cards_removed":["Strike_G"],"damage_healed":0.0,"max_hp_gain":0.0,"max_hp_loss":0.0,"gold_gain":0.0,"event_name":"The Cleric","player_choice":"Card Removal","floor":14.0,"gold_loss":50.0,"damage_taken":0.0},{"damage_healed":0.0,"max_hp_gain":0.0,"max_hp_loss":0.0,"gold_gain":100.0,"event_name":"The Joust","player_choice":"Bet on Murderer","floor":19.0,"gold_loss":50.0,"damage_taken":0.0},{"damage_healed":0.0,"max_hp_gain":0.0,"max_hp_loss":0.0,"gold_gain":0.0,"event_name":"Accursed Blacksmith","player_choice":"Rummage","floor":29.0,"gold_loss":0.0,"damage_taken":0.0,"relics_obtained":["WarpedTongs"],"cards_obtained":["Pain"]},{"cards_removed":["Strike_G"],"damage_healed":0.0,"max_hp_gain":0.0,"max_hp_loss":0.0,"gold_gain":0.0,"event_name":"Falling","player_choice":"Removed Attack","floor":37.0,"gold_loss":0.0,"damage_taken":0.0},{"damage_healed":0.0,"max_hp_gain":0.0,"max_hp_loss":4.0,"gold_gain":0.0,"event_name":"Winding Halls","player_choice":"Max HP","floor":38.0,"gold_loss":0.0,"damage_taken":0.0}],"is_beta":true,"boss_relics":[{"not_picked":["Velvet Choker","Snecko Eye"],"picked":"White Beast Statue"},{"not_picked":["Runic Pyramid","Orrery"],"picked":"Fusion Hammer"}],"items_purged_floors":[8,44,47],"is_endless":false,"potions_floor_spawned":[1,4,10,13,18,21,24,28,31,33,35,36,39,41,45,46,48],"ascension_level":10}