{"gold_per_floor":[114,289,300,363,64,95,95,129,156,190,190,203,203,233,233,336,336,348,361,109,127,127,155,183,183,183,183,195,209,209,243,273,377,377,390,62,81,81,104,129,129,154,154,171,189,189,218,231,231,231],"floor_reached":51,"playtime":2241,"items_purged":[],"score":1196,"play_id":"e6697a86-ade0-45eb-ba55-86c28cfe61f5","local_time":"20181214212718","daily_mods":["Insanity","ControlledChaos"],"is_ascension_mode":false,"campfire_choices":[{"floor":7.0,"key":"DIG"},{"floor":11.0,"key":"DIG"},{"floor":13.0,"key":"DIG"},{"floor":15.0,"key":"DIG"},{"floor":25.0,"key":"DIG"},{"floor":32,"key":"DIG"},{"floor":41,"key":"DIG"},{"floor":46,"key":"DIG"},{"floor":49,"key":"DIG"}],"neow_cost":"","seed_source_timestamp":0,"circlet_count":0,"master_deck":["Burning Pact","Metallicize","Wild Strike","Clash","Burning Pact","Second Wind","Iron Wave","Twin Strike","Power Through","Thunderclap","Headbutt","Shrug It Off","Twin Strike","Iron Wave","Twin Strike","Pommel Strike","Heavy Blade","Anger","True Grit","Pommel Strike","Metallicize","Rampage","Clash","Flex","Perfected Strike","Clothesline","True Grit","Twin Strike","Wild Strike","Shockwave","Clash","Flame Barrier","Warcry","Twin Strike","Wild Strike","Clash","Corruption","Havoc","Warcry","Iron Wave","Pommel Strike","Intimidate","Flex","Iron Wave","Wild Strike","Clash","Whirlwind","Second Wind","Power Through","Pommel Strike","Armaments","Pommel Strike","Reckless Charge","Offering","Rage","Metallicize+1","Whirlwind+1","Seeing Red","Twin Strike","Battle Trance","Corruption","Double Tap","Disarm+1","Bludgeon+1","Fire Breathing+1","Flex+1","Feel No Pain","Inflame","Sword Boomerang+1","Perfected Strike+1","Perfected Strike+1","Warcry+1","Evolve","Havoc+1"],"special_seed":0,"relics":["Burning Blood","Frozen Eye","Shovel","Bronze Scales","Omamori","Letter Opener","Oddly Smooth Stone","Dream Catcher","Magic Flower","WingedGreaves","Thread and Needle","Strawberry","Black Star","Kunai","Art of War","Torii","The Courier","Charon\u0027s Ashes","Boot","Peace Pipe","Mummified Hand","Molten Egg 2","Bottled Lightning","Tiny Chest","Astrolabe","Pocketwatch","Vajra","Bag of Preparation","PreservedInsect","Bird Faced Urn","Bag of Marbles","Ancient Tea Set","Bottled Flame","Shuriken","Question Card","Orichalcum","Pantograph"],"potions_floor_usage":[40,44,50,50],"damage_taken":[{"damage":0.0,"enemies":"2 Louse","floor":1.0,"turns":2.0},{"damage":0.0,"enemies":"Small Slimes","floor":3.0,"turns":2.0},{"damage":4.0,"enemies":"3 Sentries","floor":6.0,"turns":6.0},{"damage":8.0,"enemies":"Gremlin Nob","floor":8.0,"turns":3.0},{"damage":0.0,"enemies":"3 Sentries","floor":10.0,"turns":4.0},{"damage":0.0,"enemies":"Jaw Worm","floor":12.0,"turns":3.0},{"damage":5.0,"enemies":"Gremlin Nob","floor":14.0,"turns":4.0},{"damage":25.0,"enemies":"Slime Boss","floor":16.0,"turns":11.0},{"damage":5.0,"enemies":"Spheric Guardian","floor":18.0,"turns":4.0},{"damage":6.0,"enemies":"3 Byrds","floor":19.0,"turns":2.0},{"damage":8.0,"enemies":"Sentry and Sphere","floor":21.0,"turns":4.0},{"damage":5.0,"enemies":"Slavers","floor":23.0,"turns":7.0},{"damage":10.0,"enemies":"Book of Stabbing","floor":24.0,"turns":6.0},{"damage":8.0,"enemies":"Snake Plant","floor":28.0,"turns":3.0},{"damage":0.0,"enemies":"Snecko","floor":29.0,"turns":4.0},{"damage":0.0,"enemies":"Gremlin Leader","floor":31.0,"turns":5.0},{"damage":7,"enemies":"Automaton","floor":33,"turns":6},{"damage":1,"enemies":"3 Shapes","floor":35,"turns":7},{"damage":6,"enemies":"Orb Walker","floor":37,"turns":2},{"damage":7,"enemies":"Giant Head","floor":40,"turns":7},{"damage":0,"enemies":"Reptomancer","floor":42,"turns":2},{"damage":0,"enemies":"Spire Growth","floor":44,"turns":2},{"damage":13,"enemies":"3 Darklings","floor":45,"turns":2},{"damage":0,"enemies":"Nemesis","floor":47,"turns":1},{"damage":6,"enemies":"Maw","floor":48,"turns":4},{"damage":12,"enemies":"Donu and Deca","floor":50,"turns":6}],"seed_played":"6799917472255761031","potions_obtained":[{"floor":1.0,"key":"FearPotion"},{"floor":10.0,"key":"Block Potion"},{"floor":12.0,"key":"Swift Potion"},{"floor":28.0,"key":"Fruit Juice"},{"floor":29.0,"key":"Dexterity Potion"},{"floor":33,"key":"PowerPotion"},{"floor":40,"key":"Dexterity Potion"},{"floor":45,"key":"LiquidBronze"},{"floor":48,"key":"SteroidPotion"}],"is_trial":true,"path_per_floor":["M","?","M","?","$","E","R","E","T","E","R","M","R","E","R","B",null,"M","M","$","M","?","E","E","R","T","?","M","M","?","E","E","R","B",null,"M","$","M","$","T","E","R","E","T","M","M","R","E","M","R","B",null],"character_chosen":"IRONCLAD","items_purchased":["Shovel","Kunai","Feel No Pain","Inflame","Pocketwatch"],"campfire_rested":0,"item_purchase_floors":[5,20,36,36,36],"current_hp_per_floor":[80,80,80,80,80,80,80,78,78,80,80,80,80,80,87,71,87,87,87,87,87,87,87,86,86,86,86,92,92,92,92,92,92,92,92,92,92,92,92,92,92,92,92,92,88,88,92,92,92,92],"gold":231,"neow_bonus":"","is_prod":false,"is_daily":false,"chose_seed":false,"campfire_upgraded":0,"win_rate":0,"timestamp":1544851638,"path_taken":["M","?","M","?","?","E","R","E","T","E","R","M","R","E","R","BOSS","M","M","$","M","?","E","E","R","T","?","?","M","?","E","R","BOSS","M","$","M","?","?","E","R","E","T","M","M","R","E","?","R","BOSS"],"build_version":"2018-12-13","purchased_purges":0,"victory":true,"max_hp_per_floor":[80,80,80,80,80,80,80,80,80,80,80,80,80,80,87,87,87,87,87,87,87,87,87,87,87,87,87,92,92,92,92,92,92,92,92,92,92,92,92,92,92,92,92,92,92,92,92,92,92,92],"card_choices":[{"not_picked":["Headbutt","Dual Wield"],"picked":"Second Wind","floor":1.0},{"not_picked":["Havoc","Armaments"],"picked":"Power Through","floor":3.0},{"not_picked":["True Grit","Clothesline"],"picked":"Pommel Strike","floor":6.0},{"not_picked":["Hemokinesis","Fire Breathing","Body Slam"],"picked":"SKIP","floor":8.0},{"not_picked":["Infernal Blade","Sentinel"],"picked":"Armaments","floor":10.0},{"not_picked":["Twin Strike","Carnage"],"picked":"Pommel Strike","floor":12.0},{"not_picked":["Flame Barrier","Havoc"],"picked":"Reckless Charge","floor":14.0},{"not_picked":["Exhume","Demon Form"],"picked":"Offering","floor":16.0},{"not_picked":["Heavy Blade","Pommel Strike"],"picked":"Rage","floor":18.0},{"not_picked":["Warcry","Wild Strike"],"picked":"Metallicize+1","floor":19.0},{"not_picked":["Intimidate+1","True Grit"],"picked":"Whirlwind+1","floor":21.0},{"not_picked":["Sword Boomerang","Warcry","Iron Wave"],"picked":"SKIP","floor":23.0},{"not_picked":["Rupture","Juggernaut"],"picked":"Twin Strike","floor":24.0},{"not_picked":["Body Slam","Sentinel"],"picked":"Battle Trance","floor":28.0},{"not_picked":["Thunderclap","Iron Wave+1"],"picked":"Corruption","floor":29.0},{"not_picked":["Seeing Red","Carnage","Intimidate+1"],"picked":"SKIP","floor":31},{"not_picked":["Exhume","Juggernaut"],"picked":"Double Tap","floor":33},{"not_picked":["Iron Wave+1","Second Wind+1"],"picked":"Flex+1","floor":35},{"not_picked":["Rupture","Headbutt+1","Thunderclap+1"],"picked":"SKIP","floor":37},{"not_picked":["Twin Strike+1","Dual Wield+1"],"picked":"Sword Boomerang+1","floor":40},{"not_picked":["Barricade","Rupture+1"],"picked":"Perfected Strike+1","floor":42},{"not_picked":["Iron Wave+1","Battle Trance"],"picked":"Perfected Strike+1","floor":44},{"not_picked":["Reckless Charge+1","Flex"],"picked":"Warcry+1","floor":45},{"not_picked":["Reaper+1","Immolate+1"],"picked":"Evolve","floor":47},{"not_picked":["Bloodletting","Shrug It Off+1","Warcry"],"picked":"Havoc+1","floor":48}],"player_experience":1805445,"relics_obtained":[{"floor":6.0,"key":"Bronze Scales"},{"floor":7.0,"key":"Omamori"},{"floor":8.0,"key":"Letter Opener"},{"floor":9.0,"key":"Oddly Smooth Stone"},{"floor":10.0,"key":"Dream Catcher"},{"floor":11.0,"key":"Magic Flower"},{"floor":13.0,"key":"WingedGreaves"},{"floor":14.0,"key":"Thread and Needle"},{"floor":15.0,"key":"Strawberry"},{"floor":23.0,"key":"Art of War"},{"floor":23.0,"key":"Torii"},{"floor":24.0,"key":"The Courier"},{"floor":24.0,"key":"Charon\u0027s Ashes"},{"floor":25.0,"key":"Boot"},{"floor":26.0,"key":"Peace Pipe"},{"floor":31,"key":"Molten Egg 2"},{"floor":31,"key":"Bottled Lightning"},{"floor":32,"key":"Tiny Chest"},{"floor":39,"key":"Vajra"},{"floor":40,"key":"Bag of Preparation"},{"floor":40,"key":"PreservedInsect"},{"floor":41,"key":"Bird Faced Urn"},{"floor":42,"key":"Bag of Marbles"},{"floor":42,"key":"Ancient Tea Set"},{"floor":43,"key":"Bottled Flame"},{"floor":46,"key":"Shuriken"},{"floor":47,"key":"Question Card"},{"floor":47,"key":"Orichalcum"},{"floor":49,"key":"Pantograph"}],"event_choices":[{"damage_healed":0.0,"max_hp_gain":0.0,"max_hp_loss":0.0,"gold_gain":175.0,"event_name":"Liars Game","player_choice":"AGREE","floor":2.0,"gold_loss":0.0,"damage_taken":0.0,"cards_obtained":["Doubt"]},{"damage_healed":0.0,"max_hp_gain":0.0,"max_hp_loss":0.0,"gold_gain":63.0,"event_name":"Golden Wing","player_choice":"Gained Gold","floor":4.0,"gold_loss":0.0,"damage_taken":0.0},{"damage_healed":0.0,"max_hp_gain":0.0,"max_hp_loss":0.0,"gold_gain":0.0,"event_name":"The Library","player_choice":"Read","floor":22.0,"gold_loss":0.0,"damage_taken":0.0,"cards_obtained":["Seeing Red"]},{"cards_removed":["Doubt"],"damage_healed":0.0,"max_hp_gain":0.0,"max_hp_loss":0.0,"gold_gain":0.0,"event_name":"Fountain of Cleansing","player_choice":"Removed Curses","floor":27.0,"gold_loss":0.0,"damage_taken":0.0},{"damage_healed":0.0,"max_hp_gain":0.0,"max_hp_loss":0.0,"gold_gain":0.0,"event_name":"WeMeetAgain","player_choice":"Gave Potion","floor":30.0,"gold_loss":0.0,"damage_taken":0.0,"relics_obtained":["Mummified Hand"]}],"is_beta":false,"boss_relics":[{"not_picked":["Ectoplasm","Runic Dome"],"picked":"Black Star"},{"not_picked":["White Beast Statue","Orrery"],"picked":"Astrolabe"}],"items_purged_floors":[],"is_endless":false,"potions_floor_spawned":[1,10,12,21,28,29,33,35,40,45,48],"ascension_level":0}