{"gold_per_floor":[116,35,46,56,56,85,85,118,118,118],"floor_reached":10,"playtime":370,"items_purged":[],"score":252,"play_id":"c1a101e3-b2fd-4806-82f5-a4f1735248f6","local_time":"20190329000253","is_ascension_mode":true,"campfire_choices":[{"floor":7.0,"key":"REST"}],"neow_cost":"NONE","seed_source_timestamp":0,"circlet_count":0,"master_deck":["AscendersBane","Strike_R","Strike_R","Strike_R","Strike_R","Defend_R","Defend_R","Defend_R","Defend_R","Bash","Power Through","Corruption","Twin Strike","Second Wind"],"special_seed":0,"relics":["Runic Dome","Dead Branch","Kunai","Toxic Egg 2"],"potions_floor_usage":[],"damage_taken":[{"damage":2.0,"enemies":"Small Slimes","floor":1.0,"turns":4.0},{"damage":0.0,"enemies":"2 Louse","floor":3.0,"turns":2.0},{"damage":7.0,"enemies":"Jaw Worm","floor":4.0,"turns":4.0},{"damage":40.0,"enemies":"3 Sentries","floor":6.0,"turns":13.0},{"damage":0.0,"enemies":"Lagavulin","floor":8.0,"turns":4.0},{"damage":0,"enemies":"3 Sentries","floor":10,"turns":1}],"seed_played":"777654418","potions_obtained":[{"floor":1.0,"key":"Ancient Potion"},{"floor":3.0,"key":"Swift Potion"},{"floor":8.0,"key":"FairyPotion"}],"is_trial":false,"path_per_floor":["M","$","M","M","?","E","R","E","T","E"],"character_chosen":"IRONCLAD","items_purchased":["Corruption"],"campfire_rested":1,"item_purchase_floors":[2],"current_hp_per_floor":[66,66,66,59,52,12,34,34,34,34],"gold":118,"neow_bonus":"BOSS_RELIC","is_prod":false,"is_daily":false,"chose_seed":false,"campfire_upgraded":0,"win_rate":0,"timestamp":1553788973,"path_taken":["M","$","M","M","?","E","R","E","T","E"],"build_version":"2019-03-15","purchased_purges":0,"victory":false,"max_hp_per_floor":[75,75,75,75,75,75,75,75,75,75],"card_choices":[{"not_picked":["Infernal Blade","Flame Barrier"],"picked":"Power Through","floor":1.0},{"not_picked":["Bloodletting","Warcry"],"picked":"Twin Strike","floor":3.0},{"not_picked":["Heavy Blade","Sever Soul"],"picked":"Second Wind","floor":4.0},{"not_picked":["Perfected Strike","Iron Wave","Uppercut"],"picked":"SKIP","floor":6.0},{"not_picked":["Headbutt","Carnage","Whirlwind"],"picked":"SKIP","floor":8.0},{"not_picked":["Headbutt","Carnage","Whirlwind"],"picked":"SKIP","floor":8.0}],"player_experience":1303180,"relics_obtained":[{"floor":6.0,"key":"Dead Branch"},{"floor":8.0,"key":"Kunai"},{"floor":9.0,"key":"Toxic Egg 2"}],"event_choices":[{"cards_removed":["Strike_R"],"damage_healed":0.0,"max_hp_gain":0.0,"max_hp_loss":0.0,"gold_gain":0.0,"event_name":"Golden Wing","player_choice":"Card Removal","floor":5.0,"gold_loss":0.0,"damage_taken":7.0}],"is_beta":true,"boss_relics":[],"items_purged_floors":[],"is_endless":false,"potions_floor_spawned":[1,3,8],"killed_by":"3 Sentries","ascension_level":20}