{"gold_per_floor":[116,96,116,131,56,56,85,102,126,140,140,156,81,100,100,171,171,171,171,72,72,27,27,27,27,27,27,27,27,27,27,27,27,27,27,27,27,27,0,0,0],"floor_reached":41,"playtime":1370,"items_purged":["Strike_R","Defend_R"],"score":698,"play_id":"b54e9e83-1595-48b9-95b9-07709565ab8f","local_time":"25611117035724","is_ascension_mode":true,"campfire_choices":[{"data":"Spot Weakness","floor":6.0,"key":"SMITH"},{"floor":11.0,"key":"REST"},{"data":"Armaments","floor":15.0,"key":"SMITH"},{"floor":23.0,"key":"REST"},{"floor":30,"key":"REST"},{"floor":32,"key":"REST"}],"neow_cost":"PERCENT_DAMAGE","seed_source_timestamp":45687202542874,"circlet_count":0,"master_deck":["AscendersBane","Strike_R","Strike_R","Strike_R","Strike_R","Defend_R","Defend_R","Defend_R","Bash","Spot Weakness+1","Flame Barrier","Seeing Red","Limit Break","Armaments+1","Rampage","Reaper","Heavy Blade","Twin Strike+1","Fiend Fire","True Grit","Warcry+1","Panache","Parasite","Metallicize+1","Flame Barrier+1"],"special_seed":0,"relics":["Burning Blood","Du-Vu Doll","Boot","Smiling Mask","Ectoplasm","Nilry\u0027s Codex","Pantograph","Orichalcum","Black Star","Red Mask"],"potions_floor_usage":[35],"damage_taken":[{"damage":4.0,"enemies":"Jaw Worm","floor":1.0,"turns":4.0},{"damage":1.0,"enemies":"Cultist","floor":3.0,"turns":3.0},{"damage":10.0,"enemies":"Small Slimes","floor":4.0,"turns":4.0},{"damage":33.0,"enemies":"Gremlin Nob","floor":7.0,"turns":5.0},{"damage":3.0,"enemies":"Blue Slaver","floor":8.0,"turns":3.0},{"damage":12.0,"enemies":"Exordium Wildlife","floor":10.0,"turns":5.0},{"damage":4.0,"enemies":"Red Slaver","floor":12.0,"turns":3.0},{"damage":3.0,"enemies":"Large Slime","floor":14.0,"turns":6.0},{"damage":37.0,"enemies":"The Guardian","floor":16.0,"turns":12.0},{"damage":22.0,"enemies":"Spheric Guardian","floor":18.0,"turns":5.0},{"damage":19.0,"enemies":"2 Thieves","floor":22.0,"turns":3.0},{"damage":32.0,"enemies":"Centurion and Healer","floor":24.0,"turns":7.0},{"damage":26.0,"enemies":"Shelled Parasite and Fungi","floor":27.0,"turns":4.0},{"damage":24,"enemies":"Chosen and Byrds","floor":28,"turns":5},{"damage":20,"enemies":"Centurion and Healer","floor":29,"turns":5},{"damage":81,"enemies":"Automaton","floor":33,"turns":8},{"damage":32,"enemies":"3 Darklings","floor":35,"turns":4},{"damage":61,"enemies":"3 Shapes","floor":36,"turns":9},{"damage":39,"enemies":"Writhing Mass","floor":38,"turns":6},{"damage":42,"enemies":"Jaw Worm Horde","floor":40,"turns":6},{"damage":28,"enemies":"Maw","floor":41,"turns":5}],"seed_played":"4471104786161051974","potions_obtained":[{"floor":2.0,"key":"SneckoOil"},{"floor":3.0,"key":"EssenceOfSteel"},{"floor":10.0,"key":"FearPotion"},{"floor":12.0,"key":"EssenceOfSteel"},{"floor":18.0,"key":"Dexterity Potion"},{"floor":24.0,"key":"FairyPotion"},{"floor":33,"key":"GamblersBrew"},{"floor":36,"key":"FairyPotion"}],"is_trial":false,"path_per_floor":["M","?","M","M","$","R","E","M","T","M","R","M","$","M","R","B",null,"M","?","$","?","M","R","M","T","T","M","M","M","R","$","R","B",null,"M","M","?","M","?","M","M"],"character_chosen":"IRONCLAD","items_purchased":["Armaments","Fruit Juice"],"campfire_rested":4,"item_purchase_floors":[13,20],"current_hp_per_floor":[52,52,57,53,53,53,26,29,29,23,45,47,47,50,50,19,61,53,53,53,32,24,48,43,43,43,23,17,15,39,39,63,14,64,71,44,44,11,11,26,0],"gold":0,"neow_bonus":"ONE_RARE_RELIC","is_prod":false,"is_daily":false,"chose_seed":false,"campfire_upgraded":2,"win_rate":0,"timestamp":1542401844,"path_taken":["M","?","M","M","?","R","E","?","T","M","R","M","?","M","R","BOSS","M","?","$","?","M","R","M","?","T","M","M","?","R","$","R","BOSS","M","M","?","M","?","M","M"],"build_version":"2018-11-15","purchased_purges":2,"victory":false,"max_hp_per_floor":[75,75,75,75,75,75,75,75,75,75,75,75,75,75,75,75,75,75,75,75,75,80,80,80,80,80,80,80,80,80,80,80,80,80,80,80,80,80,80,80,80],"card_choices":[{"not_picked":["Clothesline","Body Slam"],"picked":"Spot Weakness","floor":1.0},{"not_picked":["Anger","True Grit"],"picked":"Flame Barrier","floor":3.0},{"not_picked":["Berserk","Blood for Blood"],"picked":"Seeing Red","floor":4.0},{"not_picked":["Perfected Strike","Entrench"],"picked":"Limit Break","floor":7.0},{"not_picked":["Havoc","Ghostly Armor","Iron Wave"],"picked":"SKIP","floor":8.0},{"not_picked":["Wild Strike","Warcry","Thunderclap"],"picked":"SKIP","floor":10.0},{"not_picked":["Havoc","Clothesline","Anger"],"picked":"SKIP","floor":12.0},{"not_picked":["Spot Weakness","Warcry"],"picked":"Rampage","floor":14.0},{"not_picked":["Double Tap","Limit Break"],"picked":"Reaper","floor":16.0},{"not_picked":["Rupture","Cleave","Entrench"],"picked":"SKIP","floor":18.0},{"not_picked":["Sword Boomerang","Spot Weakness"],"picked":"Heavy Blade","floor":22.0},{"not_picked":["Searing Blow+1","Burning Pact","Inflame"],"picked":"SKIP","floor":24.0},{"not_picked":["Dual Wield","Havoc+1","Burning Pact"],"picked":"SKIP","floor":27.0},{"not_picked":["Headbutt","Power Through","Wild Strike"],"picked":"SKIP","floor":28},{"not_picked":["Dual Wield","Cleave"],"picked":"Twin Strike+1","floor":29},{"not_picked":["Limit Break","Dark Embrace"],"picked":"Fiend Fire","floor":33},{"not_picked":["Headbutt","Shrug It Off"],"picked":"True Grit","floor":35},{"not_picked":["Clash","Headbutt"],"picked":"Warcry+1","floor":36},{"not_picked":["Discovery","Metamorphosis"],"picked":"Panache","floor":37},{"not_picked":["Warcry","Havoc"],"picked":"Metallicize+1","floor":38},{"not_picked":["Thunderclap","Cleave+1"],"picked":"Flame Barrier+1","floor":40}],"player_experience":155644,"relics_obtained":[{"floor":7.0,"key":"Boot"},{"floor":9.0,"key":"Smiling Mask"},{"floor":21.0,"key":"Nilry\u0027s Codex"},{"floor":25.0,"key":"Pantograph"},{"floor":26.0,"key":"Orichalcum"}],"event_choices":[{"damage_healed":0.0,"max_hp_gain":0.0,"max_hp_loss":0.0,"gold_gain":0.0,"event_name":"The Woman in Blue","player_choice":"Bought 1 Potion","floor":2.0,"gold_loss":0.0,"damage_taken":0.0},{"damage_healed":0.0,"max_hp_gain":0.0,"max_hp_loss":0.0,"gold_gain":0.0,"event_name":"Ghosts","player_choice":"Ignored","floor":19.0,"gold_loss":0.0,"damage_taken":0.0},{"damage_healed":0.0,"max_hp_gain":0.0,"max_hp_loss":0.0,"gold_gain":0.0,"event_name":"Cursed Tome","player_choice":"Obtained Book","floor":21.0,"gold_loss":0.0,"damage_taken":21.0},{"damage_healed":0,"gold_gain":0,"player_choice":"Memory 1","damage_taken":0,"max_hp_gain":0,"max_hp_loss":0,"event_name":"SensoryStone","floor":37,"gold_loss":0},{"damage_healed":0,"gold_gain":0,"player_choice":"Paid","damage_taken":0,"relics_obtained":["Red Mask"],"max_hp_gain":0,"max_hp_loss":0,"event_name":"Tomb of Lord Red Mask","floor":39,"gold_loss":27}],"is_beta":false,"boss_relics":[{"not_picked":["Tiny House","Astrolabe"],"picked":"Ectoplasm"},{"not_picked":["Mark of Pain","Coffee Dripper"],"picked":"Black Star"}],"items_purged_floors":[5,13],"is_endless":false,"potions_floor_spawned":[3,10,12,18,24,33,36,38],"killed_by":"Maw","ascension_level":15}