{"gold_per_floor":[114,128,128,141,141,176,176,212,212,232,246,290,304,22,22,150,150,165,90,111,127,127,154,154,180,180,213,230,0,13,46,46,151,151,170,170,19,19,35,35,68,68,121,134,162,176,196,18,18,18,18,18,18,47,47],"floor_reached":56,"playtime":3462,"items_purged":["Strike_B","Defend_B","Zap"],"score":1490,"play_id":"e78a89f3-db80-4d27-8f86-1d4c19d5c27e","local_time":"20190313231619","is_ascension_mode":true,"campfire_choices":[{"floor":7.0,"key":"REST"},{"floor":15.0,"key":"RECALL"},{"floor":24.0,"key":"REST"},{"floor":32.0,"key":"REST"},{"floor":40.0,"key":"REST"},{"floor":49.0,"key":"REST"},{"floor":52.0,"key":"REST"}],"neow_cost":"NONE","seed_source_timestamp":0,"circlet_count":0,"master_deck":["Dualcast","Rebound","BootSequence","Glacier","Defragment+1","Buffer+1","Recycle+1","Buffer+1","Heatsinks+1","White Noise","Loop+1","Capacitor+1","Hologram","Gash","Go for the Eyes","Echo Form+1","Gash","Coolheaded","Lockon","Blizzard","Skim","Chill+1","Panache+1","Flash of Steel","Chrysalis","Gash","Steam+1","Loop+1","Reprogram","Apotheosis","Stack+1"],"special_seed":0,"relics":["Fusion Hammer","Bloody Idol","Unceasing Top","Pear","Art of War","Frozen Egg 2","Black Star","Boot","Shuriken","Bag of Preparation","Mercury Hourglass","Blood Vial","Blue Candle","Orichalcum","Bag of Marbles","Cables","Pandora\u0027s Box","Oddly Smooth Stone","Bottled Tornado","Turnip","Strawberry","Pen Nib","Letter Opener"],"potions_floor_usage":[55,55],"damage_taken":[{"damage":2.0,"enemies":"2 Louse","floor":1.0,"turns":3.0},{"damage":3.0,"enemies":"Small Slimes","floor":2.0,"turns":3.0},{"damage":1.0,"enemies":"Jaw Worm","floor":4.0,"turns":3.0},{"damage":26.0,"enemies":"Gremlin Nob","floor":6.0,"turns":4.0},{"damage":13.0,"enemies":"Lagavulin","floor":8.0,"turns":6.0},{"damage":8.0,"enemies":"Gremlin Gang","floor":10.0,"turns":4.0},{"damage":0.0,"enemies":"3 Louse","floor":11.0,"turns":3.0},{"damage":7.0,"enemies":"3 Sentries","floor":12.0,"turns":10.0},{"damage":7.0,"enemies":"Large Slime","floor":13.0,"turns":5.0},{"damage":13.0,"enemies":"Hexaghost","floor":16.0,"turns":11.0},{"damage":0.0,"enemies":"Spheric Guardian","floor":18.0,"turns":6.0},{"damage":0.0,"enemies":"Chosen","floor":20.0,"turns":7.0},{"damage":21.0,"enemies":"3 Cultists","floor":21.0,"turns":8.0},{"damage":0.0,"enemies":"Gremlin Leader","floor":23.0,"turns":10.0},{"damage":24.0,"enemies":"Book of Stabbing","floor":25.0,"turns":9.0},{"damage":12.0,"enemies":"Gremlin Leader","floor":27.0,"turns":9.0},{"damage":0.0,"enemies":"Centurion and Healer","floor":28.0,"turns":7.0},{"damage":0.0,"enemies":"Snake Plant","floor":30.0,"turns":6.0},{"damage":12.0,"enemies":"Slavers","floor":31.0,"turns":4.0},{"damage":0.0,"enemies":"Collector","floor":33.0,"turns":11.0},{"damage":13.0,"enemies":"3 Darklings","floor":35.0,"turns":6.0},{"damage":0.0,"enemies":"3 Shapes","floor":39.0,"turns":4.0},{"damage":1.0,"enemies":"Reptomancer","floor":41.0,"turns":5.0},{"damage":0.0,"enemies":"Sphere and 2 Shapes","floor":44.0,"turns":4.0},{"damage":0.0,"enemies":"Giant Head","floor":45.0,"turns":3.0},{"damage":0.0,"enemies":"Spire Growth","floor":46.0,"turns":4.0},{"damage":0.0,"enemies":"3 Darklings","floor":47.0,"turns":2.0},{"damage":0.0,"enemies":"Donu and Deca","floor":50.0,"turns":6.0},{"damage":16.0,"enemies":"Shield and Spear","floor":54.0,"turns":5.0},{"damage":52,"enemies":"The Heart","floor":55,"turns":7}],"seed_played":"8903667001935389198","potions_obtained":[{"floor":1.0,"key":"Fire Potion"},{"floor":10.0,"key":"Fire Potion"},{"floor":13.0,"key":"FearPotion"},{"floor":16.0,"key":"SkillPotion"},{"floor":18.0,"key":"Block Potion"},{"floor":23.0,"key":"SpeedPotion"},{"floor":31.0,"key":"SkillPotion"},{"floor":39.0,"key":"Dexterity Potion"},{"floor":46.0,"key":"Strength Potion"},{"floor":54.0,"key":"Regen Potion"}],"is_trial":false,"path_per_floor":["M","M","?","M","?","E","R","E","T","M","M","E","M","$","R","B",null,"M","$","M","M","?","E","R","E","T","E","M","$","M","E","R","B",null,"M","?","$","?","M","R","E","?","T","M","E","M","M","$","R","B",null,"R","$","E","B",null],"character_chosen":"DEFECT","items_purchased":["Frozen Egg 2","Defragment+1","Capacitor+1","Hologram","PowerPotion","Gash","Apotheosis"],"campfire_rested":6,"item_purchase_floors":[14,14,29,29,29,37,48],"current_hp_per_floor":[73,70,63,62,62,36,56,43,53,45,45,38,31,31,31,18,79,79,79,79,58,58,63,79,60,60,55,62,62,69,64,79,79,79,71,61,61,66,73,79,79,79,79,79,86,86,86,86,86,86,86,86,86,75,40],"gold":47,"neow_bonus":"BOSS_RELIC","is_prod":false,"is_daily":false,"chose_seed":false,"campfire_upgraded":0,"win_rate":0,"timestamp":1552490179,"path_taken":["M","M","?","M","?","E","R","E","T","M","?","E","M","$","R","BOSS","M","$","?","M","?","E","R","E","T","E","M","$","M","E","R","BOSS","M","?","$","?","?","R","E","?","T","M","E","?","M","?","R","BOSS","R","$","E","BOSS"],"build_version":"2019-01-23","purchased_purges":3,"victory":true,"max_hp_per_floor":[75,75,75,75,69,69,69,69,79,79,79,79,79,79,79,79,79,79,79,79,79,79,79,79,79,79,79,79,79,79,79,79,79,79,79,79,79,79,79,79,79,79,79,79,86,86,86,86,86,86,86,86,86,86,86],"card_choices":[{"not_picked":["Double Energy","Beam Cell"],"picked":"Streamline","floor":1.0},{"not_picked":["Steam","Storm"],"picked":"Rebound","floor":2.0},{"not_picked":["Turbo","Barrage","Capacitor"],"picked":"SKIP","floor":4.0},{"not_picked":["Turbo","Barrage","Capacitor"],"picked":"SKIP","floor":4.0},{"not_picked":["Heatsinks","Defragment"],"picked":"BootSequence","floor":6.0},{"not_picked":["Hyperbeam","Streamline"],"picked":"Glacier","floor":8.0},{"not_picked":["Compile Driver","Streamline","Leap"],"picked":"SKIP","floor":10.0},{"not_picked":["Genetic Algorithm","Steam Power","Melter"],"picked":"SKIP","floor":11.0},{"not_picked":["Heatsinks","Barrage","Aggregate"],"picked":"SKIP","floor":12.0},{"not_picked":["Redo","Chaos","Tempest"],"picked":"SKIP","floor":13.0},{"not_picked":["Creative AI+1","Core Surge"],"picked":"Buffer+1","floor":16.0},{"not_picked":["Scrape","Auto Shields","Genetic Algorithm"],"picked":"SKIP","floor":18.0},{"not_picked":["Streamline","Conserve Battery"],"picked":"Recycle","floor":20.0},{"not_picked":["Recycle","Stack","Compile Driver+1"],"picked":"SKIP","floor":21.0},{"not_picked":["Darkness","Steam Power+1"],"picked":"Buffer+1","floor":23.0},{"not_picked":["Steam","Undo"],"picked":"Heatsinks+1","floor":25.0},{"not_picked":["Compile Driver","Streamline"],"picked":"White Noise","floor":27.0},{"not_picked":["Hello World+1","Consume"],"picked":"Loop+1","floor":28.0},{"not_picked":["Compile Driver+1","Conserve Battery"],"picked":"Gash","floor":30.0},{"not_picked":["Stack+1","Skim"],"picked":"Go for the Eyes","floor":31.0},{"not_picked":["Fission","Meteor Strike"],"picked":"Echo Form+1","floor":33.0},{"not_picked":["Cold Snap","Compile Driver+1"],"picked":"Chill+1","floor":35.0},{"not_picked":["Thinking Ahead","Sadistic Nature+1"],"picked":"Panache+1","floor":36.0},{"not_picked":["Blind","Dramatic Entrance"],"picked":"Flash of Steel","floor":36.0},{"not_picked":["Transmutation","Secret Weapon"],"picked":"Chrysalis","floor":36.0},{"not_picked":["Conserve Battery","Rebound+1","Redo"],"picked":"SKIP","floor":39.0},{"not_picked":["Rebound+1","Blizzard+1"],"picked":"Steam+1","floor":41.0},{"not_picked":["Barrage+1","Genetic Algorithm","Compile Driver+1"],"picked":"SKIP","floor":44.0},{"not_picked":["Cold Snap+1","Melter+1"],"picked":"Loop+1","floor":45.0},{"not_picked":["Ball Lightning+1","Beam Cell"],"picked":"Reprogram","floor":46.0},{"not_picked":["Turbo","Compile Driver+1","Streamline"],"picked":"SKIP","floor":47.0},{"not_picked":["Glacier","Electrodynamics+1"],"picked":"Stack+1","floor":54.0}],"player_experience":2813826,"relics_obtained":[{"floor":6.0,"key":"Unceasing Top"},{"floor":9.0,"key":"Pear"},{"floor":12.0,"key":"Art of War"},{"floor":23.0,"key":"Boot"},{"floor":23.0,"key":"Shuriken"},{"floor":25.0,"key":"Bag of Preparation"},{"floor":25.0,"key":"Mercury Hourglass"},{"floor":26.0,"key":"Blood Vial"},{"floor":27.0,"key":"Blue Candle"},{"floor":27.0,"key":"Orichalcum"},{"floor":31.0,"key":"Bag of Marbles"},{"floor":31.0,"key":"Cables"},{"floor":41.0,"key":"Oddly Smooth Stone"},{"floor":41.0,"key":"Bottled Tornado"},{"floor":45.0,"key":"Turnip"},{"floor":45.0,"key":"Strawberry"},{"floor":54.0,"key":"Pen Nib"},{"floor":54.0,"key":"Letter Opener"}],"event_choices":[{"cards_removed":["Strike_B"],"damage_healed":0.0,"max_hp_gain":0.0,"max_hp_loss":0.0,"gold_gain":0.0,"event_name":"Golden Wing","player_choice":"Card Removal","floor":3.0,"gold_loss":0.0,"damage_taken":7.0},{"damage_healed":0.0,"max_hp_gain":0.0,"max_hp_loss":6.0,"gold_gain":0.0,"event_name":"Golden Idol","player_choice":"Lose Max HP","floor":5.0,"gold_loss":0.0,"damage_taken":0.0,"relics_obtained":["Golden Idol"]},{"damage_healed":0.0,"max_hp_gain":0.0,"max_hp_loss":0.0,"gold_gain":0.0,"event_name":"Forgotten Altar","player_choice":"Gave Idol","floor":22.0,"relics_lost":["Golden Idol"],"gold_loss":0.0,"damage_taken":0.0,"relics_obtained":["Bloody Idol"]},{"damage_healed":0.0,"max_hp_gain":0.0,"max_hp_loss":0.0,"gold_gain":0.0,"event_name":"SensoryStone","player_choice":"Memory 3","floor":36.0,"gold_loss":0.0,"damage_taken":10.0},{"cards_removed":["Streamline"],"damage_healed":5.0,"max_hp_gain":0.0,"max_hp_loss":0.0,"gold_gain":0.0,"event_name":"Bonfire Elementals","player_choice":"Offered Common","floor":38.0,"gold_loss":0.0,"damage_taken":0.0},{"cards_removed":["Streamline"],"damage_healed":5.0,"max_hp_gain":0.0,"max_hp_loss":0.0,"gold_gain":0.0,"event_name":"Bonfire Elementals","player_choice":"Offered Special","floor":38.0,"gold_loss":0.0,"damage_taken":0.0},{"damage_healed":0.0,"max_hp_gain":0.0,"max_hp_loss":0.0,"gold_gain":0.0,"event_name":"Upgrade Shrine","player_choice":"Upgraded","floor":42.0,"gold_loss":0.0,"damage_taken":0.0,"cards_upgraded":["Recycle"]}],"is_beta":false,"boss_relics":[{"not_picked":["Runic Pyramid","Cursed Key"],"picked":"Black Star"},{"not_picked":["Empty Cage","Velvet Choker"],"picked":"Pandora\u0027s Box"}],"items_purged_floors":[19,29,37],"is_endless":false,"potions_floor_spawned":[1,10,13,16,18,20,23,31,39,46,54],"ascension_level":1}