{"gold_per_floor":[109,109,109,34,49,49,64,74,74,74,74,74,109,124,124,222,222,234,234,249,68,68,102,102,118,118,118,136,136,153,171,171,266,266,284,284,298,60,60,94,107,118,118,36,36,53,83,97,97,97,97,97,16,16],"floor_reached":54,"playtime":4245,"items_purged":["Strike_B","Strike_B","Defend_B"],"score":744,"play_id":"3443644e-6a6c-424a-9b0b-30f6a66bb0d5","local_time":"20190509154722","is_ascension_mode":false,"campfire_choices":[{"floor":6.0,"key":"RECALL"},{"data":"Chaos","floor":10.0,"key":"SMITH"},{"data":"Consume","floor":12.0,"key":"SMITH"},{"data":"Electrodynamics","floor":15.0,"key":"SMITH"},{"floor":24.0,"key":"REST"},{"data":"Chaos","floor":32.0,"key":"SMITH"},{"floor":49.0,"key":"REST"},{"data":"Capacitor","floor":52.0,"key":"SMITH"}],"neow_cost":"NONE","seed_source_timestamp":0,"circlet_count":0,"master_deck":["Defend_B","Defend_B","Defend_B","Zap+1","Dualcast","Melter","Consume+1","Capacitor+1","Chaos+1","Coolheaded","Undo","Electrodynamics+1","Doom and Gloom+1","Electrodynamics","Chaos+1","Go for the Eyes+1","Flash of Steel+1","Bite+1","Bite+1","Bite+1","Bite+1","Bite+1","Self Repair+1","BootSequence","Go for the Eyes+1","Turbo","Conserve Battery+1","Rainbow","Leap+1","Gash+1","FTL+1","Reprogram","Core Surge+1","Gash+1","BootSequence+1","Madness","Amplify","Defragment+1","Conserve Battery+1","Discovery"],"special_seed":0,"relics":["Cracked Core","Molten Egg 2","Runic Pyramid","Enchiridion","Regal Pillow","Dodecahedron","Sozu","Frozen Egg 2","Happy Flower","Blue Candle","Bottled Lightning"],"potions_floor_usage":[54],"damage_taken":[{"damage":1.0,"enemies":"Jaw Worm","floor":1.0,"turns":3.0},{"damage":0.0,"enemies":"2 Louse","floor":5.0,"turns":3.0},{"damage":0.0,"enemies":"Cultist","floor":7.0,"turns":3.0},{"damage":8.0,"enemies":"3 Louse","floor":8.0,"turns":4.0},{"damage":30.0,"enemies":"3 Sentries","floor":13.0,"turns":9.0},{"damage":0.0,"enemies":"Large Slime","floor":14.0,"turns":4.0},{"damage":15.0,"enemies":"Hexaghost","floor":16.0,"turns":8.0},{"damage":1.0,"enemies":"Shell Parasite","floor":18.0,"turns":8.0},{"damage":23.0,"enemies":"2 Thieves","floor":20.0,"turns":4.0},{"damage":32.0,"enemies":"Gremlin Leader","floor":23.0,"turns":6.0},{"damage":40.0,"enemies":"Shelled Parasite and Fungi","floor":25.0,"turns":8.0},{"damage":26.0,"enemies":"Snake Plant","floor":28.0,"turns":5.0},{"damage":1.0,"enemies":"Snecko","floor":30.0,"turns":4.0},{"damage":0.0,"enemies":"Cultist and Chosen","floor":31.0,"turns":4.0},{"damage":45.0,"enemies":"Collector","floor":33.0,"turns":8.0},{"damage":0.0,"enemies":"Orb Walker","floor":35.0,"turns":5.0},{"damage":0.0,"enemies":"3 Shapes","floor":37.0,"turns":2.0},{"damage":5.0,"enemies":"Giant Head","floor":40.0,"turns":10.0},{"damage":0.0,"enemies":"Sphere and 2 Shapes","floor":41.0,"turns":3.0},{"damage":0.0,"enemies":"Maw","floor":42.0,"turns":6.0},{"damage":4.0,"enemies":"Transient","floor":46.0,"turns":5.0},{"damage":52.0,"enemies":"Nemesis","floor":47.0,"turns":7.0},{"damage":9.0,"enemies":"3 Darklings","floor":48.0,"turns":4.0},{"damage":65.0,"enemies":"Time Eater","floor":50.0,"turns":11.0},{"damage":69,"enemies":"Shield and Spear","floor":54,"turns":5}],"seed_played":"-4268293801736507133","potions_obtained":[{"floor":5.0,"key":"FearPotion"},{"floor":7.0,"key":"FearPotion"},{"floor":11.0,"key":"AttackPotion"},{"floor":13.0,"key":"FocusPotion"},{"floor":20.0,"key":"Strength Potion"},{"floor":31.0,"key":"Weak Potion"},{"floor":33.0,"key":"Fire Potion"}],"is_trial":false,"path_per_floor":["M","?","?","$","M","R","M","M","T","R","?","R","E","M","R","B",null,"M","?","M","$","?","E","R","M","T","?","M","?","M","M","R","B",null,"M","?","M","$","T","E","M","M","T","$","$","M","E","M","R","B",null,"R","$","E"],"character_chosen":"DEFECT","items_purchased":["Flash of Steel+1","FTL+1","Reprogram","Madness","Discovery"],"campfire_rested":2,"item_purchase_floors":[21,38,38,44,53],"current_hp_per_floor":[74,74,79,79,79,79,79,71,71,71,71,71,41,41,41,26,80,79,63,40,40,40,26,56,50,50,41,37,37,55,61,61,31,61,61,61,61,61,61,61,61,61,61,61,61,61,34,31,61,30,61,61,61,0],"gold":16,"neow_bonus":"TRANSFORM_CARD","is_prod":false,"is_daily":false,"chose_seed":false,"campfire_upgraded":5,"win_rate":0,"timestamp":1557409642,"path_taken":["M","?","?","?","M","R","M","M","T","R","?","R","E","?","R","BOSS","M","?","M","$","?","E","R","M","T","?","M","?","?","M","R","BOSS","M","?","M","?","?","E","M","M","T","?","$","M","E","M","R","BOSS","R","$","E"],"build_version":"2019-01-23","purchased_purges":3,"victory":false,"max_hp_per_floor":[75,75,80,80,80,80,80,80,80,80,80,80,80,80,80,80,80,80,80,80,80,56,56,56,56,56,61,61,61,61,61,61,61,61,61,61,61,61,61,61,61,61,61,61,61,61,61,61,61,61,61,61,61,61],"card_choices":[{"not_picked":["Sweeping Beam","Force Field"],"picked":"Consume","floor":1.0},{"not_picked":["Rebound","Go for the Eyes"],"picked":"Chaos","floor":5.0},{"not_picked":["Compile Driver","Double Energy"],"picked":"Coolheaded","floor":7.0},{"not_picked":["Rebound","Sweeping Beam"],"picked":"Undo","floor":8.0},{"not_picked":["Conserve Battery","Go for the Eyes"],"picked":"Electrodynamics","floor":13.0},{"not_picked":["Redo","Compile Driver+1"],"picked":"Doom and Gloom+1","floor":14.0},{"not_picked":["Seek","Amplify"],"picked":"Electrodynamics","floor":16.0},{"not_picked":["Sweeping Beam+1","Consume"],"picked":"Chaos","floor":18.0},{"not_picked":["Beam Cell+1","Redo"],"picked":"Go for the Eyes+1","floor":20.0},{"not_picked":["Rip and Tear+1","Hologram"],"picked":"Self Repair+1","floor":23.0},{"not_picked":["Leap+1","Steam"],"picked":"BootSequence","floor":25.0},{"not_picked":["Coolheaded+1","FTL+1"],"picked":"Go for the Eyes+1","floor":28.0},{"not_picked":["Cold Snap+1","Redo"],"picked":"Conserve Battery+1","floor":30.0},{"not_picked":["Hologram+1","Stack","Blizzard+1"],"picked":"SKIP","floor":31.0},{"not_picked":["Biased Cognition","Machine Learning"],"picked":"Rainbow","floor":33.0},{"not_picked":["Redo+1","Go for the Eyes+1"],"picked":"Leap+1","floor":35.0},{"not_picked":["Sunder+1","Coolheaded"],"picked":"Gash+1","floor":37.0},{"not_picked":["Capacitor+1","Turbo"],"picked":"Core Surge+1","floor":40.0},{"not_picked":["Rebound+1","Turbo"],"picked":"Gash+1","floor":41.0},{"not_picked":["Turbo+1","Conserve Battery"],"picked":"BootSequence+1","floor":42.0},{"not_picked":["Consume","Self Repair+1"],"picked":"Amplify","floor":46.0},{"not_picked":["Sweeping Beam+1","FTL+1"],"picked":"Defragment+1","floor":47.0},{"not_picked":["Beam Cell+1","Compile Driver+1"],"picked":"Conserve Battery+1","floor":48.0}],"player_experience":88001,"relics_obtained":[{"floor":13.0,"key":"Molten Egg 2"},{"floor":19.0,"key":"Enchiridion"},{"floor":23.0,"key":"Regal Pillow"},{"floor":26.0,"key":"Dodecahedron"},{"floor":39.0,"key":"Frozen Egg 2"},{"floor":40.0,"key":"Happy Flower"},{"floor":43.0,"key":"Blue Candle"},{"floor":47.0,"key":"Bottled Lightning"}],"event_choices":[{"damage_healed":0.0,"max_hp_gain":0.0,"max_hp_loss":0.0,"gold_gain":0.0,"cards_transformed":["Strike_B"],"event_name":"Living Wall","player_choice":"Change","floor":2.0,"gold_loss":0.0,"damage_taken":0.0,"cards_obtained":["Capacitor"]},{"damage_healed":0.0,"max_hp_gain":5.0,"max_hp_loss":0.0,"gold_gain":0.0,"event_name":"Big Fish","player_choice":"Donut","floor":3.0,"gold_loss":0.0,"damage_taken":0.0},{"damage_healed":0.0,"max_hp_gain":0.0,"max_hp_loss":0.0,"gold_gain":0.0,"event_name":"Lab","player_choice":"Got Potions","floor":11.0,"gold_loss":0.0,"damage_taken":0.0},{"damage_healed":0.0,"max_hp_gain":0.0,"max_hp_loss":0.0,"gold_gain":0.0,"event_name":"Cursed Tome","player_choice":"Obtained Book","floor":19.0,"gold_loss":0.0,"damage_taken":16.0},{"damage_healed":0.0,"max_hp_gain":0.0,"max_hp_loss":24.0,"gold_gain":0.0,"event_name":"Vampires","player_choice":"Became a vampire","floor":22.0,"gold_loss":0.0,"damage_taken":0.0,"cards_obtained":["Bite","Bite","Bite","Bite","Bite"]},{"damage_healed":0.0,"max_hp_gain":5.0,"max_hp_loss":0.0,"gold_gain":0.0,"event_name":"Forgotten Altar","player_choice":"Shed Blood","floor":27.0,"gold_loss":0.0,"damage_taken":14.0},{"damage_healed":0.0,"max_hp_gain":0.0,"max_hp_loss":0.0,"gold_gain":0.0,"event_name":"The Library","player_choice":"Read","floor":29.0,"gold_loss":0.0,"damage_taken":0.0,"cards_obtained":["Turbo"]},{"damage_healed":0.0,"max_hp_gain":0.0,"max_hp_loss":0.0,"gold_gain":0.0,"event_name":"Accursed Blacksmith","player_choice":"Forge","floor":36.0,"gold_loss":0.0,"damage_taken":0.0,"cards_upgraded":["Zap"]}],"is_beta":false,"boss_relics":[{"not_picked":["Eternal Feather","Runic Dome"],"picked":"Runic Pyramid"},{"not_picked":["Lizard Tail","Snecko Eye"],"picked":"Sozu"}],"items_purged_floors":[4,21,38],"is_endless":false,"potions_floor_spawned":[5,7,13,20,31,33,35,37,47],"killed_by":"Shield and Spear","ascension_level":0}