{"gold_per_floor":[117,192,208,220,232,232,264,264,317,344,369,379,404,431,431,506,506,524,540,555,184,199,199,234,250,328,348,348],"floor_reached":28,"playtime":1337,"items_purged":["Sweeping Beam"],"score":524,"play_id":"ab1da416-6dd0-44c9-98fc-bd5431b10342","local_time":"20181005230021","daily_mods":["SealedDeck"],"is_ascension_mode":true,"campfire_choices":[{"data":"Capacitor","floor":6,"key":"SMITH"},{"data":"Reinforced Body","floor":8,"key":"SMITH"},{"data":"Beam Cell","floor":15,"key":"SMITH"},{"data":"Go for the Eyes","floor":23,"key":"SMITH"}],"neow_cost":"","seed_source_timestamp":0,"circlet_count":0,"master_deck":["AscendersBane","Rebound","Reinforced Body+1","Tempest","Rip and Tear","Genetic Algorithm","Sweeping Beam","Sweeping Beam","Conserve Battery","BootSequence","Capacitor+1","Ball Lightning","Chill","Cold Snap","Cold Snap","Beam Cell+1","Seek","Go for the Eyes+1","Ball Lightning"],"relics":["Cracked Core","Pen Nib","Tiny Chest","Oddly Smooth Stone","Matryoshka","Odd Mushroom","Bottled Tornado","Busted Crown","Runic Capacitor","Lantern","Orichalcum","Darkstone Periapt"],"potions_floor_usage":[10,24],"damage_taken":[{"damage":0,"enemies":"Jaw Worm","floor":1,"turns":3},{"damage":0,"enemies":"Small Slimes","floor":3,"turns":2},{"damage":2,"enemies":"2 Louse","floor":4,"turns":2},{"damage":0,"enemies":"2 Fungi Beasts","floor":5,"turns":2},{"damage":4,"enemies":"3 Sentries","floor":7,"turns":4},{"damage":1,"enemies":"Gremlin Nob","floor":10,"turns":3},{"damage":10,"enemies":"Gremlin Nob","floor":11,"turns":4},{"damage":0,"enemies":"Looter","floor":12,"turns":3},{"damage":0,"enemies":"The Mushroom Lair","floor":13,"turns":4},{"damage":1,"enemies":"Lagavulin","floor":14,"turns":5},{"damage":7,"enemies":"The Guardian","floor":16,"turns":9},{"damage":5,"enemies":"2 Thieves","floor":18,"turns":3},{"damage":1,"enemies":"3 Byrds","floor":19,"turns":3},{"damage":20,"enemies":"Shelled Parasite and Fungi","floor":20,"turns":4},{"damage":0,"enemies":"Centurion and Healer","floor":22,"turns":6},{"damage":7,"enemies":"Slavers","floor":24,"turns":4},{"damage":0,"enemies":"Sentry and Sphere","floor":25,"turns":4},{"damage":18,"enemies":"Snake Plant","floor":27,"turns":6},{"damage":14,"enemies":"Gremlin Leader","floor":28,"turns":5}],"seed_played":"-8657989450444476060","potions_obtained":[{"floor":1,"key":"Explosive Potion"},{"floor":4,"key":"AttackPotion"},{"floor":10,"key":"Ancient Potion"},{"floor":12,"key":"FocusPotion"},{"floor":24,"key":"FearPotion"}],"is_trial":true,"path_per_floor":["M","?","M","M","M","R","E","R","T","?","E","M","?","E","R","B",null,"M","M","M","$","M","R","E","M","T","M"],"character_chosen":"DEFECT","items_purchased":["Runic Capacitor","Go for the Eyes"],"campfire_rested":0,"item_purchase_floors":[21,21],"current_hp_per_floor":[64,53,53,51,51,51,47,47,47,46,36,36,36,35,35,28,60,55,54,34,34,34,34,27,27,27,9,0],"gold":348,"neow_bonus":"","is_prod":false,"is_daily":false,"chose_seed":false,"campfire_upgraded":4,"win_rate":0,"timestamp":1538805621,"path_taken":["M","?","M","M","M","R","E","R","T","?","E","M","?","E","R","BOSS","M","M","M","$","M","R","E","M","T","M","E"],"build_version":"2018-10-04v2","purchased_purges":1,"victory":false,"max_hp_per_floor":[71,71,71,71,71,71,71,71,71,71,71,71,71,71,71,71,71,71,71,71,71,71,71,71,71,71,71,71],"card_choices":[{"not_picked":["Recycle","Double Energy"],"picked":"Capacitor","floor":1},{"not_picked":["Beam Cell","Conserve Battery"],"picked":"Ball Lightning","floor":3},{"not_picked":["Hello World","Gash","Melter"],"picked":"SKIP","floor":4},{"not_picked":["Compile Driver","Redo"],"picked":"Chill","floor":5},{"not_picked":["Coolheaded","Recycle"],"picked":"Cold Snap","floor":7},{"not_picked":["Chaos","Hologram","Steam Power"],"picked":"SKIP","floor":11},{"not_picked":["Hologram","Turbo"],"picked":"Cold Snap","floor":12},{"not_picked":["Leap","Redo"],"picked":"Beam Cell","floor":13},{"not_picked":["Genetic Algorithm","Coolheaded","Loop"],"picked":"SKIP","floor":14},{"not_picked":["All For One","Buffer"],"picked":"Seek","floor":16},{"not_picked":["Rip and Tear+1"],"picked":"SKIP","floor":18},{"not_picked":["Darkness"],"picked":"SKIP","floor":19},{"not_picked":["Redo"],"picked":"SKIP","floor":20},{"not_picked":["Scrape"],"picked":"SKIP","floor":22},{"not_picked":[],"picked":"Ball Lightning","floor":24},{"not_picked":["Go for the Eyes"],"picked":"SKIP","floor":25},{"not_picked":["Turbo"],"picked":"SKIP","floor":27}],"player_experience":1281379,"relics_obtained":[{"floor":7,"key":"Pen Nib"},{"floor":9,"key":"Tiny Chest"},{"floor":11,"key":"Matryoshka"},{"floor":13,"key":"Odd Mushroom"},{"floor":14,"key":"Bottled Tornado"},{"floor":24,"key":"Lantern"},{"floor":26,"key":"Orichalcum"},{"floor":26,"key":"Darkstone Periapt"}],"event_choices":[{"event_name":"World of Goop","player_choice":"Gather Gold","floor":2,"damage_taken":0},{"event_name":"Dead Adventurer","player_choice":"Searched \u00273\u0027 times","floor":10,"damage_taken":0},{"event_name":"Mushrooms","player_choice":"Fought Mushrooms","floor":13,"damage_taken":0}],"is_beta":false,"boss_relics":[{"not_picked":["Snecko Eye","Inserter"],"picked":"Busted Crown"}],"items_purged_floors":[21],"is_endless":false,"potions_floor_spawned":[1,4,10,12,13,14,19,24],"killed_by":"Gremlin Leader","ascension_level":20}