{"gold_per_floor":[211,227,70,88,88,88,117,128,128,128,161,161,178,253,253,332,332,350,265,278,66,79,79,89,120,199,81,81,91,101,151,151,230,230,248,248,29,29,47,75,75,101,101,134,39,50,50,85,85,85],"floor_reached":50,"playtime":2504,"items_purged":["Strike_B","Strike_B","Strike_B"],"score":1210,"play_id":"8072a021-bda3-423c-a8b7-70f372b67083","local_time":"20190303172233","is_ascension_mode":true,"campfire_choices":[{"data":"Barrage","floor":6,"key":"SMITH"},{"data":"Consume","floor":12,"key":"SMITH"},{"data":"Coolheaded","floor":15,"key":"SMITH"},{"data":"Fission","floor":23,"key":"SMITH"},{"data":"Capacitor","floor":28,"key":"SMITH"},{"data":"Dualcast","floor":32,"key":"SMITH"},{"data":"Recycle","floor":41,"key":"SMITH"},{"data":"Coolheaded","floor":47,"key":"SMITH"},{"floor":49,"key":"RECALL"}],"neow_cost":"NONE","seed_source_timestamp":20644979662200,"circlet_count":0,"master_deck":["AscendersBane","Defend_B","Defend_B","Defend_B","Defend_B+1","Zap+1","Dualcast+1","Coolheaded+1","Recycle+1","Capacitor+1","Consume+1","Barrage+1","Cold Snap","Capacitor","Core Surge","Blizzard+1","Cold Snap","Fission+1","Electrodynamics","Defragment+1","Defragment+1","Buffer+1","Loop+1","Coolheaded+1"],"relics":["Cracked Core","FossilizedHelix","The Courier","Mercury Hourglass","Coffee Dripper","Oddly Smooth Stone","Singing Bowl","Question Card","Inserter","Frozen Egg 2","Pear","Vajra","PreservedInsect","War Paint"],"potions_floor_usage":[11,18,22,24,30,44,48],"damage_taken":[{"damage":2,"enemies":"Jaw Worm","floor":1,"turns":4},{"damage":3,"enemies":"Small Slimes","floor":2,"turns":3},{"damage":0,"enemies":"Cultist","floor":4,"turns":4},{"damage":8,"enemies":"Lagavulin","floor":7,"turns":7},{"damage":0,"enemies":"Large Slime","floor":8,"turns":5},{"damage":22,"enemies":"Gremlin Nob","floor":11,"turns":6},{"damage":7,"enemies":"3 Louse","floor":13,"turns":2},{"damage":0,"enemies":"The Guardian","floor":16,"turns":11},{"damage":10,"enemies":"3 Byrds","floor":18,"turns":4},{"damage":11,"enemies":"Spheric Guardian","floor":20,"turns":4},{"damage":0,"enemies":"Snake Plant","floor":22,"turns":6},{"damage":0,"enemies":"Snecko","floor":24,"turns":6},{"damage":50,"enemies":"Slavers","floor":25,"turns":6},{"damage":0,"enemies":"Chosen and Byrds","floor":29,"turns":4},{"damage":0,"enemies":"Cultist and Chosen","floor":30,"turns":7},{"damage":9,"enemies":"Collector","floor":33,"turns":10},{"damage":0,"enemies":"3 Darklings","floor":35,"turns":5},{"damage":0,"enemies":"Orb Walker","floor":39,"turns":4},{"damage":12,"enemies":"Nemesis","floor":40,"turns":9},{"damage":0,"enemies":"Giant Head","floor":42,"turns":9},{"damage":25,"enemies":"Reptomancer","floor":44,"turns":5},{"damage":0,"enemies":"Spire Growth","floor":46,"turns":5},{"damage":48,"enemies":"Nemesis","floor":48,"turns":7},{"damage":0,"enemies":"Donu and Deca","floor":50,"turns":1}],"seed_played":"-6095363488575363901","potions_obtained":[{"floor":2,"key":"Dexterity Potion"},{"floor":4,"key":"EssenceOfSteel"},{"floor":13,"key":"SkillPotion"},{"floor":18,"key":"Ancient Potion"},{"floor":20,"key":"Regen Potion"},{"floor":22,"key":"Regen Potion"},{"floor":35,"key":"FearPotion"},{"floor":40,"key":"AttackPotion"},{"floor":46,"key":"Regen Potion"}],"is_trial":false,"path_per_floor":["M","M","$","M","?","R","E","M","T","?","E","R","M","?","R","B",null,"M","?","M","$","M","R","M","E","T","$","R","M","M","?","R","B",null,"M","?","$","?","M","E","R","E","T","E","$","M","R","E","R","B"],"character_chosen":"DEFECT","items_purchased":["Capacitor","Consume","Cold Snap","Fission","SkillPotion","Defragment+1","Defragment+1","Loop+1","Coolheaded"],"campfire_rested":0,"item_purchase_floors":[3,3,21,21,27,37,37,45,45],"current_hp_per_floor":[62,59,59,59,59,59,51,51,51,51,29,29,22,11,11,11,56,46,46,35,35,50,50,64,16,16,16,16,18,20,20,20,11,61,63,63,63,59,61,61,61,61,61,38,38,40,40,9,9,9],"gold":85,"neow_bonus":"HUNDRED_GOLD","is_prod":false,"is_daily":false,"chose_seed":false,"campfire_upgraded":8,"win_rate":0,"timestamp":1551604953,"path_taken":["M","M","$","M","?","R","E","M","T","?","E","R","?","?","R","BOSS","M","?","M","$","M","R","M","E","T","$","R","M","M","?","R","BOSS","M","?","?","?","?","E","R","E","T","E","$","M","R","E","R","BOSS"],"build_version":"2019-01-23","purchased_purges":3,"victory":false,"max_hp_per_floor":[71,71,71,71,71,71,71,71,71,71,71,71,71,71,71,71,71,71,71,71,71,71,71,71,73,73,73,73,75,77,77,77,77,77,79,79,79,85,87,99,99,99,99,101,101,103,103,105,105,105],"card_choices":[{"not_picked":["Barrage","Fusion"],"picked":"Coolheaded","floor":1},{"not_picked":["Redo","Gash"],"picked":"Recycle","floor":2},{"not_picked":["Leap","Steam"],"picked":"Barrage","floor":4},{"not_picked":["Force Field","Loop"],"picked":"Cold Snap","floor":7},{"not_picked":["Darkness","Barrage","Meteor Strike"],"picked":"SKIP","floor":8},{"not_picked":["Lockon","Heatsinks","Darkness"],"picked":"SKIP","floor":11},{"not_picked":["Barrage","Steam"],"picked":"Capacitor","floor":13},{"not_picked":["All For One","Machine Learning"],"picked":"Core Surge","floor":16},{"not_picked":["Recycle","Gash","Tempest"],"picked":"SKIP","floor":18},{"not_picked":["Sweeping Beam","Beam Cell+1"],"picked":"Blizzard+1","floor":20},{"not_picked":["Hologram","Melter","Conserve Battery"],"picked":"SKIP","floor":22},{"not_picked":["Hologram","Melter","Conserve Battery"],"picked":"SKIP","floor":22},{"not_picked":["Cold Snap","Fusion","Steam Power"],"picked":"SKIP","floor":24},{"not_picked":["Chaos","Meteor Strike","BootSequence"],"picked":"Singing Bowl","floor":25},{"not_picked":["Compile Driver","Conserve Battery","Streamline+1","Beam Cell"],"picked":"Singing Bowl","floor":29},{"not_picked":["Beam Cell","Barrage","Hologram","Darkness"],"picked":"Singing Bowl","floor":30},{"not_picked":["Creative AI","Meteor Strike","Amplify"],"picked":"Electrodynamics","floor":33},{"not_picked":["Sunder","Sweeping Beam","Gash","Conserve Battery"],"picked":"Singing Bowl","floor":35},{"not_picked":["PanicButton","Mind Blast","Swift Strike","Magnetism+1"],"picked":"Singing Bowl","floor":38},{"not_picked":["Panacea","Magnetism+1","Metamorphosis","Finesse"],"picked":"Singing Bowl","floor":38},{"not_picked":["Forethought","Finesse","Bandage Up","Dark Shackles"],"picked":"Singing Bowl","floor":38},{"not_picked":["Static Discharge+1","Redo","Reinforced Body+1","Compile Driver"],"picked":"Singing Bowl","floor":39},{"not_picked":["Sunder+1","Conserve Battery","Beam Cell","Steam"],"picked":"Singing Bowl","floor":40},{"not_picked":["Compile Driver","Sweeping Beam","Coolheaded"],"picked":"Buffer+1","floor":42},{"not_picked":["Go for the Eyes+1","Chaos","Rip and Tear","Fusion"],"picked":"Singing Bowl","floor":44},{"not_picked":["Stack","Recycle","Hologram","White Noise"],"picked":"Singing Bowl","floor":46},{"not_picked":["Redo+1","Storm+1","Streamline+1","Doom and Gloom+1"],"picked":"Singing Bowl","floor":48}],"player_experience":2695966,"relics_obtained":[{"floor":7,"key":"FossilizedHelix"},{"floor":9,"key":"The Courier"},{"floor":11,"key":"Mercury Hourglass"},{"floor":25,"key":"Singing Bowl"},{"floor":26,"key":"Question Card"},{"floor":40,"key":"Pear"},{"floor":42,"key":"Vajra"},{"floor":44,"key":"PreservedInsect"},{"floor":48,"key":"War Paint"}],"event_choices":[{"damage_healed":0,"gold_gain":0,"player_choice":"Ignored","damage_taken":0,"max_hp_gain":0,"max_hp_loss":0,"event_name":"Liars Game","floor":5,"gold_loss":0},{"cards_removed":["Strike_B"],"damage_healed":0,"gold_gain":0,"player_choice":"Offered Basic","damage_taken":0,"max_hp_gain":0,"max_hp_loss":0,"event_name":"Bonfire Elementals","floor":10,"gold_loss":0},{"damage_healed":0,"gold_gain":75,"player_choice":"Gather Gold","damage_taken":11,"max_hp_gain":0,"max_hp_loss":0,"event_name":"World of Goop","floor":14,"gold_loss":0},{"damage_healed":0,"gold_gain":0,"player_choice":"Obtained Relic","damage_taken":0,"relics_obtained":["Oddly Smooth Stone"],"max_hp_gain":0,"max_hp_loss":0,"event_name":"Addict","floor":19,"gold_loss":85},{"damage_healed":0,"gold_gain":50,"player_choice":"Pray","damage_taken":0,"max_hp_gain":0,"max_hp_loss":0,"event_name":"Golden Shrine","floor":31,"gold_loss":0},{"damage_healed":0,"gold_gain":0,"player_choice":"Gave Potion","damage_taken":0,"relics_obtained":["Frozen Egg 2"],"max_hp_gain":0,"max_hp_loss":0,"event_name":"WeMeetAgain","floor":36,"gold_loss":0},{"damage_healed":0,"gold_gain":0,"player_choice":"Memory 3","damage_taken":10,"max_hp_gain":0,"max_hp_loss":0,"event_name":"SensoryStone","floor":38,"gold_loss":0}],"is_beta":false,"boss_relics":[{"not_picked":["Eternal Feather","Cursed Key"],"picked":"Coffee Dripper"},{"not_picked":["Astrolabe","Fusion Hammer"],"picked":"Inserter"}],"items_purged_floors":[21,27,37],"is_endless":false,"potions_floor_spawned":[2,4,13,16,18,20,22,35,40,46],"killed_by":"Donu and Deca","ascension_level":15}