{"gold_per_floor":[112,125,37,55,18,50,50,82,128,214,226,269,281,312,324,413,425,450,462,15,31,48,74,74,74,74,107,117,117,117,128,128,205,205,217,232,232,232,249,284,284,318,387,387,405,305,305,336,336,336,336,336,336,0,31,31],"floor_reached":57,"playtime":4178,"items_purged":["Zap","Writhe","Rainbow+1"],"score":3292,"play_id":"574575e0-39a6-43b4-b644-78a1da0d31a7","local_time":"20190330180845","is_ascension_mode":true,"campfire_choices":[{"data":"Sunder","floor":7.0,"key":"SMITH"},{"floor":11.0,"key":"REST"},{"data":"Coolheaded","floor":13.0,"key":"SMITH"},{"data":"Defragment","floor":15.0,"key":"SMITH"},{"floor":30.0,"key":"REST"},{"data":"Coolheaded","floor":32.0,"key":"SMITH"},{"data":"Recycle","floor":41.0,"key":"SMITH"},{"data":"Biased Cognition","floor":47,"key":"SMITH"},{"floor":49,"key":"RECALL"},{"floor":53,"key":"REST"}],"neow_cost":"NONE","seed_source_timestamp":6484374694300,"circlet_count":0,"master_deck":["AscendersBane","Dualcast+1","Recycle+1","Defragment+1","Glacier+1","Static Discharge+1","Coolheaded+1","Sunder+1","Meteor Strike+1","Coolheaded+1","Electrodynamics+1","Turbo+1","Loop+1","Reinforced Body+1","Undo+1","Buffer+1","Echo Form+1","Coolheaded+1","Reinforced Body+1","Heatsinks+1","Biased Cognition+1"],"special_seed":0,"relics":["Pandora\u0027s Box","Blue Candle","PreservedInsect","Kunai","MawBank","Cables","Empty Cage","Enchiridion","Bird Faced Urn","Regal Pillow","Prayer Wheel","Juzu Bracelet","Happy Flower","Black Star","Singing Bowl","Bottled Lightning","Unceasing Top","Nunchaku","Mark of the Bloom","Pocketwatch","Dream Catcher","Chemical X","Mercury Hourglass","Centennial Puzzle"],"potions_floor_usage":[50,56],"damage_taken":[{"damage":10.0,"enemies":"Small Slimes","floor":1.0,"turns":4.0},{"damage":0.0,"enemies":"Cultist","floor":2.0,"turns":3.0},{"damage":0.0,"enemies":"2 Louse","floor":4.0,"turns":5.0},{"damage":1.0,"enemies":"Lagavulin","floor":6.0,"turns":9.0},{"damage":40.0,"enemies":"Gremlin Nob","floor":8.0,"turns":5.0},{"damage":8.0,"enemies":"Lagavulin","floor":12.0,"turns":5.0},{"damage":6.0,"enemies":"Blue Slaver","floor":14.0,"turns":4.0},{"damage":0.0,"enemies":"The Guardian","floor":16.0,"turns":12.0},{"damage":4.0,"enemies":"3 Byrds","floor":18.0,"turns":1.0},{"damage":8.0,"enemies":"2 Thieves","floor":21.0,"turns":5.0},{"damage":17.0,"enemies":"Cultist and Chosen","floor":22.0,"turns":5.0},{"damage":7.0,"enemies":"Slavers","floor":23.0,"turns":2.0},{"damage":0.0,"enemies":"Gremlin Leader","floor":27.0,"turns":6.0},{"damage":38.0,"enemies":"Shelled Parasite and Fungi","floor":28.0,"turns":3.0},{"damage":2.0,"enemies":"Snecko","floor":31.0,"turns":3.0},{"damage":1.0,"enemies":"Champ","floor":33.0,"turns":6.0},{"damage":22.0,"enemies":"Orb Walker","floor":35.0,"turns":5.0},{"damage":0.0,"enemies":"3 Shapes","floor":36.0,"turns":5.0},{"damage":7.0,"enemies":"3 Darklings","floor":39.0,"turns":6.0},{"damage":29.0,"enemies":"Nemesis","floor":40.0,"turns":11.0},{"damage":19.0,"enemies":"Reptomancer","floor":42.0,"turns":7.0},{"damage":14,"enemies":"Transient","floor":45,"turns":6},{"damage":0,"enemies":"Nemesis","floor":48,"turns":9},{"damage":0,"enemies":"Awakened One","floor":50,"turns":8},{"damage":0,"enemies":"Time Eater","floor":51,"turns":10},{"damage":0,"enemies":"Shield and Spear","floor":55,"turns":9},{"damage":0,"enemies":"The Heart","floor":56,"turns":13}],"seed_played":"-3118968987412040936","potions_obtained":[{"floor":4.0,"key":"AttackPotion"},{"floor":8.0,"key":"EssenceOfSteel"},{"floor":12.0,"key":"SkillPotion"},{"floor":16.0,"key":"Swift Potion"},{"floor":23.0,"key":"FairyPotion"},{"floor":28.0,"key":"Energy Potion"},{"floor":35.0,"key":"FocusPotion"},{"floor":39.0,"key":"GamblersBrew"},{"floor":42.0,"key":"SpeedPotion"},{"floor":48,"key":"SkillPotion"},{"floor":55,"key":"Block Potion"}],"is_trial":false,"path_per_floor":["M","M","?","M","$","E","R","E","T","?","R","E","R","M","R","B",null,"M","?","$","M","M","E","?","?","T","E","M","?","R","M","R","B",null,"M","M","?","?","M","E","R","E","T","?","M","$","R","E","R","B","B",null,"R","$","E","B",null],"character_chosen":"DEFECT","items_purchased":["Sunder","Bird Faced Urn","PowerPotion","Chemical X"],"campfire_rested":3,"item_purchase_floors":[5,20,20,54],"current_hp_per_floor":[54,54,54,54,54,53,53,13,13,13,34,26,26,20,20,20,58,54,33,33,37,28,29,29,29,29,39,7,7,43,49,49,62,69,49,59,59,59,68,52,52,47,47,47,33,33,33,33,33,33,33,33,33,33,33,33],"gold":31,"neow_bonus":"BOSS_RELIC","is_prod":false,"is_daily":false,"chose_seed":false,"campfire_upgraded":6,"win_rate":0,"timestamp":1553940525,"path_taken":["M","M","?","?","?","E","R","E","T","?","R","E","R","M","R","BOSS","M","?","$","M","M","E","?","?","T","E","M","?","R","M","R","BOSS","M","M","?","?","M","E","R","E","T","?","M","$","R","E","R","BOSS","BOSS","R","$","E","BOSS"],"build_version":"2019-01-23","purchased_purges":3,"victory":true,"max_hp_per_floor":[71,71,71,71,71,71,71,71,71,71,71,71,71,71,71,71,71,71,71,71,71,71,71,71,71,71,71,71,71,71,71,71,71,71,71,71,71,71,71,73,73,75,75,75,77,77,77,79,79,79,79,79,81,81,83,83],"card_choices":[{"not_picked":["Barrage","Stack","Fusion"],"picked":"SKIP","floor":1.0},{"not_picked":["Streamline","Conserve Battery"],"picked":"Coolheaded","floor":2.0},{"not_picked":["Hologram","Chaos","Sweeping Beam"],"picked":"SKIP","floor":4.0},{"not_picked":["Streamline","Reinforced Body","Darkness"],"picked":"SKIP","floor":6.0},{"not_picked":["Lockon","Darkness"],"picked":"Meteor Strike","floor":8.0},{"not_picked":["Barrage","Machine Learning"],"picked":"Coolheaded","floor":12.0},{"not_picked":["Streamline","Barrage","Blizzard"],"picked":"SKIP","floor":14.0},{"not_picked":["Core Surge","Echo Form"],"picked":"Electrodynamics","floor":16.0},{"not_picked":["Storm","Scrape"],"picked":"Turbo","floor":18.0},{"not_picked":["Melter","Stack"],"picked":"Loop+1","floor":21.0},{"not_picked":["Turbo","Reprogram"],"picked":"Reinforced Body+1","floor":22.0},{"not_picked":["Ball Lightning","Double Energy","Coolheaded"],"picked":"SKIP","floor":23.0},{"not_picked":["Barrage","Thunder Strike","Self Repair"],"picked":"SKIP","floor":27.0},{"not_picked":["Barrage","Reinforced Body","Turbo"],"picked":"SKIP","floor":28.0},{"not_picked":["Beam Cell","Streamline","Aggregate"],"picked":"SKIP","floor":28.0},{"not_picked":["Stack","Go for the Eyes"],"picked":"Buffer","floor":31.0},{"not_picked":["Leap","Redo","Coolheaded"],"picked":"SKIP","floor":31.0},{"not_picked":["Core Surge","Multi-Cast"],"picked":"Echo Form","floor":33.0},{"not_picked":["Sweeping Beam+1","Go for the Eyes","Stack"],"picked":"SKIP","floor":35.0},{"not_picked":["Beam Cell","Turbo","Barrage+1"],"picked":"SKIP","floor":35.0},{"not_picked":["Gash+1","Cold Snap"],"picked":"Coolheaded+1","floor":36.0},{"not_picked":["Darkness+1","Compile Driver","Static Discharge"],"picked":"SKIP","floor":36.0},{"not_picked":["Stack+1","Loop"],"picked":"Heatsinks","floor":39.0},{"not_picked":["Stack","Glacier+1","Coolheaded"],"picked":"SKIP","floor":39.0},{"not_picked":["Melter","Conserve Battery","Consume"],"picked":"Singing Bowl","floor":40.0},{"not_picked":["Hello World","Reinforced Body","White Noise"],"picked":"Singing Bowl","floor":42.0},{"not_picked":["Rip and Tear","Redo","Recycle"],"picked":"Singing Bowl","floor":45},{"not_picked":["Doom and Gloom","Leap"],"picked":"Biased Cognition","floor":45},{"not_picked":["Go for the Eyes","Undo+1","Streamline+1"],"picked":"Singing Bowl","floor":48},{"not_picked":["Darkness","Steam","Ball Lightning"],"picked":"Singing Bowl","floor":53},{"not_picked":["Defragment","Static Discharge","Force Field"],"picked":"Singing Bowl","floor":55}],"player_experience":2896487,"relics_obtained":[{"floor":6.0,"key":"PreservedInsect"},{"floor":8.0,"key":"Kunai"},{"floor":9.0,"key":"MawBank"},{"floor":12.0,"key":"Cables"},{"floor":19.0,"key":"Enchiridion"},{"floor":23.0,"key":"Regal Pillow"},{"floor":26.0,"key":"Prayer Wheel"},{"floor":27.0,"key":"Juzu Bracelet"},{"floor":40.0,"key":"Singing Bowl"},{"floor":40.0,"key":"Bottled Lightning"},{"floor":42.0,"key":"Unceasing Top"},{"floor":42.0,"key":"Nunchaku"},{"floor":48,"key":"Pocketwatch"},{"floor":48,"key":"Dream Catcher"},{"floor":55,"key":"Mercury Hourglass"},{"floor":55,"key":"Centennial Puzzle"}],"event_choices":[{"damage_healed":0.0,"max_hp_gain":0.0,"max_hp_loss":0.0,"gold_gain":0.0,"event_name":"WeMeetAgain","player_choice":"Paid Gold","floor":3.0,"gold_loss":88.0,"damage_taken":0.0,"relics_obtained":["Blue Candle"]},{"damage_healed":0.0,"max_hp_gain":0.0,"max_hp_loss":0.0,"gold_gain":74.0,"event_name":"Golden Wing","player_choice":"Gained Gold","floor":10.0,"gold_loss":0.0,"damage_taken":0.0},{"damage_healed":0.0,"max_hp_gain":0.0,"max_hp_loss":0.0,"gold_gain":0.0,"event_name":"Cursed Tome","player_choice":"Obtained Book","floor":19.0,"gold_loss":0.0,"damage_taken":21.0},{"damage_healed":0.0,"max_hp_gain":0.0,"max_hp_loss":0.0,"gold_gain":0.0,"event_name":"Beggar","player_choice":"Ignored","floor":24.0,"gold_loss":0.0,"damage_taken":0.0},{"damage_healed":0.0,"max_hp_gain":0.0,"max_hp_loss":0.0,"gold_gain":0.0,"event_name":"Match and Keep!","player_choice":"1 cards matched","floor":25.0,"gold_loss":0.0,"damage_taken":0.0,"cards_obtained":["Undo"]},{"damage_healed":0.0,"max_hp_gain":0.0,"max_hp_loss":0.0,"gold_gain":0.0,"event_name":"The Mausoleum","player_choice":"Opened","floor":29.0,"gold_loss":0.0,"damage_taken":0.0,"relics_obtained":["Happy Flower"],"cards_obtained":["Writhe"]},{"damage_healed":0.0,"max_hp_gain":0.0,"max_hp_loss":0.0,"gold_gain":0.0,"cards_transformed":["Barrage"],"event_name":"Transmorgrifier","player_choice":"Transformed","floor":37.0,"gold_loss":0.0,"damage_taken":0.0,"cards_obtained":["Reinforced Body"]},{"damage_healed":0.0,"max_hp_gain":0.0,"max_hp_loss":0.0,"gold_gain":0.0,"event_name":"Mysterious Sphere","player_choice":"Ignored","floor":38.0,"gold_loss":0.0,"damage_taken":0.0},{"damage_healed":0.0,"max_hp_gain":0.0,"max_hp_loss":0.0,"gold_gain":0.0,"event_name":"MindBloom","player_choice":"Upgrade","floor":44.0,"gold_loss":0.0,"damage_taken":0.0,"cards_upgraded":["Dualcast","Rainbow","Glacier","Static Discharge","Meteor Strike","Electrodynamics","Turbo","Undo","Buffer","Echo Form","Reinforced Body","Heatsinks"],"relics_obtained":["Mark of the Bloom"]}],"is_beta":false,"boss_relics":[{"not_picked":["Velvet Choker","White Beast Statue"],"picked":"Empty Cage"},{"not_picked":["Calling Bell","Orrery"],"picked":"Black Star"}],"items_purged_floors":[20,46,54],"is_endless":false,"potions_floor_spawned":[4,8,12,14,16,18,23,28,35,39,42,48,55],"ascension_level":20}