{"gold_per_floor":[366,36,36,1,11,36,50,62,144,144,144,144,5,16,16,115,115,55,9,25,39,18,18,18,18,18,18],"floor_reached":27,"playtime":1051,"items_purged":[],"score":303,"play_id":"eea20e55-1d39-4f79-a96d-c545430dfc15","local_time":"20181026015540","is_ascension_mode":true,"campfire_choices":[{"data":"Mayhem","floor":10,"key":"SMITH"},{"floor":15,"key":"REST"},{"data":"Fission","floor":23,"key":"SMITH"}],"neow_cost":"TEN_PERCENT_HP_LOSS","seed_source_timestamp":422245223107808,"circlet_count":0,"master_deck":["Strike_B","Strike_B","Strike_B","Strike_B","Defend_B","Defend_B","Defend_B","Defend_B","Zap","Dualcast","Storm","Capacitor","Mayhem+1","Undo","Zap","Static Discharge","Electrodynamics","Reinforced Body","Defragment+1","Loop","Mayhem+1","Static Discharge","Barrage","Fission+1","Steam Power+1","Loop","Defragment","Auto Shields","Turbo","Turbo"],"relics":["Cracked Core","Membership Card","Mango","The Courier","DollysMirror","Eternal Feather","Enchiridion","MutagenicStrength","Dodecahedron"],"potions_floor_usage":[8,21,27],"damage_taken":[{"damage":1,"enemies":"Cultist","floor":1,"turns":3},{"damage":4,"enemies":"2 Louse","floor":5,"turns":5},{"damage":30,"enemies":"3 Sentries","floor":6,"turns":8},{"damage":0,"enemies":"Jaw Worm","floor":7,"turns":4},{"damage":17,"enemies":"Gremlin Gang","floor":8,"turns":7},{"damage":8,"enemies":"Blue Slaver","floor":14,"turns":4},{"damage":14,"enemies":"The Guardian","floor":16,"turns":9},{"damage":26,"enemies":"2 Thieves","floor":18,"turns":4},{"damage":7,"enemies":"Chosen","floor":20,"turns":4},{"damage":21,"enemies":"Snake Plant","floor":21,"turns":4},{"damage":33,"enemies":"Book of Stabbing","floor":27,"turns":3}],"seed_played":"-6724231846393221600","potions_obtained":[{"floor":1,"key":"Poison Potion"},{"floor":6,"key":"Dexterity Potion"},{"floor":8,"key":"Swift Potion"}],"is_trial":false,"path_per_floor":["M","$","?","$","M","E","M","M","T","R","?","?","$","M","R","B",null,"M","$","M","M","$","R","?","?","T"],"character_chosen":"DEFECT","items_purchased":["Membership Card","Capacitor","Mayhem","Static Discharge","Loop","DollysMirror","Static Discharge","Loop","Defragment","Turbo"],"campfire_rested":1,"item_purchase_floors":[2,2,2,4,13,13,13,19,19,22],"current_hp_per_floor":[67,67,67,67,63,47,47,30,30,30,30,30,30,22,46,32,70,44,44,37,16,16,34,18,18,18,0],"gold":18,"neow_bonus":"TWO_FIFTY_GOLD","is_prod":false,"is_daily":false,"chose_seed":false,"campfire_upgraded":2,"win_rate":0,"timestamp":1540511740,"path_taken":["M","$","?","$","M","E","M","M","T","R","?","?","$","?","R","BOSS","M","$","M","M","$","R","?","?","T","E"],"build_version":"2018-10-25","purchased_purges":0,"victory":false,"max_hp_per_floor":[68,68,68,68,68,82,82,82,82,82,82,82,82,82,82,82,82,82,82,82,82,82,82,82,82,82,82],"card_choices":[{"not_picked":["Aggregate","Undo"],"picked":"Storm","floor":1},{"not_picked":["Skim","Gash","Stack"],"picked":"SKIP","floor":5},{"not_picked":["Sweeping Beam","Blizzard"],"picked":"Electrodynamics","floor":6},{"not_picked":["Rebound","Coolheaded"],"picked":"Reinforced Body","floor":7},{"not_picked":["Barrage","Steam"],"picked":"Defragment","floor":8},{"not_picked":["Redo","Compile Driver"],"picked":"Barrage","floor":14},{"not_picked":["Machine Learning","Meteor Strike"],"picked":"Fission","floor":16},{"not_picked":["Gash","Undo"],"picked":"Steam Power+1","floor":18},{"not_picked":["Cold Snap","Steam"],"picked":"Auto Shields","floor":20},{"not_picked":["Steam","Streamline+1"],"picked":"Turbo","floor":21}],"player_experience":299899,"relics_obtained":[{"floor":6,"key":"Mango"},{"floor":9,"key":"The Courier"},{"floor":24,"key":"Enchiridion"},{"floor":26,"key":"Dodecahedron"}],"event_choices":[{"damage_healed":0,"gold_gain":0,"player_choice":"2 cards matched","damage_taken":0,"max_hp_gain":0,"max_hp_loss":0,"event_name":"Match and Keep!","floor":3,"gold_loss":0,"cards_obtained":["Undo","Zap"]},{"damage_healed":0,"gold_gain":0,"player_choice":"Ignored","damage_taken":0,"max_hp_gain":0,"max_hp_loss":0,"event_name":"Shining Light","floor":11,"gold_loss":0},{"damage_healed":0,"gold_gain":0,"player_choice":"Grow","damage_taken":0,"max_hp_gain":0,"max_hp_loss":0,"event_name":"Living Wall","floor":12,"gold_loss":0,"cards_upgraded":["Defragment"]},{"damage_healed":0,"gold_gain":0,"player_choice":"Obtained Book","damage_taken":16,"max_hp_gain":0,"max_hp_loss":0,"event_name":"Cursed Tome","floor":24,"gold_loss":0},{"damage_healed":0,"gold_gain":0,"player_choice":"Inject Mutagens","damage_taken":0,"relics_obtained":["MutagenicStrength"],"max_hp_gain":0,"max_hp_loss":0,"event_name":"Drug Dealer","floor":25,"gold_loss":0}],"is_beta":false,"boss_relics":[{"not_picked":["Fusion Hammer","Orrery"],"picked":"Eternal Feather"}],"items_purged_floors":[],"is_endless":false,"potions_floor_spawned":[1,6,8],"killed_by":"Book of Stabbing","ascension_level":9}