{"gold_per_floor":[119,131,28,41,55,55,81,100,400,400,411,444,444,444,444,444],"floor_reached":16,"playtime":468,"items_purged":[],"score":224,"play_id":"8bd1de45-55d4-4191-a6d3-3395540ee9cc","local_time":"20190429200425","is_ascension_mode":true,"campfire_choices":[{"data":"Dramatic Entrance","floor":6.0,"key":"SMITH"},{"data":"Zap","floor":10.0,"key":"SMITH"},{"data":"Go for the Eyes","floor":13.0,"key":"SMITH"},{"data":"Gash","floor":15.0,"key":"SMITH"}],"neow_cost":"NONE","seed_source_timestamp":1383069913698110,"circlet_count":0,"master_deck":["AscendersBane","Strike_B","Strike_B","Strike_B","Strike_B","Defend_B","Defend_B","Defend_B","Defend_B","Zap+1","Dualcast","Gash+1","Beam Cell","Dramatic Entrance+1","Beam Cell","Steam","All For One","FTL","Go for the Eyes+1","Injury"],"special_seed":0,"relics":["Coffee Dripper","Ornamental Fan","Old Coin","Bird Faced Urn","Golden Idol"],"potions_floor_usage":[],"damage_taken":[{"damage":4.0,"enemies":"Small Slimes","floor":1.0,"turns":3.0},{"damage":7.0,"enemies":"Jaw Worm","floor":2.0,"turns":3.0},{"damage":0.0,"enemies":"2 Louse","floor":4.0,"turns":2.0},{"damage":11.0,"enemies":"Blue Slaver","floor":5.0,"turns":3.0},{"damage":19.0,"enemies":"3 Sentries","floor":7.0,"turns":4.0},{"damage":0.0,"enemies":"2 Fungi Beasts","floor":8.0,"turns":3.0},{"damage":1.0,"enemies":"3 Louse","floor":11.0,"turns":3.0},{"damage":15.0,"enemies":"Lagavulin","floor":12.0,"turns":7.0},{"damage":9,"enemies":"The Guardian","floor":16,"turns":4}],"seed_played":"404194045633836471","potions_obtained":[{"floor":2.0,"key":"PowerPotion"},{"floor":5.0,"key":"Ancient Potion"},{"floor":7.0,"key":"Energy Potion"},{"floor":11.0,"key":"SteroidPotion"}],"is_trial":false,"path_per_floor":["M","M","$","M","M","R","E","M","T","R","M","E","R","?","R","B"],"character_chosen":"DEFECT","items_purchased":["Dramatic Entrance"],"campfire_rested":0,"item_purchase_floors":[3],"current_hp_per_floor":[60,53,53,53,42,42,23,23,23,23,22,7,7,7,7,0],"gold":444,"neow_bonus":"BOSS_RELIC","is_prod":false,"is_daily":false,"chose_seed":false,"campfire_upgraded":4,"win_rate":0,"timestamp":1556561065,"path_taken":["M","M","$","M","M","R","E","M","T","R","M","E","R","?","R","BOSS"],"build_version":"2019-01-23","purchased_purges":0,"victory":false,"max_hp_per_floor":[71,71,71,71,71,71,71,71,71,71,71,71,71,71,71,71],"card_choices":[{"not_picked":["Redo","Streamline"],"picked":"Gash","floor":1.0},{"not_picked":["Coolheaded","Leap"],"picked":"Beam Cell","floor":2.0},{"not_picked":["Glacier","Hologram"],"picked":"Beam Cell","floor":4.0},{"not_picked":["Skim","Barrage"],"picked":"Steam","floor":5.0},{"not_picked":["Turbo","Stack","Storm"],"picked":"SKIP","floor":7.0},{"not_picked":["Gash","White Noise"],"picked":"All For One","floor":8.0},{"not_picked":["Turbo","Barrage"],"picked":"FTL","floor":11.0},{"not_picked":["Barrage","Steam"],"picked":"Go for the Eyes","floor":12.0}],"player_experience":546248,"relics_obtained":[{"floor":7.0,"key":"Ornamental Fan"},{"floor":9.0,"key":"Old Coin"},{"floor":12.0,"key":"Bird Faced Urn"}],"event_choices":[{"damage_healed":0.0,"max_hp_gain":0.0,"max_hp_loss":0.0,"gold_gain":0.0,"event_name":"Golden Idol","player_choice":"Take Wound","floor":14.0,"gold_loss":0.0,"damage_taken":0.0,"relics_obtained":["Golden Idol"],"cards_obtained":["Injury"]}],"is_beta":false,"boss_relics":[],"items_purged_floors":[],"is_endless":false,"potions_floor_spawned":[2,5,7,11],"killed_by":"The Guardian","ascension_level":20}