{"gold_per_floor":[111,130,130,143,155,155,155,180,180,211,211,241,252,278,278,351,351,364,43,60,73,73,73,98,98,152,152,162,162,189,200,200,279,279,290,300,315,87,105,105,205,222,222,192,203,203,229,246,246,246],"floor_reached":51,"playtime":2317,"items_purged":["Strike_B","Strike_B"],"score":1367,"play_id":"ef56a72a-29cd-4798-b6d8-1c6510d228a5","local_time":"20190108225454","is_ascension_mode":true,"campfire_choices":[{"data":"Beam Cell","floor":6.0,"key":"SMITH"},{"data":"Dualcast","floor":11.0,"key":"SMITH"},{"floor":15.0,"key":"REST"},{"data":"Fission","floor":23.0,"key":"SMITH"},{"data":"Hologram","floor":25.0,"key":"SMITH"},{"data":"Fusion","floor":27.0,"key":"SMITH"},{"floor":32.0,"key":"REST"},{"data":"Creative AI","floor":40.0,"key":"SMITH"},{"data":"Double Energy","floor":46,"key":"SMITH"},{"floor":49,"key":"REST"}],"neow_cost":"TEN_PERCENT_HP_LOSS","seed_source_timestamp":49289228461276,"circlet_count":0,"master_deck":["AscendersBane","Defend_B","Defend_B","Defend_B","Defend_B","Zap","Dualcast+1","Hyperbeam+1","Hologram+1","Beam Cell+1","Rebound","Genetic Algorithm","Fusion+1","Reinforced Body","BootSequence","Fission+1","Undo","Go for the Eyes+1","Creative AI+1","Beam Cell+1","Undo+1","Hologram","Skim","Reprogram+1","FTL+1","Go for the Eyes+1","Double Energy+1","Double Energy+1","Double Energy"],"special_seed":0,"relics":["Cracked Core","Dodecahedron","Prayer Wheel","Dead Branch","Strawberry","Bronze Scales","Busted Crown","Singing Bowl","Molten Egg 2","DataDisk","Kunai","Pen Nib","Empty Cage","Turnip","Symbiotic Virus","Bottled Flame"],"potions_floor_usage":[50,50],"damage_taken":[{"damage":0.0,"enemies":"Cultist","floor":1.0,"turns":2.0},{"damage":0.0,"enemies":"Small Slimes","floor":2.0,"turns":1.0},{"damage":7.0,"enemies":"Jaw Worm","floor":4.0,"turns":2.0},{"damage":1.0,"enemies":"Looter","floor":5.0,"turns":2.0},{"damage":5.0,"enemies":"3 Sentries","floor":8.0,"turns":3.0},{"damage":25.0,"enemies":"Lagavulin","floor":10.0,"turns":4.0},{"damage":14.0,"enemies":"3 Sentries","floor":12.0,"turns":4.0},{"damage":0.0,"enemies":"Exordium Wildlife","floor":13.0,"turns":2.0},{"damage":4.0,"enemies":"Lagavulin","floor":14.0,"turns":5.0},{"damage":10.0,"enemies":"Slime Boss","floor":16.0,"turns":6.0},{"damage":0.0,"enemies":"Chosen","floor":18.0,"turns":2.0},{"damage":2.0,"enemies":"Shell Parasite","floor":20.0,"turns":2.0},{"damage":0.0,"enemies":"Centurion and Healer","floor":21.0,"turns":3.0},{"damage":5.0,"enemies":"Gremlin Leader","floor":24.0,"turns":4.0},{"damage":6.0,"enemies":"Sentry and Sphere","floor":28.0,"turns":5.0},{"damage":12.0,"enemies":"Slavers","floor":30.0,"turns":3.0},{"damage":3.0,"enemies":"Snecko","floor":31.0,"turns":5.0},{"damage":39.0,"enemies":"Automaton","floor":33.0,"turns":10.0},{"damage":0.0,"enemies":"3 Shapes","floor":35.0,"turns":2.0},{"damage":1.0,"enemies":"3 Darklings","floor":36.0,"turns":4.0},{"damage":0.0,"enemies":"Sphere and 2 Shapes","floor":37.0,"turns":5.0},{"damage":0.0,"enemies":"Jaw Worm Horde","floor":39.0,"turns":4.0},{"damage":0.0,"enemies":"Mind Bloom Boss Battle","floor":41.0,"turns":3.0},{"damage":0.0,"enemies":"Spire Growth","floor":42.0,"turns":3.0},{"damage":0.0,"enemies":"3 Darklings","floor":45.0,"turns":3.0},{"damage":34,"enemies":"Giant Head","floor":47,"turns":8},{"damage":5,"enemies":"Sphere and 2 Shapes","floor":48,"turns":5},{"damage":68,"enemies":"Time Eater","floor":50,"turns":10}],"seed_played":"6681969691485064441","potions_obtained":[{"floor":4.0,"key":"FocusPotion"},{"floor":8.0,"key":"AttackPotion"},{"floor":13.0,"key":"Block Potion"},{"floor":31.0,"key":"PowerPotion"},{"floor":33.0,"key":"Swift Potion"},{"floor":37.0,"key":"Energy Potion"},{"floor":42.0,"key":"Strength Potion"},{"floor":44.0,"key":"Fruit Juice"},{"floor":48,"key":"AttackPotion"}],"is_trial":false,"path_per_floor":["M","M","?","M","M","R","?","E","T","E","R","E","M","E","R","B",null,"M","$","M","M","?","R","E","R","T","R","M","T","E","M","R","B",null,"M","M","M","$","M","R","?","M","T","?","M","R","E","M","R","B",null],"character_chosen":"DEFECT","items_purchased":["Singing Bowl","PowerPotion","Skim"],"campfire_rested":3,"item_purchase_floors":[19,38,38],"current_hp_per_floor":[64,64,64,57,56,56,61,56,56,31,31,24,24,20,42,32,65,65,65,65,69,69,69,66,66,66,66,62,62,52,53,80,41,79,81,82,84,84,86,86,86,88,88,93,95,95,63,60,93,25],"gold":246,"neow_bonus":"THREE_RARE_CARDS","is_prod":false,"is_daily":false,"chose_seed":false,"campfire_upgraded":7,"win_rate":0,"timestamp":1547016894,"path_taken":["M","M","?","M","?","R","?","E","T","E","R","E","M","E","R","BOSS","M","$","M","M","?","R","E","R","T","R","M","?","E","M","R","BOSS","M","M","M","$","M","R","?","M","T","?","M","R","E","?","R","BOSS"],"build_version":"2019-01-03v4","purchased_purges":2,"victory":true,"max_hp_per_floor":[64,64,64,64,64,64,69,69,69,69,69,76,76,76,76,76,76,76,76,78,82,82,82,84,84,84,84,86,86,88,92,92,92,92,94,96,98,98,100,100,100,102,102,107,109,109,111,113,113,113],"card_choices":[{"not_picked":["All For One","Reboot"],"picked":"Hyperbeam","floor":0.0},{"not_picked":["Aggregate","Turbo"],"picked":"Hologram","floor":1.0},{"not_picked":["Streamline","Rebound"],"picked":"Beam Cell","floor":2.0},{"not_picked":["Turbo","Hello World"],"picked":"Rebound","floor":4.0},{"not_picked":["Tempest","Beam Cell","Consume"],"picked":"SKIP","floor":5.0},{"not_picked":["Coolheaded","Rainbow","Rebound"],"picked":"SKIP","floor":8.0},{"not_picked":["Auto Shields","Stack"],"picked":"Genetic Algorithm","floor":10.0},{"not_picked":["Stack","Ball Lightning"],"picked":"Fusion","floor":12.0},{"not_picked":["Thunder Strike","Force Field"],"picked":"Reinforced Body","floor":13.0},{"not_picked":["Static Discharge","Stack","Barrage"],"picked":"SKIP","floor":13.0},{"not_picked":["Self Repair","Redo"],"picked":"BootSequence","floor":14.0},{"not_picked":["Reboot","Multi-Cast"],"picked":"Fission","floor":16.0},{"not_picked":["Sweeping Beam"],"picked":"SKIP","floor":18.0},{"not_picked":["Ball Lightning"],"picked":"SKIP","floor":18.0},{"not_picked":["Coolheaded"],"picked":"Singing Bowl","floor":20.0},{"not_picked":[],"picked":"Undo","floor":20.0},{"not_picked":["Melter"],"picked":"Singing Bowl","floor":21.0},{"not_picked":["Loop"],"picked":"Singing Bowl","floor":21.0},{"not_picked":["Self Repair"],"picked":"Singing Bowl","floor":24.0},{"not_picked":[],"picked":"Go for the Eyes+1","floor":28.0},{"not_picked":["Heatsinks"],"picked":"Singing Bowl","floor":28.0},{"not_picked":["Redo"],"picked":"Singing Bowl","floor":30.0},{"not_picked":["Streamline+1"],"picked":"Singing Bowl","floor":31.0},{"not_picked":["Go for the Eyes+1"],"picked":"Singing Bowl","floor":31.0},{"not_picked":[],"picked":"Creative AI","floor":33.0},{"not_picked":["Gash+1"],"picked":"Singing Bowl","floor":35.0},{"not_picked":[],"picked":"Beam Cell+1","floor":35.0},{"not_picked":[],"picked":"Undo+1","floor":36.0},{"not_picked":["Stack"],"picked":"Singing Bowl","floor":36.0},{"not_picked":[],"picked":"Hologram","floor":37.0},{"not_picked":["Genetic Algorithm+1"],"picked":"Singing Bowl","floor":37.0},{"not_picked":["Gash+1"],"picked":"Singing Bowl","floor":39.0},{"not_picked":[],"picked":"Reprogram+1","floor":39.0},{"not_picked":[],"picked":"FTL+1","floor":41.0},{"not_picked":["Defragment"],"picked":"Singing Bowl","floor":42.0},{"not_picked":[],"picked":"Go for the Eyes+1","floor":42.0},{"not_picked":[],"picked":"Double Energy","floor":45},{"not_picked":[],"picked":"Double Energy","floor":45},{"not_picked":["Redo"],"picked":"Singing Bowl","floor":45},{"not_picked":["Gash+1"],"picked":"Singing Bowl","floor":47},{"not_picked":[],"picked":"Double Energy","floor":48},{"not_picked":["Cold Snap+1"],"picked":"Singing Bowl","floor":48}],"player_experience":1971205,"relics_obtained":[{"floor":8.0,"key":"Dodecahedron"},{"floor":9.0,"key":"Prayer Wheel"},{"floor":10.0,"key":"Dead Branch"},{"floor":12.0,"key":"Strawberry"},{"floor":14.0,"key":"Bronze Scales"},{"floor":24.0,"key":"Molten Egg 2"},{"floor":26.0,"key":"DataDisk"},{"floor":29.0,"key":"Kunai"},{"floor":30.0,"key":"Pen Nib"},{"floor":41.0,"key":"Turnip"},{"floor":43.0,"key":"Symbiotic Virus"},{"floor":47,"key":"Bottled Flame"}],"event_choices":[{"damage_healed":0.0,"max_hp_gain":0.0,"max_hp_loss":0.0,"gold_gain":0.0,"event_name":"Upgrade Shrine","player_choice":"Upgraded","floor":3.0,"gold_loss":0.0,"damage_taken":0.0,"cards_upgraded":["Hyperbeam"]},{"damage_healed":0.0,"max_hp_gain":5.0,"max_hp_loss":0.0,"gold_gain":0.0,"event_name":"Big Fish","player_choice":"Donut","floor":7.0,"gold_loss":0.0,"damage_taken":0.0},{"damage_healed":0.0,"max_hp_gain":0.0,"max_hp_loss":0.0,"gold_gain":0.0,"event_name":"MindBloom","player_choice":"Fight","floor":41.0,"gold_loss":0.0,"damage_taken":0.0},{"damage_healed":0.0,"max_hp_gain":0.0,"max_hp_loss":0.0,"gold_gain":0.0,"event_name":"The Woman in Blue","player_choice":"Bought 2 Potions","floor":44.0,"gold_loss":0.0,"damage_taken":0.0}],"is_beta":false,"boss_relics":[{"not_picked":["Tiny House","Orrery"],"picked":"Busted Crown"},{"not_picked":["Pandora\u0027s Box","Nuclear Battery"],"picked":"Empty Cage"}],"items_purged_floors":[19,38],"is_endless":false,"potions_floor_spawned":[4,8,13,14,20,31,33,36,37,42,48],"ascension_level":15}