{"gold_per_floor":[115,127,140,114,124,124,124,154,178,216,216,259,259,259,259,259],"floor_reached":16,"playtime":588,"items_purged":[],"score":189,"play_id":"c42e0e01-bc0e-4de2-85fb-64547b7c65f3","local_time":"20180823124952","is_ascension_mode":true,"campfire_choices":[{"data":"Double Tap","floor":6.0,"key":"SMITH"},{"data":"Iron Wave","floor":13.0,"key":"SMITH"},{"data":"Metallicize","floor":15,"key":"SMITH"}],"neow_cost":"NONE","seed_source_timestamp":5725052893791,"circlet_count":0,"master_deck":["Strike_R","Strike_R","Strike_R","Strike_R","Strike_R","Defend_R","Defend_R","Defend_R","Defend_R","Bash","AscendersBane","Double Tap+1","Headbutt","Iron Wave+1","True Grit","Cleave","Metallicize+1","Pommel Strike","Shrug It Off","Limit Break"],"special_seed":0,"relics":["Burning Blood","Golden Idol","Odd Mushroom","Juzu Bracelet","Art of War","Pen Nib"],"potions_floor_usage":[],"damage_taken":[{"damage":7.0,"enemies":"Small Slimes","floor":1.0,"turns":4.0},{"damage":14.0,"enemies":"Jaw Worm","floor":2.0,"turns":3.0},{"damage":5.0,"enemies":"2 Louse","floor":3.0,"turns":3.0},{"damage":0.0,"enemies":"2 Fungi Beasts","floor":5.0,"turns":3.0},{"damage":5.0,"floor":8.0,"turns":4.0},{"damage":18.0,"enemies":"Gremlin Nob","floor":10.0,"turns":4.0},{"damage":29.0,"enemies":"3 Sentries","floor":12.0,"turns":10.0},{"damage":37,"enemies":"Hexaghost","floor":16,"turns":11}],"seed_played":"3470328259293537097","potions_obtained":[{"floor":3.0,"key":"SteroidPotion"},{"floor":5.0,"key":"Swift Potion"},{"floor":10.0,"key":"Dexterity Potion"}],"is_trial":false,"path_per_floor":["M","M","M","$","M","R","?","?","T","E","?","E","R","?","R"],"character_chosen":"IRONCLAD","items_purchased":["Cleave"],"campfire_rested":0,"item_purchase_floors":[4],"current_hp_per_floor":[67,59,60,60,66,66,66,67,67,55,60,37,37,37,37,0],"gold":259,"neow_bonus":"ONE_RANDOM_RARE_CARD","is_prod":false,"is_daily":false,"chose_seed":false,"campfire_upgraded":3,"win_rate":0,"timestamp":1535053792,"path_taken":["M","M","M","$","M","R","?","?","T","E","?","E","R","?","R","BOSS"],"build_version":"2018-08-16","purchased_purges":0,"victory":false,"max_hp_per_floor":[75,75,75,75,75,75,68,68,68,68,73,73,73,73,73,73],"card_choices":[{"not_picked":["Flame Barrier","Burning Pact"],"picked":"Headbutt","floor":1.0},{"not_picked":["Sword Boomerang","Clash"],"picked":"Iron Wave","floor":2.0},{"not_picked":["Intimidate","Iron Wave"],"picked":"True Grit","floor":3.0},{"not_picked":["Fiend Fire","Clash"],"picked":"Metallicize","floor":5.0},{"not_picked":["Dropkick","Armaments"],"picked":"Pommel Strike","floor":8.0},{"not_picked":["Cleave","Corruption","Clash"],"picked":"SKIP","floor":10.0},{"not_picked":["Power Through","Sword Boomerang"],"picked":"Shrug It Off","floor":12.0}],"player_experience":1014114,"relics_obtained":[{"floor":8.0,"key":"Odd Mushroom"},{"floor":9.0,"key":"Juzu Bracelet"},{"floor":10.0,"key":"Art of War"},{"floor":12.0,"key":"Pen Nib"}],"event_choices":[{"event_name":"Golden Idol","player_choice":"Lose Max HP","floor":7.0,"damage_taken":0.0},{"event_name":"Mushrooms","player_choice":"Fought Mushrooms","floor":8.0,"damage_taken":0.0},{"event_name":"Big Fish","player_choice":"Donut","floor":11.0,"damage_taken":0.0},{"event_name":"Match and Keep!","player_choice":"1 cards matched","floor":14,"damage_taken":0}],"is_beta":false,"boss_relics":[],"items_purged_floors":[],"is_endless":false,"potions_floor_spawned":[3,5,10],"killed_by":"Hexaghost","ascension_level":15}