{"gold_per_floor":[111,36,36,51,51,51,61,90,140,215,215,229,229,262,262,340,340,360,360,360,76,101,132,32,32,32,59,70,81,116,41,41,119,119,133,148,23,43,56,56,86,86,86,112,212,434,434,460,460,460,460,460,460,86,117,117],"floor_reached":57,"playtime":2529,"items_purged":["Strike_R","Strike_R","Defend_R","Bash"],"score":3079,"play_id":"c95d52bc-58fc-455c-9021-f933f042eb58","local_time":"20190415135950","is_ascension_mode":true,"campfire_choices":[{"data":"Armaments","floor":6.0,"key":"SMITH"},{"data":"Flex","floor":13.0,"key":"SMITH"},{"data":"Infernal Blade","floor":15.0,"key":"SMITH"},{"data":"Limit Break","floor":25.0,"key":"SMITH"},{"floor":32.0,"key":"REST"},{"data":"Battle Trance","floor":40.0,"key":"SMITH"},{"data":"Sword Boomerang","floor":42.0,"key":"SMITH"},{"data":"Shockwave","floor":47.0,"key":"SMITH"},{"floor":49,"key":"RECALL"},{"data":"Exhume","floor":53,"key":"SMITH"}],"neow_cost":"CURSE","seed_source_timestamp":940472908900,"circlet_count":0,"master_deck":["AscendersBane","Armaments+1","Infernal Blade+1","Flex+1","Limit Break+1","Sword Boomerang+1","Shockwave+1","Battle Trance+1","Feed","Inflame+1","Reaper","Exhume+1","Shrug It Off+1","Dark Embrace+1","Rage+1","Burning Pact+1"],"special_seed":0,"relics":["Burning Blood","Nunchaku","Anchor","Letter Opener","Pen Nib","Gambling Chip","Sozu","Chemical X","Red Mask","Champion Belt","Singing Bowl","Mummified Hand","Ice Cream","Astrolabe","Oddly Smooth Stone","FossilizedHelix","Unceasing Top","Bird Faced Urn","ClockworkSouvenir","Bag of Preparation"],"potions_floor_usage":[],"damage_taken":[{"damage":8.0,"enemies":"Cultist","floor":1.0,"turns":3.0},{"damage":0.0,"enemies":"Jaw Worm","floor":4.0,"turns":3.0},{"damage":8.0,"enemies":"Small Slimes","floor":7.0,"turns":5.0},{"damage":2.0,"enemies":"3 Sentries","floor":8.0,"turns":9.0},{"damage":0.0,"enemies":"2 Fungi Beasts","floor":12.0,"turns":3.0},{"damage":34.0,"enemies":"Lagavulin","floor":14.0,"turns":8.0},{"damage":16.0,"enemies":"Hexaghost","floor":16.0,"turns":9.0},{"damage":7.0,"enemies":"Chosen","floor":18.0,"turns":3.0},{"damage":9.0,"enemies":"Masked Bandits","floor":22.0,"turns":3.0},{"damage":17.0,"enemies":"Slavers","floor":23.0,"turns":4.0},{"damage":21.0,"enemies":"Gremlin Leader","floor":27.0,"turns":7.0},{"damage":16.0,"enemies":"Spheric Guardian","floor":28.0,"turns":4.0},{"damage":8.0,"enemies":"Snake Plant","floor":29.0,"turns":4.0},{"damage":19.0,"enemies":"Slavers","floor":30.0,"turns":8.0},{"damage":27.0,"enemies":"Collector","floor":33.0,"turns":4.0},{"damage":0.0,"enemies":"3 Shapes","floor":35.0,"turns":2.0},{"damage":0.0,"enemies":"3 Darklings","floor":36.0,"turns":2.0},{"damage":0.0,"enemies":"Writhing Mass","floor":38.0,"turns":3.0},{"damage":14.0,"enemies":"Spire Growth","floor":39.0,"turns":3.0},{"damage":30.0,"enemies":"Reptomancer","floor":41.0,"turns":3.0},{"damage":0.0,"enemies":"Giant Head","floor":44.0,"turns":4.0},{"damage":6.0,"enemies":"Mind Bloom Boss Battle","floor":45.0,"turns":4.0},{"damage":51,"enemies":"Nemesis","floor":48,"turns":5},{"damage":19,"enemies":"Time Eater","floor":50,"turns":8},{"damage":20,"enemies":"Donu and Deca","floor":51,"turns":4},{"damage":0,"enemies":"Shield and Spear","floor":55,"turns":2},{"damage":164,"enemies":"The Heart","floor":56,"turns":7}],"seed_played":"-8369841858522691985","potions_obtained":[{"floor":1.0,"key":"Weak Potion"},{"floor":14.0,"key":"GamblersBrew"}],"is_trial":false,"path_per_floor":["M","?","?","M","?","R","M","E","T","?","?","M","R","E","R","B",null,"M","?","?","$","?","E","$","R","T","E","M","M","E","?","R","B",null,"M","M","$","M","M","R","E","R","T","E","?","?","R","E","R","B","B",null,"R","$","E","B",null],"character_chosen":"IRONCLAD","items_purchased":["Chemical X","ClockworkSouvenir"],"campfire_rested":1,"item_purchase_floors":[21,54],"current_hp_per_floor":[66,66,55,61,61,61,59,63,63,52,41,47,47,19,19,9,59,58,58,58,58,55,44,44,44,44,35,31,31,22,22,49,93,93,99,105,105,107,101,101,87,87,87,98,110,110,110,65,65,118,107,118,118,118,123,123],"gold":117,"neow_bonus":"ONE_RARE_RELIC","is_prod":false,"is_daily":false,"chose_seed":false,"campfire_upgraded":8,"win_rate":0,"timestamp":1555307990,"path_taken":["M","?","?","M","?","R","M","E","T","?","?","?","R","E","R","BOSS","M","?","?","$","?","E","$","R","T","E","M","M","E","?","R","BOSS","M","M","$","M","?","R","E","R","T","E","?","?","R","E","R","BOSS","BOSS","R","$","E","BOSS"],"build_version":"2019-01-23","purchased_purges":4,"victory":true,"max_hp_per_floor":[75,75,75,75,75,75,75,75,75,75,75,75,75,75,75,75,75,75,75,75,75,75,75,75,75,75,81,87,89,93,93,93,93,93,99,105,105,107,109,109,111,111,111,116,118,118,118,118,118,118,121,121,121,121,123,123],"card_choices":[{"not_picked":["Warcry","Bloodletting"],"picked":"Armaments","floor":1.0},{"not_picked":["Anger","Shrug It Off"],"picked":"Infernal Blade","floor":4.0},{"not_picked":["Iron Wave","Pommel Strike"],"picked":"Flex","floor":7.0},{"not_picked":["Cleave","Clothesline","Havoc"],"picked":"SKIP","floor":8.0},{"not_picked":["Anger","Pummel","Perfected Strike"],"picked":"SKIP","floor":12.0},{"not_picked":["Perfected Strike","Clash"],"picked":"Battle Trance","floor":14.0},{"not_picked":["Barricade","Brutality"],"picked":"Limit Break","floor":16.0},{"not_picked":["Clothesline","Shrug It Off"],"picked":"Sword Boomerang","floor":18.0},{"not_picked":["Iron Wave","Ghostly Armor"],"picked":"Feed","floor":23.0},{"not_picked":["Sever Soul","Clash","Body Slam"],"picked":"Singing Bowl","floor":27.0},{"not_picked":["Shrug It Off","Clash","Blood for Blood"],"picked":"Singing Bowl","floor":28.0},{"not_picked":["Clash","Fire Breathing","Sword Boomerang"],"picked":"Singing Bowl","floor":29.0},{"not_picked":["Battle Trance","Combust"],"picked":"Inflame+1","floor":30.0},{"not_picked":["Feed","Berserk"],"picked":"Exhume","floor":33.0},{"not_picked":["Armaments","Thunderclap","Clothesline"],"picked":"Singing Bowl","floor":35.0},{"not_picked":["Inflame+1","Iron Wave","Battle Trance"],"picked":"Singing Bowl","floor":36.0},{"not_picked":["Combust","Hemokinesis","Infernal Blade+1"],"picked":"Singing Bowl","floor":38.0},{"not_picked":["Warcry","Dropkick","Cleave"],"picked":"Singing Bowl","floor":39.0},{"not_picked":["Spot Weakness+1","Corruption","Twin Strike+1"],"picked":"Singing Bowl","floor":41.0},{"not_picked":["Dropkick","Seeing Red","Power Through"],"picked":"Singing Bowl","floor":44.0},{"not_picked":["Entrench","Fire Breathing","Searing Blow"],"picked":"Singing Bowl","floor":45.0},{"not_picked":["Cleave","Heavy Blade"],"picked":"Burning Pact+1","floor":48},{"not_picked":["Cleave+1","Brutality","Clothesline"],"picked":"Singing Bowl","floor":55}],"player_experience":2972672,"relics_obtained":[{"floor":8.0,"key":"Letter Opener"},{"floor":9.0,"key":"Pen Nib"},{"floor":14.0,"key":"Gambling Chip"},{"floor":22.0,"key":"Red Mask"},{"floor":23.0,"key":"Champion Belt"},{"floor":26.0,"key":"Singing Bowl"},{"floor":27.0,"key":"Mummified Hand"},{"floor":30.0,"key":"Ice Cream"},{"floor":41.0,"key":"Oddly Smooth Stone"},{"floor":44.0,"key":"FossilizedHelix"},{"floor":45.0,"key":"Unceasing Top"},{"floor":48,"key":"Bird Faced Urn"},{"floor":55,"key":"Bag of Preparation"}],"event_choices":[{"cards_removed":["Regret"],"damage_healed":0.0,"max_hp_gain":0.0,"max_hp_loss":0.0,"gold_gain":0.0,"event_name":"The Cleric","player_choice":"Card Removal","floor":2.0,"gold_loss":75.0,"damage_taken":0.0},{"damage_healed":0.0,"max_hp_gain":0.0,"max_hp_loss":0.0,"gold_gain":0.0,"event_name":"Scrap Ooze","player_choice":"Success","floor":3.0,"gold_loss":0.0,"damage_taken":11.0,"relics_obtained":["Anchor"]},{"damage_healed":0.0,"max_hp_gain":0.0,"max_hp_loss":0.0,"gold_gain":0.0,"event_name":"Liars Game","player_choice":"Ignored","floor":5.0,"gold_loss":0.0,"damage_taken":0.0},{"damage_healed":0.0,"max_hp_gain":0.0,"max_hp_loss":0.0,"gold_gain":75.0,"event_name":"World of Goop","player_choice":"Gather Gold","floor":10.0,"gold_loss":0.0,"damage_taken":11.0},{"damage_healed":0.0,"max_hp_gain":0.0,"max_hp_loss":0.0,"gold_gain":0.0,"event_name":"Wheel of Change","player_choice":"Damaged","floor":11.0,"gold_loss":0.0,"damage_taken":11.0},{"cards_removed":["Strike_R"],"damage_healed":0.0,"max_hp_gain":0.0,"max_hp_loss":0.0,"gold_gain":0.0,"event_name":"Back to Basics","player_choice":"Elegance","floor":19.0,"gold_loss":0.0,"damage_taken":0.0},{"damage_healed":0.0,"max_hp_gain":0.0,"max_hp_loss":0.0,"gold_gain":0.0,"cards_transformed":["Strike_R","Strike_R"],"event_name":"Drug Dealer","player_choice":"Became Test Subject","floor":20.0,"gold_loss":0.0,"damage_taken":0.0,"cards_obtained":["Shockwave","Battle Trance"]},{"damage_healed":0.0,"max_hp_gain":0.0,"max_hp_loss":0.0,"gold_gain":0.0,"event_name":"Masked Bandits","player_choice":"Fought Bandits","floor":22.0,"gold_loss":0.0,"damage_taken":0.0},{"damage_healed":0.0,"max_hp_gain":0.0,"max_hp_loss":0.0,"gold_gain":0.0,"cards_transformed":["Battle Trance","Defend_R"],"event_name":"Designer","player_choice":"Transformed Cards","floor":31.0,"gold_loss":75.0,"damage_taken":0.0,"cards_obtained":["Reaper","Barricade"]},{"damage_healed":0.0,"max_hp_gain":0.0,"max_hp_loss":0.0,"gold_gain":0.0,"event_name":"MindBloom","player_choice":"Fight","floor":45.0,"gold_loss":0.0,"damage_taken":0.0},{"damage_healed":0.0,"max_hp_gain":0.0,"max_hp_loss":0.0,"gold_gain":222.0,"event_name":"Tomb of Lord Red Mask","player_choice":"Wore Mask","floor":46.0,"gold_loss":0.0,"damage_taken":0.0}],"is_beta":false,"boss_relics":[{"not_picked":["Busted Crown","Tiny House"],"picked":"Sozu"},{"not_picked":["Empty Cage","White Beast Statue"],"picked":"Astrolabe"}],"items_purged_floors":[21,24,37,54],"is_endless":false,"potions_floor_spawned":[1,14,18,22,30,36,41,44,48,55],"ascension_level":20}