{"gold_per_floor":[210,222,222,6,6,31,31,62,62,62,79,108,108,128,128,202,202,142,142,142,53,53,53,53],"floor_reached":24,"playtime":1091,"items_purged":[],"score":413,"play_id":"aed4cc3d-3707-47f6-811a-950ed80bd92f","local_time":"20190503065450","is_ascension_mode":true,"campfire_choices":[{"floor":7,"key":"REST"},{"floor":10,"key":"REST"},{"data":"Barricade","floor":13,"key":"SMITH"},{"floor":15,"key":"REST"},{"floor":23,"key":"REST"}],"neow_cost":"NONE","seed_source_timestamp":577506810625700,"circlet_count":0,"master_deck":["AscendersBane","Strike_R","Strike_R","Strike_R","Strike_R","Defend_R","Defend_R","Defend_R","Defend_R","Bash","Pommel Strike","Clothesline","Anger","Iron Wave","Fiend Fire","Cleave","Barricade+1","Armaments+1","Body Slam","Entrench+1","True Grit+1","True Grit+1","Entrench+1"],"relics":["Burning Blood","Medical Kit","Toxic Egg 2","Prayer Wheel","Kunai","Oddly Smooth Stone","Ectoplasm","Gambling Chip"],"potions_floor_usage":[8,12,18,18,22],"damage_taken":[{"damage":7,"enemies":"Small Slimes","floor":1,"turns":4},{"damage":7,"enemies":"Cultist","floor":2,"turns":4},{"damage":57,"enemies":"Lagavulin","floor":6,"turns":9},{"damage":26,"enemies":"Gremlin Nob","floor":8,"turns":4},{"damage":4,"enemies":"Jaw Worm","floor":11,"turns":3},{"damage":20,"enemies":"3 Sentries","floor":12,"turns":8},{"damage":5,"enemies":"Looter","floor":14,"turns":4},{"damage":35,"enemies":"The Guardian","floor":16,"turns":16},{"damage":16,"enemies":"2 Thieves","floor":18,"turns":4},{"damage":21,"enemies":"Shell Parasite","floor":20,"turns":9},{"damage":27,"enemies":"Colosseum Slavers","floor":22,"turns":8},{"damage":39,"enemies":"Gremlin Leader","floor":24,"turns":2}],"seed_played":"6923606002527201361","potions_obtained":[{"floor":6,"key":"Poison Potion"},{"floor":8,"key":"Block Potion"},{"floor":14,"key":"LiquidBronze"},{"floor":16,"key":"GamblersBrew"},{"floor":18,"key":"Energy Potion"}],"is_trial":false,"path_per_floor":["M","M","?","$","$","E","R","E","T","R","M","E","R","M","R","B",null,"M","T","M","$","?","R","E"],"character_chosen":"IRONCLAD","items_purchased":["Medical Kit","Entrench+1"],"campfire_rested":4,"item_purchase_floors":[4,21],"current_hp_per_floor":[67,66,66,66,66,15,37,17,17,39,41,27,27,28,50,21,62,52,52,37,37,16,38,0],"gold":53,"neow_bonus":"HUNDRED_GOLD","is_prod":false,"is_daily":false,"chose_seed":false,"campfire_upgraded":1,"win_rate":0,"timestamp":1556855690,"path_taken":["M","M","?","?","$","E","R","E","T","R","M","E","R","M","R","BOSS","M","?","M","$","?","R","E"],"build_version":"2019-01-23","purchased_purges":0,"victory":false,"max_hp_per_floor":[75,75,75,75,75,75,75,75,75,75,75,75,75,75,75,75,75,75,75,75,75,75,75,75],"card_choices":[{"not_picked":["Havoc","Sword Boomerang"],"picked":"Pommel Strike","floor":1},{"not_picked":["Body Slam","Hemokinesis"],"picked":"Clothesline","floor":2},{"not_picked":["Dropkick","Cleave"],"picked":"Iron Wave","floor":6},{"not_picked":["Heavy Blade","Perfected Strike"],"picked":"Fiend Fire","floor":8},{"not_picked":["Body Slam","Perfected Strike"],"picked":"Cleave","floor":11},{"not_picked":["Sever Soul","Anger","Wild Strike"],"picked":"SKIP","floor":11},{"not_picked":["Sever Soul","Anger","Wild Strike"],"picked":"SKIP","floor":11},{"not_picked":["Perfected Strike","Flame Barrier+1"],"picked":"Barricade","floor":12},{"not_picked":["Heavy Blade","Iron Wave"],"picked":"Armaments+1","floor":14},{"not_picked":["Clothesline","Metallicize","Cleave"],"picked":"SKIP","floor":14},{"not_picked":["Carnage","Cleave"],"picked":"Body Slam","floor":18},{"not_picked":["Second Wind+1","Pommel Strike"],"picked":"Entrench+1","floor":18},{"not_picked":["Armaments+1","Havoc+1"],"picked":"True Grit+1","floor":20},{"not_picked":["Pummel","Anger"],"picked":"True Grit+1","floor":20}],"player_experience":361453,"relics_obtained":[{"floor":6,"key":"Toxic Egg 2"},{"floor":8,"key":"Prayer Wheel"},{"floor":9,"key":"Kunai"},{"floor":12,"key":"Oddly Smooth Stone"},{"floor":19,"key":"Gambling Chip"}],"event_choices":[{"damage_healed":0,"gold_gain":0,"cards_transformed":["Strike_R"],"player_choice":"Transformed","damage_taken":0,"max_hp_gain":0,"max_hp_loss":0,"event_name":"Transmorgrifier","floor":3,"gold_loss":0,"cards_obtained":["Anger"]},{"damage_healed":0,"gold_gain":0,"player_choice":"Fight","damage_taken":0,"max_hp_gain":0,"max_hp_loss":0,"event_name":"Colosseum","floor":22,"gold_loss":0},{"damage_healed":0,"gold_gain":0,"player_choice":"Fled From Nobs","damage_taken":0,"max_hp_gain":0,"max_hp_loss":0,"event_name":"Colosseum","floor":22,"gold_loss":0}],"is_beta":false,"boss_relics":[{"not_picked":["Philosopher\u0027s Stone","White Beast Statue"],"picked":"Ectoplasm"}],"items_purged_floors":[],"is_endless":false,"potions_floor_spawned":[6,8,14,16,18],"killed_by":"Gremlin Leader","ascension_level":19}