{"gold_per_floor":[18,37,57,72,83,83,110,110,135,150,162,227,227,246,246,320,320,332,349,349,62,77,77,77,77,100,119,134,159,11,30,30,109,109,119,130,56,56,110,110,120,120,190,207,219,0,16,45,45,45],"floor_reached":51,"playtime":4578,"items_purged":["Strike_G+1"],"score":1251,"play_id":"1bbe03bd-6f31-4a9a-8d6f-808e61185dad","local_time":"20180725145125","is_ascension_mode":true,"campfire_choices":[{"data":"Neutralize","floor":6.0,"key":"SMITH"},{"floor":8.0,"key":"REST"},{"floor":13.0,"key":"REST"},{"data":"Dash","floor":15.0,"key":"SMITH"},{"data":"A Thousand Cuts","floor":23,"key":"SMITH"},{"floor":25,"key":"REST"},{"data":"Footwork","floor":32,"key":"SMITH"},{"data":"Cloak And Dagger","floor":40,"key":"SMITH"},{"data":"After Image","floor":42,"key":"SMITH"},{"data":"Acrobatics","floor":49,"key":"SMITH"}],"neow_cost":"NO_GOLD","seed_source_timestamp":24015805700376,"circlet_count":0,"master_deck":["Defend_G+1","Defend_G+1","Defend_G+1","Defend_G+1","Defend_G+1","Strike_G+1","Strike_G+1","Strike_G+1","Strike_G+1","Survivor","Neutralize+1","AscendersBane","Sucker Punch","Dagger Throw","Slice","PiercingWail","Backstab","Dash+1","Finisher","A Thousand Cuts+1","Terror+1","Backflip","Backstab","Acrobatics+1","Crippling Poison","Footwork+1","After Image+1","Cloak And Dagger+1","Leg Sweep","Blind","PiercingWail","Clumsy","Calculated Gamble+1"],"special_seed":0,"relics":["Ring of the Snake","Mango","Ninja Scroll","Blood Vial","Tiny Chest","Sozu","Paper Crane","Enchiridion","Lantern","Pen Nib","Cursed Key","Gambling Chip","Matryoshka","Red Mask","Anchor"],"potions_floor_usage":[33],"damage_taken":[{"damage":10.0,"enemies":"Jaw Worm","floor":1.0,"turns":8.0},{"damage":3.0,"enemies":"2 Louse","floor":2.0,"turns":3.0},{"damage":7.0,"enemies":"Small Slimes","floor":3.0,"turns":5.0},{"damage":0.0,"enemies":"2 Fungi Beasts","floor":4.0,"turns":5.0},{"damage":4.0,"enemies":"Blue Slaver","floor":5.0,"turns":4.0},{"damage":44.0,"enemies":"Lagavulin","floor":7.0,"turns":12.0},{"damage":0.0,"enemies":"Looter","floor":10.0,"turns":3.0},{"damage":8.0,"enemies":"Large Slime","floor":11.0,"turns":7.0},{"damage":9.0,"enemies":"3 Sentries","floor":12.0,"turns":9.0},{"damage":0.0,"enemies":"2 Fungi Beasts","floor":14.0,"turns":2.0},{"damage":26.0,"enemies":"Hexaghost","floor":16.0,"turns":11.0},{"damage":7,"enemies":"2 Thieves","floor":18,"turns":4},{"damage":6,"enemies":"Shell Parasite","floor":19,"turns":5},{"damage":1,"enemies":"3 Cultists","floor":22,"turns":4},{"damage":0,"enemies":"Snake Plant","floor":27,"turns":2},{"damage":0,"enemies":"Slaver and Parasite","floor":28,"turns":3},{"damage":0,"enemies":"Gremlin Leader","floor":29,"turns":7},{"damage":0,"enemies":"Centurion and Healer","floor":31,"turns":4},{"damage":52,"enemies":"Champ","floor":33,"turns":12},{"damage":0,"enemies":"3 Darklings","floor":35,"turns":5},{"damage":0,"enemies":"3 Shapes","floor":36,"turns":2},{"damage":0,"floor":39,"turns":5},{"damage":0,"enemies":"Maw","floor":41,"turns":8},{"damage":0,"enemies":"Transient","floor":44,"turns":5},{"damage":0,"enemies":"4 Shapes","floor":45,"turns":7},{"damage":0,"enemies":"Maw","floor":47,"turns":8},{"damage":0,"enemies":"Giant Head","floor":48,"turns":10},{"damage":31,"enemies":"Awakened One","floor":50,"turns":23}],"seed_played":"3135253881875195464","potions_obtained":[{"floor":1.0,"key":"Ancient Potion"},{"floor":7.0,"key":"Block Potion"},{"floor":11.0,"key":"PowerPotion"},{"floor":12.0,"key":"Strength Potion"}],"is_trial":false,"path_per_floor":["M","M","M","M","M","R","E","R","T","M","M","E","R","M","R","B",null,"M","M","?","$","M","R","?","R","T","M","M","E","$","M","R","B",null,"M","M","$","?","?","R","M","R","T","M","M","?","M","E","R","B"],"character_chosen":"THE_SILENT","items_purchased":["Backflip","Paper Crane","Footwork","Leg Sweep"],"campfire_rested":3,"item_purchase_floors":[21,21,30,37],"current_hp_per_floor":[63,60,53,53,49,49,5,29,29,31,25,18,42,44,44,20,65,60,56,56,56,57,57,36,60,60,62,64,66,66,68,68,18,65,67,69,69,69,71,71,73,73,73,75,77,77,79,80,80,49],"gold":45,"neow_bonus":"ONE_RARE_RELIC","is_prod":false,"is_daily":false,"chose_seed":false,"campfire_upgraded":7,"win_rate":0,"timestamp":1532555485,"path_taken":["M","M","M","M","M","R","E","R","T","M","M","E","R","M","R","BOSS","M","M","?","$","M","R","?","R","T","M","M","E","$","M","R","BOSS","M","M","$","?","?","R","?","R","T","M","M","?","M","E","R","BOSS"],"build_version":"2018-07-19v2","purchased_purges":1,"victory":true,"max_hp_per_floor":[80,80,80,80,80,80,80,80,80,80,80,80,80,80,80,80,80,80,80,80,80,80,80,80,80,80,80,80,80,80,80,80,80,80,80,80,80,80,80,80,80,80,80,80,80,80,80,80,80,80],"card_choices":[{"not_picked":["Backflip","Prepared"],"picked":"Sucker Punch","floor":1.0},{"not_picked":["Poisoned Stab","Caltrops"],"picked":"Dagger Throw","floor":2.0},{"not_picked":["Acrobatics","Prepared"],"picked":"Slice","floor":3.0},{"not_picked":["Poisoned Stab","Dagger Throw","Catalyst"],"picked":"SKIP","floor":4.0},{"not_picked":["Riddle With Holes","Masterful Stab","Slice"],"picked":"SKIP","floor":5.0},{"not_picked":["Dagger Throw","Flechettes"],"picked":"PiercingWail","floor":7.0},{"not_picked":["Dodge and Roll","Outmaneuver","Sucker Punch"],"picked":"SKIP","floor":10.0},{"not_picked":["Quick Slash","Escape Plan"],"picked":"Backstab","floor":11.0},{"not_picked":["Outmaneuver","Slice"],"picked":"Dash","floor":12.0},{"not_picked":["Predator","Concentrate"],"picked":"Finisher","floor":14.0},{"not_picked":["Die Die Die","Adrenaline"],"picked":"A Thousand Cuts","floor":16.0},{"not_picked":["Slice","Dodge and Roll","Blade Dance"],"picked":"SKIP","floor":18},{"not_picked":["Prepared","Dagger Throw"],"picked":"Terror+1","floor":19},{"not_picked":["Flying Knee+1","Concentrate"],"picked":"Backstab","floor":22},{"not_picked":["Quick Slash","Eviscerate","Deflect"],"picked":"SKIP","floor":27},{"not_picked":["Quick Slash","Concentrate"],"picked":"Acrobatics","floor":28},{"not_picked":["Setup","Acrobatics"],"picked":"Crippling Poison","floor":29},{"not_picked":["Riddle With Holes","Acrobatics","Dagger Throw"],"picked":"SKIP","floor":31},{"not_picked":["A Thousand Cuts","Night Terror"],"picked":"After Image","floor":33},{"not_picked":["Prepared","Outmaneuver+1","Predator"],"picked":"SKIP","floor":35},{"not_picked":["Endless Agony+1","Flying Knee"],"picked":"Cloak And Dagger","floor":36},{"not_picked":["Sadistic Nature","Jack Of All Trades"],"picked":"Blind","floor":38},{"not_picked":["Quick Slash","Dagger Spray"],"picked":"PiercingWail","floor":41},{"not_picked":["Bouncing Flask","Underhanded Strike","Prepared"],"picked":"SKIP","floor":44},{"not_picked":["Flying Knee+1","Heel Hook"],"picked":"Calculated Gamble+1","floor":45},{"not_picked":["Setup","Blade Dance+1","Underhanded Strike+1"],"picked":"SKIP","floor":47},{"not_picked":["Flying Knee","Deadly Poison","Eviscerate+1"],"picked":"SKIP","floor":48}],"player_experience":886622,"relics_obtained":[{"floor":7.0,"key":"Ninja Scroll"},{"floor":9.0,"key":"Blood Vial"},{"floor":12.0,"key":"Tiny Chest"},{"floor":24,"key":"Enchiridion"},{"floor":26,"key":"Lantern"},{"floor":29,"key":"Pen Nib"},{"floor":39,"key":"Gambling Chip"},{"floor":43,"key":"Matryoshka"},{"floor":48,"key":"Anchor"}],"event_choices":[{"event_name":"Back to Basics","player_choice":"Simplicity","floor":20,"damage_taken":0},{"event_name":"Cursed Tome","player_choice":"Obtained Book","floor":24,"damage_taken":0},{"event_name":"SensoryStone","player_choice":"Memory 1","floor":38,"damage_taken":0},{"event_name":"Mysterious Sphere","player_choice":"Fight","floor":39,"damage_taken":0},{"event_name":"Tomb of Lord Red Mask","player_choice":"Paid","floor":46,"damage_taken":0}],"is_beta":false,"boss_relics":[{"not_picked":["Ring of the Serpent","Calling Bell"],"picked":"Sozu"},{"not_picked":["Empty Cage","Snecko Eye"],"picked":"Cursed Key"}],"items_purged_floors":[30],"is_endless":false,"potions_floor_spawned":[1,7,11,12,14,18,28,29,33,35,41,44,47],"ascension_level":15}