{"gold_per_floor":[117,128,178,68,68,68,96,96,96,171,196,222,222],"floor_reached":13,"playtime":331,"items_purged":["Strike_R"],"score":156,"play_id":"8f124783-4bd1-43b5-9c98-4fb205d8451e","local_time":"20181202093859","is_ascension_mode":true,"campfire_choices":[{"data":"Berserk","floor":6.0,"key":"SMITH"},{"data":"Whirlwind","floor":8.0,"key":"SMITH"}],"neow_cost":"NONE","seed_source_timestamp":94421782138552,"circlet_count":0,"master_deck":["AscendersBane","Strike_R","Strike_R","Strike_R","Strike_R","Defend_R","Defend_R","Defend_R","Defend_R","Bash","Berserk+1","Armaments","Shrug It Off","Whirlwind+1","Rampage","Spot Weakness","Sword Boomerang"],"special_seed":0,"relics":["Burning Blood","Juzu Bracelet","Art of War","Pear","Bronze Scales","Odd Mushroom"],"potions_floor_usage":[12],"damage_taken":[{"damage":0.0,"enemies":"Cultist","floor":1.0,"turns":3.0},{"damage":9.0,"enemies":"2 Louse","floor":2.0,"turns":3.0},{"damage":12.0,"enemies":"Gremlin Nob","floor":7.0,"turns":3.0},{"damage":25.0,"enemies":"3 Sentries","floor":11.0,"turns":7.0},{"damage":9,"enemies":"The Mushroom Lair","floor":12,"turns":1},{"damage":30,"enemies":"Lagavulin","floor":13,"turns":5}],"seed_played":"-5929395239461996559","potions_obtained":[{"floor":1.0,"key":"Strength Potion"},{"floor":7.0,"key":"Fire Potion"},{"floor":11.0,"key":"SkillPotion"}],"is_trial":false,"path_per_floor":["M","M","?","$","?","R","E","R","T","?","E","?","E"],"character_chosen":"IRONCLAD","items_purchased":["Whirlwind"],"campfire_rested":0,"item_purchase_floors":[4],"current_hp_per_floor":[74,71,64,64,59,59,53,53,63,52,33,30,0],"gold":222,"neow_bonus":"ONE_RANDOM_RARE_CARD","is_prod":false,"is_daily":false,"chose_seed":false,"campfire_upgraded":2,"win_rate":0,"timestamp":1543772339,"path_taken":["M","M","?","?","?","R","E","R","T","?","E","?","E"],"build_version":"2018-11-15","purchased_purges":1,"victory":false,"max_hp_per_floor":[75,75,75,75,75,75,75,75,85,85,85,85,85],"card_choices":[{"not_picked":["Infernal Blade","Headbutt"],"picked":"Armaments","floor":1.0},{"not_picked":["Dual Wield","Infernal Blade"],"picked":"Shrug It Off","floor":2.0},{"not_picked":["Headbutt","Cleave"],"picked":"Rampage","floor":7.0},{"not_picked":["Carnage","Heavy Blade"],"picked":"Spot Weakness","floor":11.0},{"not_picked":["Iron Wave","Headbutt"],"picked":"Sword Boomerang","floor":12}],"player_experience":1705612,"relics_obtained":[{"floor":7.0,"key":"Art of War"},{"floor":9.0,"key":"Pear"},{"floor":11.0,"key":"Bronze Scales"},{"floor":12,"key":"Odd Mushroom"}],"event_choices":[{"damage_healed":0.0,"max_hp_gain":0.0,"max_hp_loss":0.0,"gold_gain":50.0,"event_name":"FaceTrader","player_choice":"Touch","floor":3.0,"gold_loss":0.0,"damage_taken":7.0},{"damage_healed":0.0,"max_hp_gain":0.0,"max_hp_loss":0.0,"gold_gain":0.0,"event_name":"Scrap Ooze","player_choice":"Success","floor":5.0,"gold_loss":0.0,"damage_taken":5.0,"relics_obtained":["Juzu Bracelet"]},{"damage_healed":0.0,"max_hp_gain":0.0,"max_hp_loss":0.0,"gold_gain":75.0,"event_name":"World of Goop","player_choice":"Gather Gold","floor":10.0,"gold_loss":0.0,"damage_taken":11.0},{"damage_healed":0,"gold_gain":0,"player_choice":"Fought Mushrooms","damage_taken":0,"max_hp_gain":0,"max_hp_loss":0,"event_name":"Mushrooms","floor":12,"gold_loss":0}],"is_beta":false,"boss_relics":[],"items_purged_floors":[4],"is_endless":false,"potions_floor_spawned":[1,7,11],"killed_by":"Lagavulin","ascension_level":15}