{"gold_per_floor":[118,118,67,67,87,87,122,122,122,149,167,185,197,197,197,294,294,307,8,24,24,0,0,27,38,38,38,55,55,87,104,104,200,200,217,217,217,234,7,7,7,25,50,62,102,114,126],"floor_reached":48,"playtime":2760,"items_purged":["Strike_R"],"score":972,"play_id":"dcf04ed5-415b-421f-b9da-de4d9a01ecd4","local_time":"20181121195549","is_ascension_mode":true,"campfire_choices":[{"data":"Flex","floor":6,"key":"SMITH"},{"data":"Heavy Blade","floor":8,"key":"SMITH"},{"data":"Inflame","floor":15,"key":"SMITH"},{"data":"Reaper","floor":23,"key":"SMITH"},{"data":"Spot Weakness","floor":27,"key":"SMITH"},{"floor":29,"key":"REST"},{"data":"Battle Trance","floor":32,"key":"SMITH"},{"data":"Juggernaut","floor":40,"key":"SMITH"}],"neow_cost":"NONE","seed_source_timestamp":3307817915216530,"circlet_count":0,"master_deck":["Strike_R","Strike_R","Defend_R","Defend_R","Defend_R","Defend_R","Bash+1","Flex+1","Heavy Blade+1","Spot Weakness+1","Inflame+1","Headbutt","Demon Form+1","Reaper+1","Hemokinesis+1","Dual Wield+1","Battle Trance+1","Juggernaut+1","Iron Wave+1","Parasite","Shame","True Grit","Twin Strike+1"],"relics":["Burning Blood","NeowsBlessing","Pear","Mummified Hand","Self Forming Clay","FossilizedHelix","Lizard Tail","Vajra","Lantern","Orichalcum","Matryoshka","Whetstone","Cursed Key","PreservedInsect","MawBank","Juzu Bracelet","Bottled Tornado"],"potions_floor_usage":[10,10,12,16,20,24,30,30,31,33,45,45],"damage_taken":[{"damage":0,"enemies":"2 Louse","floor":1,"turns":1},{"damage":0,"enemies":"Cultist","floor":5,"turns":1},{"damage":0,"enemies":"Lagavulin","floor":7,"turns":1},{"damage":4,"enemies":"Gremlin Nob","floor":10,"turns":3},{"damage":0,"enemies":"Jaw Worm","floor":11,"turns":2},{"damage":1,"enemies":"Red Slaver","floor":12,"turns":3},{"damage":0,"enemies":"2 Fungi Beasts","floor":13,"turns":2},{"damage":28,"enemies":"Hexaghost","floor":16,"turns":5},{"damage":0,"enemies":"Chosen","floor":18,"turns":4},{"damage":18,"enemies":"2 Thieves","floor":20,"turns":4},{"damage":37,"enemies":"Book of Stabbing","floor":24,"turns":4},{"damage":10,"enemies":"3 Cultists","floor":25,"turns":4},{"damage":22,"enemies":"Sentry and Sphere","floor":28,"turns":4},{"damage":9,"enemies":"Slavers","floor":30,"turns":4},{"damage":28,"enemies":"Snecko","floor":31,"turns":5},{"damage":108,"enemies":"Collector","floor":33,"turns":8},{"damage":3,"enemies":"Orb Walker","floor":35,"turns":3},{"damage":6,"enemies":"3 Shapes","floor":38,"turns":4},{"damage":7,"enemies":"Writhing Mass","floor":42,"turns":4},{"damage":59,"enemies":"Nemesis","floor":45,"turns":7},{"damage":118,"enemies":"Donu and Deca","floor":47,"turns":7}],"seed_played":"-5486062006204432043","potions_obtained":[{"floor":2,"key":"Block Potion"},{"floor":2,"key":"Block Potion"},{"floor":2,"key":"Explosive Potion"},{"floor":10,"key":"Regen Potion"},{"floor":11,"key":"Swift Potion"},{"floor":16,"key":"Weak Potion"},{"floor":25,"key":"Weak Potion"},{"floor":28,"key":"Fire Potion"},{"floor":30,"key":"BloodPotion"},{"floor":31,"key":"Block Potion"},{"floor":33,"key":"Dexterity Potion"},{"floor":38,"key":"Block Potion"},{"floor":45,"key":"FairyPotion"}],"is_trial":false,"path_per_floor":["M","?","$","T","M","R","E","R","T","E","M","M","M","?","R","B",null,"M","$","M","$","?","R","E","M","T","R","M","R","E","M","R","B",null,"M","?","?","M","$","R","?","M","T","?","E","?","B",null],"character_chosen":"IRONCLAD","items_purchased":["Heavy Blade","Vajra","Lantern","PreservedInsect"],"campfire_rested":1,"item_purchase_floors":[3,19,19,39],"current_hp_per_floor":[80,80,80,90,90,90,90,90,90,90,90,90,90,90,90,68,90,90,90,78,78,78,78,59,79,79,79,63,90,87,74,74,49,90,90,90,90,90,90,90,90,89,89,89,67,67,14],"gold":138,"neow_bonus":"THREE_ENEMY_KILL","is_prod":false,"is_daily":false,"chose_seed":false,"campfire_upgraded":7,"win_rate":0,"timestamp":1542848149,"path_taken":["M","?","$","?","?","R","E","R","T","E","M","M","M","?","R","BOSS","M","$","M","$","?","R","E","M","T","R","M","R","E","M","R","BOSS","M","?","?","M","$","R","?","M","T","?","E","?","BOSS"],"build_version":"2018-11-15","purchased_purges":1,"victory":true,"max_hp_per_floor":[80,80,80,90,90,90,90,90,90,90,90,90,90,90,90,90,90,90,90,90,90,90,90,90,90,90,90,90,90,90,90,90,90,90,90,90,90,90,90,90,90,90,90,90,90,90,90],"card_choices":[{"not_picked":["Havoc","Twin Strike"],"picked":"Flex","floor":1},{"not_picked":["Twin Strike","Flex"],"picked":"Spot Weakness","floor":5},{"not_picked":["Armaments","Evolve","Havoc"],"picked":"SKIP","floor":7},{"not_picked":["Searing Blow","Shrug It Off"],"picked":"Inflame","floor":10},{"not_picked":["Metallicize","Infernal Blade"],"picked":"Headbutt","floor":11},{"not_picked":["Intimidate","Clothesline"],"picked":"Demon Form","floor":12},{"not_picked":["Infernal Blade","Flex","Intimidate"],"picked":"SKIP","floor":13},{"not_picked":["Immolate","Barricade"],"picked":"Reaper","floor":16},{"not_picked":["Reckless Charge+1","Shrug It Off","Cleave"],"picked":"SKIP","floor":18},{"not_picked":["Sentinel","Armaments+1","Thunderclap"],"picked":"SKIP","floor":20},{"not_picked":["Brutality","Headbutt"],"picked":"Hemokinesis+1","floor":24},{"not_picked":["Anger+1","Pommel Strike","Hemokinesis"],"picked":"SKIP","floor":25},{"not_picked":["Rage","Clash+1"],"picked":"Dual Wield+1","floor":28},{"not_picked":["Flex","Iron Wave"],"picked":"Battle Trance","floor":30},{"not_picked":["Twin Strike+1","Perfected Strike"],"picked":"Juggernaut","floor":31},{"not_picked":["Anger","Wild Strike"],"picked":"Iron Wave+1","floor":35},{"not_picked":["Reckless Charge+1","Fire Breathing","Burning Pact+1"],"picked":"SKIP","floor":38},{"not_picked":["Reckless Charge","Power Through","Dropkick"],"picked":"SKIP","floor":42},{"not_picked":["Thunderclap","Reaper"],"picked":"Twin Strike+1","floor":45}],"player_experience":147249,"relics_obtained":[{"floor":4,"key":"Pear"},{"floor":7,"key":"Mummified Hand"},{"floor":9,"key":"Self Forming Clay"},{"floor":10,"key":"FossilizedHelix"},{"floor":24,"key":"Orichalcum"},{"floor":26,"key":"Matryoshka"},{"floor":30,"key":"Whetstone"},{"floor":43,"key":"MawBank"},{"floor":43,"key":"Juzu Bracelet"},{"floor":45,"key":"Bottled Tornado"}],"event_choices":[{"damage_healed":0,"gold_gain":0,"player_choice":"Got Potions","damage_taken":0,"max_hp_gain":0,"max_hp_loss":0,"event_name":"Lab","floor":2,"gold_loss":0},{"damage_healed":0,"gold_gain":0,"player_choice":"Forge","damage_taken":0,"max_hp_gain":0,"max_hp_loss":0,"event_name":"Accursed Blacksmith","floor":14,"gold_loss":0,"cards_upgraded":["Demon Form"]},{"damage_healed":0,"gold_gain":0,"player_choice":"Paid Fearfully","damage_taken":0,"max_hp_gain":0,"max_hp_loss":0,"event_name":"Masked Bandits","floor":22,"gold_loss":24},{"damage_healed":0,"gold_gain":0,"player_choice":"Memory 1","damage_taken":0,"max_hp_gain":0,"max_hp_loss":0,"event_name":"SensoryStone","floor":36,"gold_loss":0},{"damage_healed":0,"gold_gain":0,"player_choice":"Ignored","damage_taken":0,"max_hp_gain":0,"max_hp_loss":0,"event_name":"Tomb of Lord Red Mask","floor":37,"gold_loss":0},{"cards_removed":["Strike_R"],"damage_healed":0,"gold_gain":0,"player_choice":"Removed Attack","damage_taken":0,"max_hp_gain":0,"max_hp_loss":0,"event_name":"Falling","floor":41,"gold_loss":0},{"damage_healed":0,"gold_gain":0,"cards_transformed":["Strike_R"],"player_choice":"Transformed","damage_taken":0,"max_hp_gain":0,"max_hp_loss":0,"event_name":"Transmorgrifier","floor":44,"gold_loss":0,"cards_obtained":["True Grit"]},{"damage_healed":0,"gold_gain":0,"player_choice":"Took Portal","damage_taken":0,"max_hp_gain":0,"max_hp_loss":0,"event_name":"SecretPortal","floor":46,"gold_loss":0}],"is_beta":false,"boss_relics":[{"not_picked":["Philosopher\u0027s Stone","Coffee Dripper"],"picked":"Lizard Tail"},{"not_picked":["Runic Cube","Runic Dome"],"picked":"Cursed Key"}],"items_purged_floors":[39],"is_endless":false,"potions_floor_spawned":[5,10,11,16,25,28,30,31,33,38,45],"ascension_level":4}