{"gold_per_floor":[210,70,88,88,88,88,99,99,99,99,132,142,142,2,2,2],"floor_reached":16,"playtime":446,"items_purged":[],"score":191,"play_id":"b1c55227-3955-4ba4-b68b-5a0c40be41bf","local_time":"20181008093334","is_ascension_mode":true,"campfire_choices":[{"data":"Neutralize","floor":6,"key":"SMITH"},{"data":"Infinite Blades","floor":8,"key":"SMITH"},{"data":"Blade Dance","floor":13,"key":"SMITH"},{"floor":15,"key":"REST"}],"neow_cost":"NONE","seed_source_timestamp":6852188802363,"circlet_count":0,"master_deck":["Defend_G","Defend_G","Defend_G","Defend_G","Defend_G+1","Strike_G","Strike_G+1","Strike_G","Strike_G","Survivor","Neutralize+1","AscendersBane","Backflip","Finisher","Blade Dance+1","Escape Plan","Deadly Poison","Infinite Blades+1","Dagger Spray","Deflect","Dash"],"relics":["Ring of the Snake","Frozen Egg 2","Letter Opener"],"potions_floor_usage":[11,16],"damage_taken":[{"damage":6,"enemies":"Cultist","floor":1,"turns":5},{"damage":2,"enemies":"Jaw Worm","floor":3,"turns":4},{"damage":0,"enemies":"2 Louse","floor":7,"turns":4},{"damage":15,"enemies":"Lagavulin","floor":11,"turns":5},{"damage":0,"enemies":"2 Fungi Beasts","floor":12,"turns":4},{"damage":43,"enemies":"Slime Boss","floor":16,"turns":6}],"seed_played":"-5514240776268073962","potions_obtained":[{"floor":1,"key":"Strength Potion"}],"is_trial":false,"path_per_floor":["M","$","M","?","?","R","M","R","T","?","E","M","R","$","R"],"character_chosen":"THE_SILENT","items_purchased":["Finisher","Blade Dance","Dash","Energy Potion"],"campfire_rested":1,"item_purchase_floors":[2,2,14,14],"current_hp_per_floor":[53,53,51,51,31,31,31,31,31,31,16,16,16,16,35,0],"gold":2,"neow_bonus":"HUNDRED_GOLD","is_prod":false,"is_daily":false,"chose_seed":false,"campfire_upgraded":3,"win_rate":0,"timestamp":1539016414,"path_taken":["M","$","M","?","?","R","M","R","T","?","E","M","R","$","R","BOSS"],"build_version":"2018-10-04v2","purchased_purges":0,"victory":false,"max_hp_per_floor":[66,66,66,66,66,66,66,66,66,66,66,66,66,66,66,66],"card_choices":[{"not_picked":["Setup","Masterful Stab"],"picked":"Backflip","floor":1},{"not_picked":["Tactician","Backflip"],"picked":"Escape Plan","floor":3},{"not_picked":["PiercingWail","Acrobatics"],"picked":"Infinite Blades","floor":7},{"not_picked":["Flechettes","Distraction"],"picked":"Dagger Spray","floor":11},{"not_picked":["Slice","Masterful Stab"],"picked":"Deflect","floor":12}],"player_experience":1299572,"relics_obtained":[{"floor":9,"key":"Frozen Egg 2"},{"floor":11,"key":"Letter Opener"}],"event_choices":[{"event_name":"Transmorgrifier","player_choice":"Transform","floor":4,"damage_taken":0},{"event_name":"Shining Light","player_choice":"Entered Light","floor":5,"damage_taken":0},{"event_name":"Golden Idol","player_choice":"Ignored","floor":10,"damage_taken":0}],"is_beta":false,"boss_relics":[],"items_purged_floors":[],"is_endless":false,"potions_floor_spawned":[1],"killed_by":"Slime Boss","ascension_level":19}