{"gold_per_floor":[109,128,1,20,20,20,54,73,153,179,193,210,227,255,255,332,332,343,343,191,191,116,147,147,181,181,198,198,209,209,225,225,300,300,313,117,117,133,133,133,147,166,236,236,253,253,272,284,284,284],"floor_reached":51,"playtime":2472,"items_purged":["Bite"],"score":1251,"play_id":"32d75175-3c22-4415-a8bc-c2562ae295e7","local_time":"20180829111801","is_ascension_mode":true,"campfire_choices":[{"data":"Anger","floor":6.0,"key":"SMITH"},{"data":"Strike_R","floor":15.0,"key":"PURGE"},{"floor":24,"key":"REST"},{"data":"Armaments","floor":30,"key":"SMITH"},{"data":"Immolate","floor":32,"key":"SMITH"},{"data":"Shrug It Off","floor":40,"key":"SMITH"},{"data":"Battle Trance","floor":44,"key":"SMITH"},{"data":"Bite","floor":46,"key":"PURGE"},{"data":"Shockwave","floor":49,"key":"SMITH"}],"neow_cost":"NONE","seed_source_timestamp":8630523399281,"circlet_count":0,"master_deck":["Defend_R","Defend_R","Defend_R","Bash+1","AscendersBane","Iron Wave","Shrug It Off","Shockwave+1","Headbutt","Twin Strike","Pommel Strike","Metallicize+1","Immolate+1","Shrug It Off+1","Bite","Bite","Bite","Inflame+1","Armaments+1","Power Through","Reaper","Spot Weakness+1","Twin Strike+1","Uppercut+1","Battle Trance+1","Sword Boomerang+1"],"special_seed":0,"relics":["Black Blood","Peace Pipe","Mummified Hand","Pen Nib","Frozen Egg 2","Mark of Pain","Incense Burner","Bird Faced Urn","Paper Frog","Bag of Marbles","Potion Belt","Omamori","Self Forming Clay"],"potions_floor_usage":[23,33,33,50,50,50,50],"damage_taken":[{"damage":10.0,"enemies":"2 Louse","floor":1.0,"turns":3.0},{"damage":4.0,"enemies":"Small Slimes","floor":2.0,"turns":4.0},{"damage":0.0,"enemies":"Cultist","floor":4.0,"turns":3.0},{"damage":12.0,"enemies":"Lagavulin","floor":7.0,"turns":7.0},{"damage":10.0,"enemies":"3 Louse","floor":8.0,"turns":4.0},{"damage":31.0,"enemies":"3 Sentries","floor":10.0,"turns":10.0},{"damage":0.0,"enemies":"Exordium Wildlife","floor":11.0,"turns":5.0},{"damage":2.0,"enemies":"Large Slime","floor":12.0,"turns":4.0},{"damage":4.0,"enemies":"Red Slaver","floor":13.0,"turns":3.0},{"damage":10.0,"enemies":"Lagavulin","floor":14.0,"turns":8.0},{"damage":51.0,"enemies":"The Guardian","floor":16.0,"turns":15.0},{"damage":28.0,"enemies":"Shell Parasite","floor":18.0,"turns":5.0},{"damage":21,"enemies":"Book of Stabbing","floor":23,"turns":5},{"damage":41,"enemies":"Gremlin Leader","floor":25,"turns":5},{"damage":0,"enemies":"2 Thieves","floor":27,"turns":1},{"damage":0,"enemies":"3 Cultists","floor":29,"turns":3},{"damage":1,"enemies":"Snecko","floor":31,"turns":5},{"damage":51,"enemies":"Champ","floor":33,"turns":9},{"damage":5,"enemies":"3 Shapes","floor":35,"turns":9},{"damage":14,"enemies":"Orb Walker","floor":38,"turns":3},{"damage":7,"enemies":"Transient","floor":41,"turns":5},{"damage":1,"enemies":"Flame Bruiser 2 Orb","floor":42,"turns":3},{"damage":36,"enemies":"Sphere and 2 Shapes","floor":45,"turns":6},{"damage":24,"enemies":"4 Shapes","floor":47,"turns":6},{"damage":2,"enemies":"3 Darklings","floor":48,"turns":4},{"damage":19,"enemies":"Awakened One","floor":50,"turns":9}],"seed_played":"7523193512019687520","potions_obtained":[{"floor":7.0,"key":"Strength Potion"},{"floor":10.0,"key":"SkillPotion"},{"floor":12.0,"key":"Weak Potion"},{"floor":14.0,"key":"FearPotion"},{"floor":25,"key":"Weak Potion"},{"floor":29,"key":"AttackPotion"},{"floor":33,"key":"Strength Potion"},{"floor":38,"key":"EssenceOfSteel"},{"floor":41,"key":"EssenceOfSteel"}],"is_trial":false,"path_per_floor":["M","M","$","M","?","R","E","M","T","E","M","M","M","E","R","B",null,"M","?","$","T","?","E","R","E","T","M","$","M","R","M","R","B",null,"M","$","?","M","?","R","M","M","T","R","M","R","M","M","R","B"],"character_chosen":"IRONCLAD","items_purchased":["Regen Potion","Fire Potion","Inflame+1","Potion Belt","Dexterity Potion"],"campfire_rested":1,"item_purchase_floors":[3,3,20,36,36],"current_hp_per_floor":[64,66,66,72,72,72,66,62,62,52,58,62,64,60,60,15,60,38,38,38,38,38,27,42,17,17,25,25,39,39,52,52,29,46,52,52,52,52,52,52,52,52,52,52,52,52,52,52,52,45],"gold":284,"neow_bonus":"UPGRADE_CARD","is_prod":false,"is_daily":false,"chose_seed":false,"campfire_upgraded":6,"win_rate":0,"timestamp":1535566681,"path_taken":["M","M","$","M","?","R","E","M","T","E","M","M","M","E","R","BOSS","M","?","$","?","?","E","R","E","T","M","$","M","R","?","R","BOSS","M","$","?","M","?","R","M","M","T","R","M","R","?","?","R","BOSS"],"build_version":"2018-08-23v2","purchased_purges":1,"victory":true,"max_hp_per_floor":[75,75,75,75,75,75,75,75,75,75,75,75,75,75,75,75,75,75,52,52,52,52,52,52,52,52,52,52,52,52,52,52,52,52,52,52,52,52,52,52,52,52,52,52,52,52,52,52,52,52],"card_choices":[{"not_picked":["Dropkick","Flex"],"picked":"Iron Wave","floor":1.0},{"not_picked":["Armaments","Twin Strike"],"picked":"Anger","floor":2.0},{"not_picked":["Body Slam","Thunderclap"],"picked":"Shrug It Off","floor":4.0},{"not_picked":["Clothesline","Thunderclap"],"picked":"Shockwave","floor":7.0},{"not_picked":["Armaments","Warcry"],"picked":"Headbutt","floor":8.0},{"not_picked":["Intimidate","Second Wind"],"picked":"Twin Strike","floor":10.0},{"not_picked":["Dropkick","Evolve"],"picked":"Pommel Strike","floor":11.0},{"not_picked":["Wild Strike","Thunderclap","Warcry"],"picked":"SKIP","floor":12.0},{"not_picked":["Wild Strike","Reckless Charge","Twin Strike"],"picked":"SKIP","floor":13.0},{"not_picked":["Searing Blow","Rampage"],"picked":"Metallicize","floor":14.0},{"not_picked":["Exhume","Feed"],"picked":"Immolate","floor":16.0},{"not_picked":["Sever Soul","Sentinel"],"picked":"Shrug It Off","floor":18.0},{"not_picked":["Perfected Strike","Rupture+1","Ghostly Armor"],"picked":"SKIP","floor":23},{"not_picked":["Warcry","Second Wind"],"picked":"Armaments","floor":25},{"not_picked":["Clash","Second Wind"],"picked":"Power Through","floor":27},{"not_picked":["Corruption+1","Clothesline","Dropkick"],"picked":"SKIP","floor":29},{"not_picked":["Anger+1","Intimidate","Whirlwind"],"picked":"SKIP","floor":31},{"not_picked":["Impervious","Feed"],"picked":"Reaper","floor":33},{"not_picked":["Ghostly Armor","Power Through"],"picked":"Spot Weakness+1","floor":35},{"not_picked":["Flex","Pommel Strike"],"picked":"Twin Strike+1","floor":38},{"not_picked":["Power Through","Inflame+1"],"picked":"Uppercut+1","floor":41},{"not_picked":["Corruption+1","True Grit+1"],"picked":"Battle Trance","floor":42},{"not_picked":["Headbutt+1","True Grit+1"],"picked":"Sword Boomerang+1","floor":45},{"not_picked":["Flex","Pommel Strike","Feel No Pain+1"],"picked":"SKIP","floor":47},{"not_picked":["Reckless Charge","Cleave","Barricade+1"],"picked":"SKIP","floor":48}],"player_experience":1044881,"relics_obtained":[{"floor":7.0,"key":"Peace Pipe"},{"floor":9.0,"key":"Mummified Hand"},{"floor":10.0,"key":"Pen Nib"},{"floor":14.0,"key":"Frozen Egg 2"},{"floor":21.0,"key":"Incense Burner"},{"floor":23,"key":"Bird Faced Urn"},{"floor":25,"key":"Paper Frog"},{"floor":26,"key":"Bag of Marbles"},{"floor":43,"key":"Self Forming Clay"}],"event_choices":[{"event_name":"The Cleric","player_choice":"Leave","floor":5.0,"damage_taken":0.0},{"event_name":"Vampires","player_choice":"Became a vampire","floor":19.0,"damage_taken":0.0},{"event_name":"Beggar","player_choice":"Gave Gold","floor":22.0,"damage_taken":0.0},{"event_name":"WeMeetAgain","player_choice":"Card","floor":37,"damage_taken":0},{"event_name":"Winding Halls","player_choice":"Writhe","floor":39,"damage_taken":0}],"is_beta":false,"boss_relics":[{"not_picked":["Eternal Feather","Fusion Hammer"],"picked":"Mark of Pain"},{"not_picked":["Astrolabe","Runic Pyramid"],"picked":"Black Blood"}],"items_purged_floors":[20],"is_endless":false,"potions_floor_spawned":[4,7,10,12,14,25,29,33,38,41,45],"ascension_level":15}