{"gold_per_floor":[111,111,129,144,154,154,188,188,213,225,252,252,267,284,284,361,361,374,299,51,64,64,64,64],"floor_reached":24,"playtime":1048,"items_purged":[],"score":364,"play_id":"809a55bf-f6f5-44bb-8f77-3d877313a22c","local_time":"20181220135104","is_ascension_mode":true,"campfire_choices":[{"data":"Neutralize","floor":6.0,"key":"SMITH"},{"data":"Bouncing Flask","floor":12.0,"key":"SMITH"},{"floor":15.0,"key":"REST"},{"data":"Malaise","floor":23,"key":"SMITH"}],"neow_cost":"NONE","seed_source_timestamp":17812052217915,"circlet_count":0,"master_deck":["AscendersBane","Defend_G","Defend_G","Defend_G","Defend_G","Defend_G","Strike_G","Strike_G","Strike_G","Strike_G","Survivor","Neutralize+1","Deadly Poison","Dagger Spray","Dodge and Roll","Well Laid Plans","PiercingWail","Flying Knee","Bouncing Flask+1","Malaise+1","Adrenaline","Decay"],"special_seed":0,"relics":["Ring of the Snake","Snake Skull","Pen Nib","Centennial Puzzle","Letter Opener","Philosopher\u0027s Stone","Paper Crane"],"potions_floor_usage":[16,16],"damage_taken":[{"damage":2.0,"enemies":"Small Slimes","floor":1.0,"turns":5.0},{"damage":0.0,"enemies":"Cultist","floor":3.0,"turns":4.0},{"damage":2.0,"enemies":"Jaw Worm","floor":4.0,"turns":4.0},{"damage":6.0,"enemies":"3 Louse","floor":5.0,"turns":6.0},{"damage":19.0,"enemies":"3 Sentries","floor":7.0,"turns":11.0},{"damage":0.0,"enemies":"2 Fungi Beasts","floor":10.0,"turns":4.0},{"damage":6.0,"enemies":"Gremlin Nob","floor":11.0,"turns":3.0},{"damage":8.0,"enemies":"Exordium Wildlife","floor":13.0,"turns":4.0},{"damage":1.0,"enemies":"Blue Slaver","floor":14.0,"turns":4.0},{"damage":25,"enemies":"Slime Boss","floor":16,"turns":12},{"damage":7,"enemies":"3 Byrds","floor":18,"turns":4},{"damage":3,"enemies":"Shell Parasite","floor":21,"turns":6},{"damage":50,"enemies":"Slavers","floor":24,"turns":4}],"seed_played":"6705189653759258313","potions_obtained":[{"floor":2.0,"key":"SpeedPotion"},{"floor":2.0,"key":"SkillPotion"},{"floor":10.0,"key":"Strength Potion"},{"floor":13.0,"key":"Ancient Potion"}],"is_trial":false,"path_per_floor":["M","?","M","M","M","R","E","?","T","M","E","R","M","M","R","B",null,"M","?","$","M","?","R","E"],"character_chosen":"THE_SILENT","items_purchased":["Paper Crane"],"campfire_rested":1,"item_purchase_floors":[20],"current_hp_per_floor":[63,63,63,61,55,55,36,31,31,31,25,25,17,16,37,12,57,50,50,50,47,47,47,0],"gold":64,"neow_bonus":"TEN_PERCENT_HP_BONUS","is_prod":false,"is_daily":false,"chose_seed":false,"campfire_upgraded":3,"win_rate":0,"timestamp":1545342664,"path_taken":["M","?","M","M","?","R","E","?","T","M","E","R","M","M","R","BOSS","M","?","$","M","?","R","E"],"build_version":"2018-12-13","purchased_purges":0,"victory":false,"max_hp_per_floor":[72,72,72,72,72,72,72,72,72,72,72,72,72,72,72,72,72,72,72,72,72,72,72,72],"card_choices":[{"not_picked":["Poisoned Stab","Cloak And Dagger"],"picked":"Deadly Poison","floor":1.0},{"not_picked":["Flying Knee","PiercingWail"],"picked":"Dagger Spray","floor":3.0},{"not_picked":["Bane","Acrobatics"],"picked":"Dodge and Roll","floor":4.0},{"not_picked":["Poisoned Stab","Accuracy"],"picked":"Well Laid Plans","floor":5.0},{"not_picked":["Tactician","Riddle With Holes","PiercingWail"],"picked":"SKIP","floor":7.0},{"not_picked":["Tactician","Riddle With Holes"],"picked":"PiercingWail","floor":7.0},{"not_picked":["Heel Hook","Underhanded Strike"],"picked":"Flying Knee","floor":10.0},{"not_picked":["Quick Slash","Concentrate"],"picked":"Bouncing Flask","floor":11.0},{"not_picked":["Dagger Throw","Masterful Stab"],"picked":"Malaise","floor":13.0},{"not_picked":["Blade Dance","Poisoned Stab","Slice"],"picked":"SKIP","floor":14.0},{"not_picked":["After Image","Storm of Steel"],"picked":"Adrenaline","floor":16},{"not_picked":["Dodge and Roll","Poisoned Stab","Eviscerate"],"picked":"SKIP","floor":18},{"not_picked":["Flying Knee","Cloak And Dagger","Dodge and Roll"],"picked":"SKIP","floor":21}],"player_experience":1841030,"relics_obtained":[{"floor":7.0,"key":"Snake Skull"},{"floor":9.0,"key":"Centennial Puzzle"},{"floor":11.0,"key":"Letter Opener"}],"event_choices":[{"damage_healed":0.0,"max_hp_gain":0.0,"max_hp_loss":0.0,"gold_gain":0.0,"event_name":"Lab","player_choice":"Got Potions","floor":2.0,"gold_loss":0.0,"damage_taken":0.0},{"damage_healed":0.0,"max_hp_gain":0.0,"max_hp_loss":0.0,"gold_gain":0.0,"event_name":"Scrap Ooze","player_choice":"Success","floor":8.0,"gold_loss":0.0,"damage_taken":5.0,"relics_obtained":["Pen Nib"]},{"cards_removed":["Strike_G"],"damage_healed":0,"gold_gain":0,"player_choice":"Gave Gold","damage_taken":0,"max_hp_gain":0,"max_hp_loss":0,"event_name":"Beggar","floor":19,"gold_loss":75},{"damage_healed":0,"gold_gain":0,"player_choice":"Smashed Altar","damage_taken":0,"max_hp_gain":0,"max_hp_loss":0,"event_name":"Forgotten Altar","floor":22,"gold_loss":0,"cards_obtained":["Decay"]}],"is_beta":false,"boss_relics":[{"not_picked":["Eternal Feather","Astrolabe"],"picked":"Philosopher\u0027s Stone"}],"items_purged_floors":[],"is_endless":false,"potions_floor_spawned":[3,5,10,13],"killed_by":"Slavers","ascension_level":15}