{"gold_per_floor":[112,129,201,213,228,255,275,275,324,359,359,374,393,82,82,183,183,198,213,229,229],"floor_reached":21,"playtime":1174,"items_purged":["Strike_B"],"score":234,"play_id":"04f541fd-af14-4944-a6b1-284edac9dc79","local_time":"20180708165445","is_ascension_mode":true,"campfire_choices":[{"floor":8,"key":"REST"},{"data":"Fusion","floor":15,"key":"SMITH"}],"neow_cost":"NONE","seed_source_timestamp":291598756204663,"circlet_count":0,"master_deck":["Strike_B+1","Strike_B","Strike_B","Defend_B","Defend_B","Defend_B","Defend_B","Zap","Dualcast","Streamline","Steam Power","Gash","Conserve Battery","Coolheaded","Core Surge","FTL+1","Scrape","Double Energy","Fusion+1","Storm","Seek","Fusion+1","Gash+1","Melter"],"relics":["Cracked Core","Cables","Whetstone","Smiling Mask","TwistedFunnel","Nuclear Battery"],"potions_floor_usage":[12,16,19,19],"damage_taken":[{"damage":0,"enemies":"Cultist","floor":1,"turns":3},{"damage":5,"enemies":"Small Slimes","floor":2,"turns":4},{"damage":4,"enemies":"2 Louse","floor":4,"turns":3},{"damage":4,"enemies":"Red Slaver","floor":5,"turns":4},{"damage":29,"enemies":"3 Sentries","floor":6,"turns":10},{"damage":8,"enemies":"3 Louse","floor":7,"turns":3},{"damage":3,"enemies":"Gremlin Nob","floor":10,"turns":3},{"damage":0,"enemies":"Lots of Slimes","floor":12,"turns":2},{"damage":4,"enemies":"Looter","floor":13,"turns":3},{"damage":29,"enemies":"The Guardian","floor":16,"turns":10},{"damage":10,"enemies":"Chosen","floor":18,"turns":4},{"damage":19,"enemies":"Spheric Guardian","floor":19,"turns":4},{"damage":19,"enemies":"Cultist and Chosen","floor":20,"turns":6},{"damage":32,"enemies":"Centurion and Healer","floor":21,"turns":4}],"seed_played":"-1036677428003095182","potions_obtained":[{"floor":1,"key":"Energy Potion"},{"floor":7,"key":"Ancient Potion"},{"floor":11,"key":"Energy Potion"},{"floor":13,"key":"Poison Potion"},{"floor":18,"key":"Ancient Potion"}],"is_trial":false,"path_per_floor":["M","M","?","M","M","E","M","R","T","E","?","M","M","$","R","B",null,"M","M","M"],"character_chosen":"DEFECT","items_purchased":["TwistedFunnel","Storm"],"campfire_rested":1,"item_purchase_floors":[14,14],"current_hp_per_floor":[75,70,70,66,62,33,25,47,47,44,44,44,40,40,40,11,75,65,46,27,0],"gold":229,"neow_bonus":"THREE_CARDS","is_prod":false,"is_daily":false,"chose_seed":false,"campfire_upgraded":1,"win_rate":0,"timestamp":1531061685,"path_taken":["M","?","?","M","M","E","M","R","T","E","?","M","M","?","R","BOSS","M","M","M","M"],"build_version":"2018-07-05","purchased_purges":1,"victory":false,"max_hp_per_floor":[75,75,75,75,75,75,75,75,75,75,75,75,75,75,75,75,75,75,75,75,75],"card_choices":[{"not_picked":["Sweeping Beam","Skim"],"picked":"Streamline","floor":0},{"not_picked":["Redo","Go for the Eyes"],"picked":"Steam Power","floor":1},{"not_picked":["Leap","Reinforced Body"],"picked":"Gash","floor":2},{"not_picked":["Coolheaded","Hologram"],"picked":"Conserve Battery","floor":4},{"not_picked":["Steam","Hologram"],"picked":"Coolheaded","floor":5},{"not_picked":["Recycle","Beam Cell"],"picked":"Core Surge","floor":6},{"not_picked":["Conserve Battery","Go for the Eyes"],"picked":"FTL","floor":7},{"not_picked":["Rip and Tear","Sweeping Beam"],"picked":"Scrape","floor":10},{"not_picked":["Go for the Eyes","Darkness"],"picked":"Double Energy","floor":12},{"not_picked":["Beam Cell","Stack"],"picked":"Fusion","floor":13},{"not_picked":["Fission","Biased Cognition"],"picked":"Seek","floor":16},{"not_picked":["Leap","Force Field"],"picked":"Fusion+1","floor":18},{"not_picked":["Turbo+1","Rebound"],"picked":"Gash+1","floor":19},{"not_picked":["Reprogram","Doom and Gloom"],"picked":"Melter","floor":20}],"player_experience":121895,"relics_obtained":[{"floor":6,"key":"Cables"},{"floor":9,"key":"Whetstone"},{"floor":10,"key":"Smiling Mask"}],"event_choices":[{"event_name":"Golden Wing","player_choice":"Gained Gold","floor":3,"damage_taken":0},{"event_name":"The Lab","player_choice":"Got Potions","floor":11,"damage_taken":0}],"boss_relics":[{"not_picked":["Ectoplasm","Inserter"],"picked":"Nuclear Battery"}],"items_purged_floors":[14],"is_endless":false,"potions_floor_spawned":[1,7,13,18],"killed_by":"Centurion and Healer","ascension_level":4}