{"gold_per_floor":[114,114,114,130,40,40,57,71,71,71,90,109,119,132,132,209,209,223,223,223,236,51,51,85,85],"floor_reached":25,"playtime":1216,"items_purged":["Strike_G+1"],"score":430,"play_id":"23648186-301b-4a16-a6cb-f7095f539b05","local_time":"20181224120207","is_ascension_mode":true,"campfire_choices":[{"data":"Neutralize","floor":6,"key":"SMITH"},{"data":"Discovery","floor":15,"key":"SMITH"},{"data":"Tactician","floor":23,"key":"SMITH"}],"neow_cost":"TEN_PERCENT_HP_LOSS","seed_source_timestamp":7249166760370,"circlet_count":0,"master_deck":["AscendersBane","Defend_G+1","Defend_G+1","Defend_G+1","Defend_G+1","Defend_G+1","Strike_G+1","Strike_G+1","Strike_G+1","Survivor","Neutralize+1","Discovery+1","Purity","Escape Plan","Night Terror","Blade Dance","Infinite Blades","Accuracy","Tactician+1","Bullet Time","Adrenaline","Acrobatics","Cloak And Dagger"],"relics":["Ring of the Serpent","Vajra","Molten Egg 2"],"potions_floor_usage":[13,16,16,24,25],"damage_taken":[{"damage":1,"enemies":"2 Louse","floor":1,"turns":3},{"damage":4,"enemies":"Jaw Worm","floor":4,"turns":7},{"damage":0,"enemies":"Small Slimes","floor":7,"turns":6},{"damage":3,"enemies":"2 Fungi Beasts","floor":8,"turns":4},{"damage":8,"enemies":"Blue Slaver","floor":11,"turns":6},{"damage":2,"enemies":"Large Slime","floor":12,"turns":6},{"damage":0,"enemies":"3 Louse","floor":13,"turns":2},{"damage":9,"enemies":"Blue Slaver","floor":14,"turns":4},{"damage":28,"enemies":"Slime Boss","floor":16,"turns":7},{"damage":14,"enemies":"Chosen","floor":18,"turns":5},{"damage":6,"enemies":"Shell Parasite","floor":21,"turns":7},{"damage":20,"enemies":"Gremlin Leader","floor":24,"turns":7},{"damage":23,"enemies":"Shelled Parasite and Fungi","floor":25,"turns":1}],"seed_played":"8710243989002056541","potions_obtained":[{"floor":8,"key":"Explosive Potion"},{"floor":11,"key":"Weak Potion"},{"floor":13,"key":"Weak Potion"},{"floor":14,"key":"Dexterity Potion"}],"is_trial":false,"path_per_floor":["M","?","?","M","$","R","M","M","T","$","M","M","M","M","R","B",null,"M","?","?","M","$","R","E","M"],"character_chosen":"THE_SILENT","items_purchased":["Infinite Blades","SteroidPotion","Weak Potion"],"campfire_rested":0,"item_purchase_floors":[5,22,22],"current_hp_per_floor":[58,63,63,59,59,59,59,56,56,56,48,46,46,37,37,9,51,37,37,37,31,31,31,11,0],"gold":85,"neow_bonus":"RANDOM_COLORLESS_2","is_prod":false,"is_daily":false,"chose_seed":false,"campfire_upgraded":3,"win_rate":0,"timestamp":1545624127,"path_taken":["M","?","?","M","$","R","M","M","T","$","M","M","M","?","R","BOSS","M","?","?","M","$","R","E","M"],"build_version":"2018-12-20","purchased_purges":1,"victory":false,"max_hp_per_floor":[60,65,65,65,65,65,65,65,65,65,65,65,65,65,65,65,65,65,65,65,65,65,65,65,65],"card_choices":[{"not_picked":["Reflex","Blade Dance"],"picked":"Escape Plan","floor":1},{"not_picked":["Eviscerate","Acrobatics"],"picked":"Blade Dance","floor":4},{"not_picked":["PiercingWail","Slice","Dodge and Roll"],"picked":"SKIP","floor":7},{"not_picked":["PiercingWail","Slice","Dodge and Roll"],"picked":"SKIP","floor":7},{"not_picked":["Outmaneuver","Skewer","Endless Agony"],"picked":"SKIP","floor":8},{"not_picked":["Backstab","Dagger Spray"],"picked":"Accuracy","floor":11},{"not_picked":["Quick Slash","Dash"],"picked":"Tactician","floor":12},{"not_picked":["Caltrops","Flying Knee"],"picked":"Bullet Time","floor":13},{"not_picked":["Prepared","Underhanded Strike","PiercingWail"],"picked":"SKIP","floor":14},{"not_picked":["Tools of the Trade","Glass Knife"],"picked":"Adrenaline","floor":16},{"not_picked":["Footwork","Setup"],"picked":"Acrobatics","floor":18},{"not_picked":["Noxious Fumes","Bane","Concentrate"],"picked":"SKIP","floor":21},{"not_picked":["Dagger Throw","Sucker Punch"],"picked":"Cloak And Dagger","floor":24}],"player_experience":2426180,"relics_obtained":[{"floor":9,"key":"Vajra"},{"floor":24,"key":"Molten Egg 2"}],"event_choices":[{"damage_healed":0,"gold_gain":0,"player_choice":"Donut","damage_taken":0,"max_hp_gain":5,"max_hp_loss":0,"event_name":"Big Fish","floor":2,"gold_loss":0},{"damage_healed":0,"gold_gain":0,"cards_transformed":["Strike_G"],"player_choice":"Change","damage_taken":0,"max_hp_gain":0,"max_hp_loss":0,"event_name":"Living Wall","floor":3,"gold_loss":0,"cards_obtained":["Night Terror"]},{"damage_healed":0,"gold_gain":0,"player_choice":"Ignored","damage_taken":0,"max_hp_gain":0,"max_hp_loss":0,"event_name":"Cursed Tome","floor":19,"gold_loss":0},{"damage_healed":0,"gold_gain":0,"player_choice":"Simplicity","damage_taken":0,"max_hp_gain":0,"max_hp_loss":0,"event_name":"Back to Basics","floor":20,"gold_loss":0,"cards_upgraded":["Defend_G","Defend_G","Defend_G","Defend_G","Defend_G","Strike_G","Strike_G","Strike_G","Strike_G"]}],"is_beta":false,"boss_relics":[{"not_picked":["Empty Cage","Velvet Choker"],"picked":"Ring of the Serpent"}],"items_purged_floors":[22],"is_endless":false,"potions_floor_spawned":[8,11,13,14],"killed_by":"Shelled Parasite and Fungi","ascension_level":20}