{"gold_per_floor":[115,115,126,146,156,189,189,201,201,201,47,76,102,102,102,173,173,173,173,173,173,173,173,0,0],"floor_reached":25,"playtime":1105,"items_purged":[],"score":411,"play_id":"b26a8a46-4f70-4437-81de-6f342f74db91","local_time":"20190503063629","is_ascension_mode":true,"campfire_choices":[{"floor":7.0,"key":"REST"},{"floor":10.0,"key":"REST"},{"floor":15.0,"key":"REST"},{"floor":23,"key":"REST"}],"neow_cost":"NONE","seed_source_timestamp":0,"circlet_count":0,"master_deck":["AscendersBane","Strike_R","Strike_R","Strike_R","Strike_R","Strike_R","Defend_R","Defend_R","Defend_R","Defend_R","Bash","Shrug It Off","Shrug It Off","Limit Break+1","Inflame","Cleave","Feed","Clothesline","Hemokinesis","Immolate","Shrug It Off+1","Reaper"],"special_seed":0,"relics":["Burning Blood","CultistMask","Pen Nib","Vajra","Odd Mushroom","Bag of Preparation","Ectoplasm","Nilry\u0027s Codex"],"potions_floor_usage":[21],"damage_taken":[{"damage":9.0,"enemies":"Jaw Worm","floor":1.0,"turns":4.0},{"damage":0.0,"enemies":"Cultist","floor":3.0,"turns":3.0},{"damage":5.0,"enemies":"Small Slimes","floor":4.0,"turns":5.0},{"damage":22.0,"enemies":"3 Louse","floor":5.0,"turns":5.0},{"damage":59.0,"enemies":"3 Sentries","floor":6.0,"turns":10.0},{"damage":17.0,"enemies":"2 Fungi Beasts","floor":8.0,"turns":5.0},{"damage":10.0,"enemies":"The Mushroom Lair","floor":12.0,"turns":3.0},{"damage":17.0,"enemies":"Lagavulin","floor":13.0,"turns":6.0},{"damage":41.0,"enemies":"Slime Boss","floor":16.0,"turns":8.0},{"damage":25.0,"enemies":"Chosen","floor":18.0,"turns":6.0},{"damage":22.0,"enemies":"Spheric Guardian","floor":19.0,"turns":4.0},{"damage":7,"enemies":"Snake Plant","floor":21,"turns":3},{"damage":70,"enemies":"Book of Stabbing","floor":25,"turns":5}],"seed_played":"-8842877350754550660","potions_obtained":[{"floor":4.0,"key":"GamblersBrew"},{"floor":5.0,"key":"Poison Potion"},{"floor":12.0,"key":"SneckoOil"},{"floor":13.0,"key":"SkillPotion"},{"floor":18.0,"key":"Ancient Potion"},{"floor":19.0,"key":"Poison Potion"}],"is_trial":false,"path_per_floor":["M","?","M","M","M","E","R","M","T","R","$","?","E","?","R","B",null,"M","M","?","M","?","R","$","E"],"character_chosen":"IRONCLAD","items_purchased":["Feed","Reaper"],"campfire_rested":4,"item_purchase_floors":[11,24],"current_hp_per_floor":[72,72,78,79,63,10,34,23,23,47,47,46,38,38,64,32,76,57,44,23,22,22,50,50,0],"gold":0,"neow_bonus":"TEN_PERCENT_HP_BONUS","is_prod":false,"is_daily":false,"chose_seed":false,"campfire_upgraded":0,"win_rate":0,"timestamp":1556854589,"path_taken":["M","?","M","M","?","E","R","M","T","R","$","?","E","?","R","BOSS","M","M","?","M","?","R","$","E"],"build_version":"2019-01-23","purchased_purges":0,"victory":false,"max_hp_per_floor":[82,82,82,82,82,82,82,82,82,82,82,85,88,88,88,91,91,91,94,94,94,94,94,94,94],"card_choices":[{"not_picked":["Dropkick","Clash"],"picked":"Shrug It Off","floor":1.0},{"not_picked":["Sword Boomerang","Intimidate"],"picked":"Shrug It Off","floor":3.0},{"not_picked":["Clash","Perfected Strike"],"picked":"Limit Break","floor":4.0},{"not_picked":["Uppercut","Perfected Strike"],"picked":"Inflame","floor":5.0},{"not_picked":["Shrug It Off","Heavy Blade"],"picked":"Cleave","floor":6.0},{"not_picked":["Anger","Clash","True Grit"],"picked":"SKIP","floor":8.0},{"not_picked":["Warcry","Sword Boomerang"],"picked":"Clothesline","floor":12.0},{"not_picked":["Dark Embrace","Bloodletting"],"picked":"Hemokinesis","floor":13.0},{"not_picked":["Impervious","Demon Form"],"picked":"Immolate","floor":16.0},{"not_picked":["Combust","Clothesline","Perfected Strike"],"picked":"SKIP","floor":18.0},{"not_picked":["Battle Trance","Entrench"],"picked":"Shrug It Off+1","floor":19.0},{"not_picked":["True Grit","Thunderclap","Perfected Strike"],"picked":"SKIP","floor":21}],"player_experience":360348,"relics_obtained":[{"floor":6.0,"key":"Pen Nib"},{"floor":9.0,"key":"Vajra"},{"floor":12.0,"key":"Odd Mushroom"},{"floor":13.0,"key":"Bag of Preparation"},{"floor":20,"key":"Nilry\u0027s Codex"}],"event_choices":[{"damage_healed":0.0,"max_hp_gain":0.0,"max_hp_loss":0.0,"gold_gain":0.0,"event_name":"FaceTrader","player_choice":"Trade","floor":2.0,"gold_loss":0.0,"damage_taken":0.0,"relics_obtained":["CultistMask"]},{"damage_healed":0.0,"max_hp_gain":0.0,"max_hp_loss":0.0,"gold_gain":0.0,"event_name":"Mushrooms","player_choice":"Fought Mushrooms","floor":12.0,"gold_loss":0.0,"damage_taken":0.0},{"damage_healed":0.0,"max_hp_gain":0.0,"max_hp_loss":0.0,"gold_gain":0.0,"event_name":"Living Wall","player_choice":"Grow","floor":14.0,"gold_loss":0.0,"damage_taken":0.0,"cards_upgraded":["Limit Break"]},{"damage_healed":0,"gold_gain":0,"player_choice":"Obtained Book","damage_taken":21,"max_hp_gain":0,"max_hp_loss":0,"event_name":"Cursed Tome","floor":20,"gold_loss":0},{"damage_healed":0,"gold_gain":50,"player_choice":"Stole From Cult","damage_taken":0,"max_hp_gain":0,"max_hp_loss":0,"event_name":"Nest","floor":22,"gold_loss":0}],"is_beta":false,"boss_relics":[{"not_picked":["Tiny House","Eternal Feather"],"picked":"Ectoplasm"}],"items_purged_floors":[],"is_endless":false,"potions_floor_spawned":[4,5,12,13,18,19],"killed_by":"Book of Stabbing","ascension_level":19}