{"gold_per_floor":[113,188,188,206,92,122,122,137,137,137],"floor_reached":10,"playtime":203,"items_purged":["Strike_B"],"score":182,"play_id":"bc1fe5e4-7e57-413d-a4b8-d5636d396dac","local_time":"20181209222747","is_ascension_mode":true,"campfire_choices":[{"data":"Darkness","floor":7.0,"key":"SMITH"}],"neow_cost":"NONE","seed_source_timestamp":10718499146222,"circlet_count":0,"master_deck":["AscendersBane","Strike_B","Strike_B","Defend_B","Defend_B","Defend_B","Defend_B","Zap","Dualcast","Darkness+1","Capacitor","Auto Shields"],"special_seed":0,"relics":["Cracked Core","NeowsBlessing","Incense Burner","StoneCalendar"],"potions_floor_usage":[10,10],"damage_taken":[{"damage":0.0,"enemies":"Cultist","floor":1.0,"turns":1.0},{"damage":0.0,"enemies":"Jaw Worm","floor":4.0,"turns":1.0},{"damage":0.0,"enemies":"Lagavulin","floor":6.0,"turns":1.0},{"damage":4.0,"enemies":"Small Slimes","floor":8.0,"turns":4.0},{"damage":70,"enemies":"Gremlin Nob","floor":10,"turns":4}],"seed_played":"5914938611113160637","potions_obtained":[{"floor":6.0,"key":"Regen Potion"},{"floor":8.0,"key":"Strength Potion"}],"is_trial":false,"path_per_floor":["M","?","?","M","$","E","R","M","T","E"],"character_chosen":"DEFECT","items_purchased":["Capacitor"],"campfire_rested":0,"item_purchase_floors":[5],"current_hp_per_floor":[64,53,53,53,53,53,53,49,49,0],"gold":137,"neow_bonus":"THREE_ENEMY_KILL","is_prod":false,"is_daily":false,"chose_seed":false,"campfire_upgraded":1,"win_rate":0,"timestamp":1544365667,"path_taken":["M","?","?","M","$","E","R","M","T","E"],"build_version":"2018-12-06","purchased_purges":1,"victory":false,"max_hp_per_floor":[71,71,71,71,71,71,71,71,71,71],"card_choices":[{"not_picked":["Rebound","Reprogram","Barrage"],"picked":"SKIP","floor":1.0},{"not_picked":["Genetic Algorithm","Compile Driver"],"picked":"Darkness","floor":4.0},{"not_picked":["Beam Cell","Conserve Battery"],"picked":"Auto Shields","floor":6.0},{"not_picked":["Go for the Eyes","Darkness","Storm"],"picked":"SKIP","floor":8.0}],"player_experience":2343797,"relics_obtained":[{"floor":6.0,"key":"Incense Burner"},{"floor":9.0,"key":"StoneCalendar"}],"event_choices":[{"damage_healed":0.0,"max_hp_gain":0.0,"max_hp_loss":0.0,"gold_gain":75.0,"event_name":"World of Goop","player_choice":"Gather Gold","floor":2.0,"gold_loss":0.0,"damage_taken":11.0},{"cards_removed":["Strike_B"],"damage_healed":0.0,"max_hp_gain":0.0,"max_hp_loss":0.0,"gold_gain":0.0,"event_name":"Purifier","player_choice":"Purged","floor":3.0,"gold_loss":0.0,"damage_taken":0.0}],"is_beta":false,"boss_relics":[],"items_purged_floors":[5],"is_endless":false,"potions_floor_spawned":[6,8],"killed_by":"Gremlin Nob","ascension_level":20}