{"gold_per_floor":[111,36,53,64,3,38,38,71,71,71,97,110,127,141,141,217,217,234,247,4,18,18,18,35,35,61,76,110,110,128,188,188,263,263,281,291,1290,1290,1290,1317,1328,1353,1353,1379,1399,1399,1417,1417,1417,1417,1417,1417,1417,225,252,252],"floor_reached":57,"playtime":6088,"items_purged":["Strike_R","Strike_R"],"score":2958,"play_id":"2fd20e0f-454f-4073-8c06-00aaeb701e99","local_time":"20190330033320","is_ascension_mode":true,"campfire_choices":[{"data":"Bash","floor":7,"key":"SMITH"},{"floor":10,"key":"REST"},{"data":"Inflame","floor":15,"key":"SMITH"},{"data":"Corruption","floor":23,"key":"SMITH"},{"data":"Feel No Pain","floor":25,"key":"SMITH"},{"data":"Fiend Fire","floor":32,"key":"SMITH"},{"floor":49,"key":"RECALL"},{"data":"Disarm","floor":53,"key":"SMITH"}],"neow_cost":"NONE","seed_source_timestamp":851475957951000,"circlet_count":0,"master_deck":["AscendersBane","Strike_R","Strike_R","Defend_R","Defend_R","Defend_R","Defend_R","Bash+1","Twin Strike","Reckless Charge","Metallicize","Spot Weakness","Shrug It Off","Immolate","Inflame+1","Sword Boomerang","Reaper","True Grit+1","Thunderclap","Dual Wield+1","Disarm+1","Corruption+1","Feel No Pain+1","Shrug It Off","Spot Weakness","Fiend Fire+1","J.A.X.","Impervious","Offering","True Grit+1","Shockwave","Blind","Shrug It Off+1","Barricade","Disarm+1","Body Slam+1","Corruption","Flame Barrier","Disarm","Master of Strategy","Warcry","Finesse"],"relics":["Burning Blood","Ornamental Fan","Pocketwatch","Shuriken","Prayer Wheel","Paper Frog","Runic Pyramid","Oddly Smooth Stone","Omamori","Tiny Chest","Coffee Dripper","Happy Flower","Orichalcum","Molten Egg 2","Kunai","Bronze Scales","Bag of Marbles","Frozen Eye","Strawberry"],"potions_floor_usage":[4,6,16,18,18,21,28,42,50,56,56],"damage_taken":[{"damage":6,"enemies":"Cultist","floor":1,"turns":3},{"damage":10,"enemies":"Small Slimes","floor":3,"turns":3},{"damage":0,"enemies":"Jaw Worm","floor":4,"turns":4},{"damage":28,"enemies":"Gremlin Nob","floor":6,"turns":4},{"damage":26,"enemies":"Lagavulin","floor":8,"turns":6},{"damage":4,"enemies":"Gremlin Nob","floor":11,"turns":3},{"damage":0,"enemies":"Large Slime","floor":12,"turns":6},{"damage":0,"enemies":"Blue Slaver","floor":13,"turns":5},{"damage":4,"enemies":"3 Louse","floor":14,"turns":2},{"damage":30,"enemies":"Hexaghost","floor":16,"turns":8},{"damage":39,"enemies":"2 Thieves","floor":18,"turns":4},{"damage":1,"enemies":"Chosen","floor":19,"turns":5},{"damage":31,"enemies":"Shelled Parasite and Fungi","floor":21,"turns":12},{"damage":0,"enemies":"Snecko","floor":24,"turns":4},{"damage":9,"enemies":"Snake Plant","floor":27,"turns":4},{"damage":20,"enemies":"Slavers","floor":28,"turns":6},{"damage":26,"enemies":"Shelled Parasite and Fungi","floor":30,"turns":6},{"damage":59,"enemies":"Book of Stabbing","floor":31,"turns":7},{"damage":31,"enemies":"Automaton","floor":33,"turns":10},{"damage":8,"enemies":"Orb Walker","floor":35,"turns":2},{"damage":18,"enemies":"3 Darklings","floor":36,"turns":5},{"damage":3,"enemies":"Nemesis","floor":40,"turns":7},{"damage":34,"enemies":"4 Shapes","floor":41,"turns":6},{"damage":15,"enemies":"Reptomancer","floor":42,"turns":8},{"damage":40,"enemies":"Nemesis","floor":44,"turns":9},{"damage":9,"enemies":"Maw","floor":45,"turns":7},{"damage":19,"enemies":"Sphere and 2 Shapes","floor":47,"turns":8},{"damage":6,"enemies":"Time Eater","floor":50,"turns":11},{"damage":76,"enemies":"Awakened One","floor":51,"turns":8},{"damage":32,"enemies":"Shield and Spear","floor":55,"turns":7},{"damage":96,"enemies":"The Heart","floor":56,"turns":11}],"seed_played":"-17882464620278014","potions_obtained":[{"floor":0,"key":"Explosive Potion"},{"floor":0,"key":"Weak Potion"},{"floor":3,"key":"Block Potion"},{"floor":8,"key":"AttackPotion"},{"floor":11,"key":"LiquidBronze"},{"floor":16,"key":"SkillPotion"},{"floor":19,"key":"Dexterity Potion"},{"floor":21,"key":"Strength Potion"},{"floor":24,"key":"AttackPotion"},{"floor":30,"key":"Explosive Potion"},{"floor":45,"key":"GamblersBrew"},{"floor":47,"key":"LiquidBronze"}],"is_trial":false,"path_per_floor":["M","?","M","M","?","E","R","E","T","R","E","M","M","M","R","B",null,"M","M","$","M","?","R","M","R","T","M","E","?","M","E","R","B",null,"M","M","?","?","?","E","M","E","T","E","M","?","M","?","R","B","B",null,"R","$","E","B",null],"character_chosen":"IRONCLAD","items_purchased":["Oddly Smooth Stone","Bronze Scales","Disarm","Bag of Marbles","Master of Strategy","Warcry","Ancient Potion","SpeedPotion","Frozen Eye","Finesse"],"campfire_rested":1,"item_purchase_floors":[20,54,54,54,54,54,54,54,54,54],"current_hp_per_floor":[68,68,64,70,70,48,48,28,28,50,52,58,64,66,66,42,67,54,59,59,67,67,67,75,75,75,75,75,75,75,74,74,75,75,73,75,75,75,65,75,75,75,75,75,75,71,71,71,71,71,71,71,71,71,78,53],"gold":252,"neow_bonus":"THREE_SMALL_POTIONS","is_prod":false,"is_daily":false,"chose_seed":false,"campfire_upgraded":6,"win_rate":0,"timestamp":1553916800,"path_taken":["M","?","M","M","?","E","R","E","T","R","E","M","M","M","R","BOSS","M","M","$","?","?","R","M","R","T","M","E","?","M","E","R","BOSS","M","M","?","?","?","E","M","E","T","E","M","?","M","?","R","BOSS","BOSS","R","$","E","BOSS"],"build_version":"2019-01-23","purchased_purges":2,"victory":true,"max_hp_per_floor":[75,75,75,75,75,75,75,75,75,75,75,75,75,75,75,75,75,75,75,75,75,75,75,75,75,75,75,75,75,75,75,75,75,75,75,75,75,75,75,75,75,75,75,75,75,71,71,71,71,71,71,71,71,71,78,78],"card_choices":[{"not_picked":["Power Through","Pummel"],"picked":"Wild Strike","floor":1},{"not_picked":["Cleave","Corruption"],"picked":"Twin Strike","floor":3},{"not_picked":["Ghostly Armor","Entrench"],"picked":"Reckless Charge","floor":4},{"not_picked":["Seeing Red","Iron Wave","Infernal Blade"],"picked":"SKIP","floor":6},{"not_picked":["Searing Blow","Limit Break"],"picked":"Metallicize","floor":8},{"not_picked":["Clash","Twin Strike"],"picked":"Spot Weakness","floor":11},{"not_picked":["Flame Barrier","Pummel"],"picked":"Shrug It Off","floor":12},{"not_picked":["Pummel","Rupture"],"picked":"Immolate","floor":12},{"not_picked":["Flame Barrier","Power Through"],"picked":"Inflame","floor":13},{"not_picked":["Seeing Red","Body Slam","Twin Strike"],"picked":"SKIP","floor":13},{"not_picked":["Heavy Blade","Pommel Strike"],"picked":"Sword Boomerang","floor":14},{"not_picked":["Reckless Charge","Sword Boomerang","Ghostly Armor"],"picked":"SKIP","floor":14},{"not_picked":["Exhume","Fiend Fire"],"picked":"Reaper","floor":16},{"not_picked":["Bloodletting","Anger"],"picked":"True Grit+1","floor":18},{"not_picked":["Body Slam","Clash","Headbutt"],"picked":"SKIP","floor":18},{"not_picked":["Inflame","Clothesline"],"picked":"Thunderclap","floor":19},{"not_picked":["Combust","Sever Soul"],"picked":"Dual Wield+1","floor":19},{"not_picked":["Perfected Strike","Dropkick"],"picked":"Disarm+1","floor":21},{"not_picked":["Armaments","Shrug It Off"],"picked":"Corruption","floor":21},{"not_picked":["Disarm","Flex+1"],"picked":"Shrug It Off","floor":24},{"not_picked":["Rampage","Hemokinesis","Reckless Charge"],"picked":"SKIP","floor":24},{"not_picked":["Armaments","Sentinel"],"picked":"Spot Weakness","floor":27},{"not_picked":["Thunderclap","Pommel Strike","Wild Strike"],"picked":"SKIP","floor":27},{"not_picked":["Thunderclap","Second Wind"],"picked":"Fiend Fire","floor":28},{"not_picked":["Sever Soul","Heavy Blade","Hemokinesis"],"picked":"SKIP","floor":30},{"not_picked":["Fire Breathing","Cleave","Wild Strike"],"picked":"SKIP","floor":30},{"not_picked":["Anger+1","Twin Strike"],"picked":"Impervious","floor":31},{"not_picked":["Bludgeon","Demon Form"],"picked":"Offering","floor":33},{"not_picked":["Headbutt+1","Rupture"],"picked":"True Grit+1","floor":35},{"not_picked":["Dropkick","Hemokinesis"],"picked":"Shockwave","floor":35},{"not_picked":["Cleave","Pommel Strike","Iron Wave"],"picked":"SKIP","floor":36},{"not_picked":["Flex+1","True Grit","Reckless Charge+1"],"picked":"SKIP","floor":36},{"not_picked":["PanicButton","Madness"],"picked":"Blind","floor":39},{"not_picked":["Iron Wave","Combust","Battle Trance"],"picked":"SKIP","floor":40},{"not_picked":["Twin Strike","Dropkick"],"picked":"Shrug It Off+1","floor":41},{"not_picked":["Rage","Uppercut"],"picked":"Barricade","floor":41},{"not_picked":["Reckless Charge","Clash+1"],"picked":"Disarm","floor":42},{"not_picked":["Wild Strike+1","Pummel+1"],"picked":"Body Slam+1","floor":44},{"not_picked":["Heavy Blade+1","Clothesline+1"],"picked":"Corruption","floor":45},{"not_picked":["Anger+1","Sword Boomerang+1","Flame Barrier"],"picked":"SKIP","floor":45},{"not_picked":["Thunderclap+1","Whirlwind+1"],"picked":"Flame Barrier","floor":47},{"not_picked":["Headbutt+1","Anger+1","Bloodletting"],"picked":"SKIP","floor":47},{"not_picked":["Pommel Strike+1","Wild Strike+1","Rupture+1"],"picked":"SKIP","floor":55}],"player_experience":2392094,"relics_obtained":[{"floor":6,"key":"Pocketwatch"},{"floor":8,"key":"Shuriken"},{"floor":9,"key":"Prayer Wheel"},{"floor":11,"key":"Paper Frog"},{"floor":28,"key":"Omamori"},{"floor":31,"key":"Tiny Chest"},{"floor":40,"key":"Happy Flower"},{"floor":42,"key":"Orichalcum"},{"floor":43,"key":"Molten Egg 2"},{"floor":44,"key":"Kunai"},{"floor":55,"key":"Strawberry"}],"event_choices":[{"cards_removed":["Strike_R"],"damage_healed":0,"gold_gain":0,"player_choice":"Card Removal","damage_taken":0,"max_hp_gain":0,"max_hp_loss":0,"event_name":"The Cleric","floor":2,"gold_loss":75},{"damage_healed":0,"gold_gain":0,"player_choice":"Paid Gold","damage_taken":0,"relics_obtained":["Ornamental Fan"],"max_hp_gain":0,"max_hp_loss":0,"event_name":"WeMeetAgain","floor":5,"gold_loss":61},{"damage_healed":0,"gold_gain":0,"player_choice":"Read","damage_taken":0,"max_hp_gain":0,"max_hp_loss":0,"event_name":"The Library","floor":22,"gold_loss":0,"cards_obtained":["Feel No Pain"]},{"damage_healed":0,"gold_gain":0,"player_choice":"Obtain J.A.X.","damage_taken":0,"max_hp_gain":0,"max_hp_loss":0,"event_name":"Drug Dealer","floor":29,"gold_loss":0,"cards_obtained":["J.A.X."]},{"damage_healed":0,"gold_gain":999,"player_choice":"Gold","damage_taken":0,"max_hp_gain":0,"max_hp_loss":0,"event_name":"MindBloom","floor":37,"gold_loss":0,"cards_obtained":["Normality","Normality"]},{"cards_removed":["Wild Strike"],"damage_healed":0,"gold_gain":0,"player_choice":"Removed Attack","damage_taken":0,"max_hp_gain":0,"max_hp_loss":0,"event_name":"Falling","floor":38,"gold_loss":0},{"damage_healed":0,"gold_gain":0,"player_choice":"Memory 3","damage_taken":10,"max_hp_gain":0,"max_hp_loss":0,"event_name":"SensoryStone","floor":39,"gold_loss":0},{"damage_healed":0,"gold_gain":0,"player_choice":"Max HP","damage_taken":0,"max_hp_gain":0,"max_hp_loss":4,"event_name":"Winding Halls","floor":46,"gold_loss":0},{"damage_healed":0,"gold_gain":0,"player_choice":"Ignored","damage_taken":0,"max_hp_gain":0,"max_hp_loss":0,"event_name":"Mysterious Sphere","floor":48,"gold_loss":0}],"is_beta":false,"boss_relics":[{"not_picked":["Empty Cage","Mark of Pain"],"picked":"Runic Pyramid"},{"not_picked":["Philosopher\u0027s Stone","Black Star"],"picked":"Coffee Dripper"}],"items_purged_floors":[20,54],"is_endless":false,"potions_floor_spawned":[3,8,11,13,14,16,19,21,24,30,31,36,40,41,45,47],"ascension_level":20}