{"gold_per_floor":[366,366,366,1,26,61,82,125,125,125,50,50,71,71,71,202,202,215,115,134,9,27,27,71,71,71,92,106,145,168,83,83,83],"floor_reached":33,"playtime":8232,"items_purged":["Strike_R","Strike_R","Strike_R"],"score":295,"play_id":"d2758d2e-4b31-408d-9f37-aab7e9796289","local_time":"20190322124546","is_ascension_mode":false,"campfire_choices":[{"data":"Armaments","floor":10,"key":"SMITH"},{"data":"Rage","floor":12,"key":"SMITH"},{"data":"Entrench","floor":15,"key":"SMITH"},{"floor":23,"key":"REST"},{"floor":25,"key":"REST"},{"floor":32,"key":"REST"}],"neow_cost":"TEN_PERCENT_HP_LOSS","seed_source_timestamp":619215205660300,"circlet_count":0,"master_deck":["Strike_R+1","Strike_R+1","Defend_R","Defend_R","Defend_R","Defend_R","Bash","Rage+1","Anger+1","Armaments+1","Pommel Strike+1","Sword Boomerang+1","Ghostly Armor","Entrench+1","Juggernaut","Decay","Immolate+1","Warcry","Cleave+1","Thunderclap+1","Shrug It Off","Iron Wave+1"],"relics":["Burning Blood","Golden Idol","CultistMask","Molten Egg 2","Self Forming Clay","Pocketwatch","Torii","Fusion Hammer","Whetstone","Happy Flower","Bottled Lightning","Dodecahedron"],"potions_floor_usage":[6,22,27,29,33,33],"damage_taken":[{"damage":6,"enemies":"2 Louse","floor":1,"turns":3},{"damage":0,"enemies":"Cultist","floor":5,"turns":3},{"damage":3,"enemies":"Gremlin Nob","floor":6,"turns":3},{"damage":0,"enemies":"Jaw Worm","floor":7,"turns":3},{"damage":7,"enemies":"3 Sentries","floor":8,"turns":7},{"damage":14,"enemies":"Exordium Wildlife","floor":13,"turns":5},{"damage":28,"enemies":"The Guardian","floor":16,"turns":12},{"damage":7,"enemies":"3 Byrds","floor":18,"turns":4},{"damage":0,"enemies":"Chosen","floor":20,"turns":3},{"damage":10,"enemies":"Centurion and Healer","floor":22,"turns":4},{"damage":13,"enemies":"Slavers","floor":24,"turns":4},{"damage":33,"enemies":"Shelled Parasite and Fungi","floor":27,"turns":5},{"damage":0,"enemies":"Cultist and Chosen","floor":28,"turns":4},{"damage":24,"enemies":"Gremlin Leader","floor":29,"turns":7},{"damage":16,"enemies":"Snake Plant","floor":30,"turns":5},{"damage":54,"enemies":"Collector","floor":33,"turns":5}],"seed_played":"5945199932001229022","potions_obtained":[{"floor":1,"key":"Poison Potion"},{"floor":6,"key":"Strength Potion"},{"floor":8,"key":"BloodPotion"},{"floor":16,"key":"FearPotion"},{"floor":18,"key":"Poison Potion"},{"floor":22,"key":"Weak Potion"},{"floor":29,"key":"Ancient Potion"}],"is_trial":false,"path_per_floor":["M","?","?","$","M","E","M","E","T","R","$","R","M","?","R","B",null,"M","$","M","$","M","R","E","R","T","M","M","E","M","?","R","B"],"character_chosen":"IRONCLAD","items_purchased":["Molten Egg 2","Anger+1","Armaments"],"campfire_rested":3,"item_purchase_floors":[4,4,4],"current_hp_per_floor":[72,54,54,54,60,63,69,68,68,68,68,68,60,60,60,38,72,71,71,72,72,68,72,65,72,72,52,58,40,30,30,51,0],"gold":83,"neow_bonus":"TWO_FIFTY_GOLD","is_prod":false,"is_daily":false,"chose_seed":false,"campfire_upgraded":3,"win_rate":0.0,"timestamp":1553251546,"path_taken":["M","?","?","$","?","E","M","E","T","R","$","R","M","?","R","BOSS","M","$","M","$","M","R","E","R","T","M","M","E","?","?","R","BOSS"],"build_version":"2019-01-23","purchased_purges":3,"victory":false,"max_hp_per_floor":[72,72,72,72,72,72,72,72,72,72,72,72,72,72,72,72,72,72,72,72,72,72,72,72,72,72,72,72,72,72,72,72,72],"card_choices":[{"not_picked":["Fire Breathing","Thunderclap"],"picked":"Rage","floor":1},{"not_picked":["Metallicize","Perfected Strike+1"],"picked":"Pommel Strike+1","floor":5},{"not_picked":["Anger+1","Twin Strike+1"],"picked":"Sword Boomerang+1","floor":6},{"not_picked":["Perfected Strike+1","Rupture"],"picked":"Ghostly Armor","floor":7},{"not_picked":["Wild Strike+1","Shockwave"],"picked":"Entrench","floor":8},{"not_picked":["Sword Boomerang+1","Wild Strike+1"],"picked":"Juggernaut","floor":13},{"not_picked":["Feed+1","Bludgeon+1"],"picked":"Immolate+1","floor":16},{"not_picked":["Armaments+1","Clash+1"],"picked":"Warcry","floor":18},{"not_picked":["Spot Weakness","Clash+1","Havoc+1"],"picked":"SKIP","floor":20},{"not_picked":["Intimidate","Flex","Dropkick+1"],"picked":"SKIP","floor":22},{"not_picked":["Warcry","Armaments"],"picked":"Cleave+1","floor":24},{"not_picked":["Perfected Strike+1","Sword Boomerang+1"],"picked":"Thunderclap+1","floor":27},{"not_picked":["Carnage+1","Warcry+1"],"picked":"Shrug It Off","floor":28},{"not_picked":["Cleave+1","Thunderclap+1"],"picked":"Iron Wave+1","floor":29},{"not_picked":["Perfected Strike+1","True Grit","Blood for Blood+1"],"picked":"SKIP","floor":30}],"player_experience":34429,"relics_obtained":[{"floor":6,"key":"Self Forming Clay"},{"floor":8,"key":"Pocketwatch"},{"floor":9,"key":"Torii"},{"floor":24,"key":"Whetstone"},{"floor":26,"key":"Happy Flower"},{"floor":29,"key":"Bottled Lightning"}],"event_choices":[{"damage_healed":0,"gold_gain":0,"player_choice":"Take Damage","damage_taken":18,"relics_obtained":["Golden Idol"],"max_hp_gain":0,"max_hp_loss":0,"event_name":"Golden Idol","floor":2,"gold_loss":0},{"damage_healed":0,"gold_gain":0,"player_choice":"Trade","damage_taken":0,"relics_obtained":["CultistMask"],"max_hp_gain":0,"max_hp_loss":0,"event_name":"FaceTrader","floor":3,"gold_loss":0},{"damage_healed":0,"gold_gain":0,"player_choice":"Cursed","damage_taken":0,"max_hp_gain":0,"max_hp_loss":0,"event_name":"Wheel of Change","floor":14,"gold_loss":0,"cards_obtained":["Decay"]},{"damage_healed":0,"gold_gain":0,"player_choice":"Obtained Relic","damage_taken":0,"relics_obtained":["Dodecahedron"],"max_hp_gain":0,"max_hp_loss":0,"event_name":"Addict","floor":31,"gold_loss":85}],"is_beta":false,"boss_relics":[{"not_picked":["Cursed Key","Orrery"],"picked":"Fusion Hammer"}],"items_purged_floors":[11,19,21],"is_endless":false,"potions_floor_spawned":[1,6,8,16,18,22,29],"killed_by":"Collector","ascension_level":0}