{"gold_per_floor":[113,126,136,150,162,162,189,208,208,222,222,41,41,54,54,153,153,168,185,31,31,42,72,72,89,89,89,89],"floor_reached":28,"playtime":1885,"items_purged":["Defend_B"],"score":244,"play_id":"471bcd13-411c-4797-bda6-50cc491f8d63","local_time":"20190323223229","is_ascension_mode":false,"campfire_choices":[{"data":"Defragment","floor":6,"key":"SMITH"},{"data":"Zap","floor":11,"key":"SMITH"},{"floor":15,"key":"REST"},{"floor":24,"key":"REST"}],"neow_cost":"TEN_PERCENT_HP_LOSS","seed_source_timestamp":740595540445000,"circlet_count":0,"master_deck":["Defend_B","Defend_B+1","Zap+1","Dualcast+1","Redo","FTL","Defragment+1","Turbo","Loop","Defragment","Hologram","Biased Cognition","Leap","Melter","Seek","Leap"],"relics":["Cracked Core","Juzu Bracelet","Letter Opener","War Paint","Empty Cage","Blood Vial","Shuriken","MutagenicStrength"],"potions_floor_usage":[5,7,7,16,16,22,28],"damage_taken":[{"damage":0,"enemies":"Cultist","floor":1,"turns":4},{"damage":0,"enemies":"2 Louse","floor":2,"turns":2},{"damage":10,"enemies":"Small Slimes","floor":3,"turns":3},{"damage":9,"enemies":"Blue Slaver","floor":4,"turns":3},{"damage":10,"enemies":"2 Fungi Beasts","floor":5,"turns":6},{"damage":28,"enemies":"3 Sentries","floor":7,"turns":8},{"damage":2,"enemies":"Large Slime","floor":8,"turns":5},{"damage":17,"enemies":"3 Louse","floor":10,"turns":3},{"damage":5,"enemies":"Lots of Slimes","floor":14,"turns":3},{"damage":12,"enemies":"The Guardian","floor":16,"turns":8},{"damage":5,"enemies":"Spheric Guardian","floor":18,"turns":3},{"damage":0,"enemies":"Chosen","floor":19,"turns":3},{"damage":18,"enemies":"Snake Plant","floor":22,"turns":3},{"damage":42,"enemies":"Slavers","floor":23,"turns":5},{"damage":24,"enemies":"Cultist and Chosen","floor":25,"turns":5},{"damage":9,"enemies":"Sentry and Sphere","floor":28,"turns":2}],"seed_played":"2250352359438213803","potions_obtained":[{"floor":3,"key":"Regen Potion"},{"floor":4,"key":"Regen Potion"},{"floor":5,"key":"EssenceOfSteel"},{"floor":7,"key":"Swift Potion"},{"floor":10,"key":"PowerPotion"},{"floor":18,"key":"SkillPotion"},{"floor":19,"key":"Strength Potion"}],"is_trial":false,"path_per_floor":["M","M","M","M","M","R","E","M","T","M","R","$","?","M","R","B",null,"M","M","$","?","M","E","R","M","T","?","M"],"character_chosen":"DEFECT","items_purchased":["War Paint","Hologram","Melter"],"campfire_rested":2,"item_purchase_floors":[12,12,20],"current_hp_per_floor":[68,68,58,49,53,53,40,38,38,21,21,21,14,9,29,17,68,63,63,63,63,45,3,23,1,1,1,0],"gold":89,"neow_bonus":"REMOVE_TWO","is_prod":false,"is_daily":false,"chose_seed":false,"campfire_upgraded":2,"win_rate":0.0,"timestamp":1553373149,"path_taken":["M","?","M","M","M","R","E","M","T","M","R","$","?","M","R","BOSS","M","M","$","?","M","E","R","M","T","?","M"],"build_version":"2019-01-23","purchased_purges":1,"victory":false,"max_hp_per_floor":[68,68,68,68,68,68,68,68,68,68,68,68,68,68,68,68,68,68,68,68,68,68,68,68,68,68,68,68],"card_choices":[{"not_picked":["Go for the Eyes","Sweeping Beam"],"picked":"Redo","floor":1},{"not_picked":["Reprogram","Conserve Battery"],"picked":"FTL","floor":2},{"not_picked":["Heatsinks","Go for the Eyes"],"picked":"Defragment","floor":3},{"not_picked":["Coolheaded","Barrage","Beam Cell"],"picked":"SKIP","floor":4},{"not_picked":["Redo","Tempest"],"picked":"Turbo","floor":5},{"not_picked":["Amplify","Doom and Gloom"],"picked":"Loop","floor":7},{"not_picked":["Loop","Redo"],"picked":"Defragment","floor":8},{"not_picked":["Compile Driver","Barrage","Rebound"],"picked":"SKIP","floor":10},{"not_picked":["Conserve Battery","Aggregate","Ball Lightning"],"picked":"SKIP","floor":14},{"not_picked":["Fission","Rainbow"],"picked":"Biased Cognition","floor":16},{"not_picked":["Doom and Gloom","Stack","Fusion"],"picked":"SKIP","floor":18},{"not_picked":["Cold Snap","Gash+1"],"picked":"Leap","floor":19},{"not_picked":["Hologram","Ball Lightning"],"picked":"Seek","floor":22},{"not_picked":["Fusion+1","Capacitor"],"picked":"Leap","floor":23},{"not_picked":["Ball Lightning","Leap","Rebound+1"],"picked":"SKIP","floor":25}],"player_experience":75338,"relics_obtained":[{"floor":7,"key":"Juzu Bracelet"},{"floor":9,"key":"Letter Opener"},{"floor":23,"key":"Blood Vial"},{"floor":26,"key":"Shuriken"}],"event_choices":[{"cards_removed":["Strike_B"],"damage_healed":0,"gold_gain":0,"player_choice":"Card Removal","damage_taken":7,"max_hp_gain":0,"max_hp_loss":0,"event_name":"Golden Wing","floor":13,"gold_loss":0},{"damage_healed":0,"gold_gain":0,"player_choice":"Ignored","damage_taken":0,"max_hp_gain":0,"max_hp_loss":0,"event_name":"Vampires","floor":21,"gold_loss":0},{"damage_healed":0,"gold_gain":0,"player_choice":"Inject Mutagens","damage_taken":0,"relics_obtained":["MutagenicStrength"],"max_hp_gain":0,"max_hp_loss":0,"event_name":"Drug Dealer","floor":27,"gold_loss":0}],"is_beta":false,"boss_relics":[{"not_picked":["Tiny House","Astrolabe"],"picked":"Empty Cage"}],"items_purged_floors":[20],"is_endless":false,"potions_floor_spawned":[3,4,5,7,10,18,19],"killed_by":"Sentry and Sphere","ascension_level":0}