{"gold_per_floor":[117,130,305,305,34,34,48,48,48,48,110,10,10,20,20,121,121,141,157,157,157,157,157],"floor_reached":23,"playtime":904,"items_purged":["Doubt","Strike_R"],"score":274,"play_id":"cae52bda-f05b-47f7-a208-d948ac3cd096","local_time":"20190416080650","is_ascension_mode":true,"campfire_choices":[{"data":"Apotheosis","floor":6,"key":"SMITH"},{"data":"Bash","floor":8,"key":"SMITH"},{"floor":10,"key":"RECALL"},{"data":"Whirlwind","floor":13,"key":"SMITH"},{"data":"Fiend Fire","floor":15,"key":"SMITH"}],"neow_cost":"TEN_PERCENT_HP_LOSS","seed_source_timestamp":341586130511800,"circlet_count":0,"master_deck":["AscendersBane","Strike_R","Strike_R","Defend_R","Defend_R","Defend_R","Defend_R","Bash+1","Sword Boomerang","Twin Strike","Apotheosis+1","Fiend Fire+1","Whirlwind+1","Limit Break","Spot Weakness","Pain"],"relics":["Burning Blood","Calipers","Ancient Tea Set","Sozu","WarpedTongs"],"potions_floor_usage":[11,11,16],"damage_taken":[{"damage":0,"enemies":"2 Louse","floor":1,"turns":3},{"damage":10,"enemies":"Small Slimes","floor":2,"turns":4},{"damage":4,"enemies":"Jaw Worm","floor":7,"turns":3},{"damage":20,"enemies":"3 Sentries","floor":11,"turns":6},{"damage":0,"enemies":"Large Slime","floor":14,"turns":5},{"damage":51,"enemies":"The Guardian","floor":16,"turns":15},{"damage":44,"enemies":"2 Thieves","floor":18,"turns":4},{"damage":7,"enemies":"Chosen","floor":19,"turns":3},{"damage":32,"enemies":"Book of Stabbing","floor":23,"turns":2}],"seed_played":"5706180912516838731","potions_obtained":[{"floor":2,"key":"Explosive Potion"},{"floor":7,"key":"Explosive Potion"},{"floor":11,"key":"SpeedPotion"}],"is_trial":false,"path_per_floor":["M","M","?","?","$","R","M","R","T","R","?","$","R","M","R","B",null,"M","M","?","?","?","E"],"character_chosen":"IRONCLAD","items_purchased":["Apotheosis"],"campfire_rested":0,"item_purchase_floors":[5],"current_hp_per_floor":[72,68,68,73,73,73,75,75,75,75,61,61,61,67,67,22,63,25,24,10,10,10,0],"gold":157,"neow_bonus":"REMOVE_TWO","is_prod":false,"is_daily":false,"chose_seed":false,"campfire_upgraded":4,"win_rate":0,"timestamp":1555391210,"path_taken":["M","M","?","?","$","R","M","R","T","R","?","?","R","M","R","BOSS","M","M","?","?","?","E"],"build_version":"2019-01-23","purchased_purges":2,"victory":false,"max_hp_per_floor":[72,72,72,77,77,77,77,77,77,77,77,77,77,77,77,77,77,77,77,82,82,82,82],"card_choices":[{"not_picked":["Anger","Warcry"],"picked":"Sword Boomerang","floor":1},{"not_picked":["Perfected Strike","Clash"],"picked":"Twin Strike","floor":2},{"not_picked":["Sword Boomerang","Hemokinesis"],"picked":"Fiend Fire","floor":7},{"not_picked":["Dropkick","Pummel"],"picked":"Whirlwind","floor":11},{"not_picked":["Burning Pact","Combust","Fire Breathing"],"picked":"SKIP","floor":14},{"not_picked":["Brutality","Exhume"],"picked":"Limit Break","floor":16},{"not_picked":["Sword Boomerang+1","Armaments"],"picked":"Spot Weakness","floor":18},{"not_picked":["True Grit","Dropkick","Reckless Charge"],"picked":"SKIP","floor":19}],"player_experience":273866,"relics_obtained":[{"floor":9,"key":"Calipers"},{"floor":11,"key":"Ancient Tea Set"}],"event_choices":[{"damage_healed":0,"gold_gain":175,"player_choice":"AGREE","damage_taken":0,"max_hp_gain":0,"max_hp_loss":0,"event_name":"Liars Game","floor":3,"gold_loss":0,"cards_obtained":["Doubt"]},{"damage_healed":0,"gold_gain":0,"player_choice":"Donut","damage_taken":0,"max_hp_gain":5,"max_hp_loss":0,"event_name":"Big Fish","floor":4,"gold_loss":0},{"damage_healed":0,"gold_gain":30,"player_choice":"Searched \u00272\u0027 times","damage_taken":0,"max_hp_gain":0,"max_hp_loss":0,"event_name":"Dead Adventurer","floor":11,"gold_loss":0},{"damage_healed":0,"gold_gain":0,"player_choice":"Shed Blood","damage_taken":19,"max_hp_gain":5,"max_hp_loss":0,"event_name":"Forgotten Altar","floor":20,"gold_loss":0},{"damage_healed":0,"gold_gain":0,"player_choice":"Ignored","damage_taken":0,"max_hp_gain":0,"max_hp_loss":0,"event_name":"Ghosts","floor":21,"gold_loss":0},{"damage_healed":0,"gold_gain":0,"player_choice":"Rummage","damage_taken":0,"relics_obtained":["WarpedTongs"],"max_hp_gain":0,"max_hp_loss":0,"event_name":"Accursed Blacksmith","floor":22,"gold_loss":0,"cards_obtained":["Pain"]}],"is_beta":false,"boss_relics":[{"not_picked":["Tiny House","White Beast Statue"],"picked":"Sozu"}],"items_purged_floors":[5,12],"is_endless":false,"potions_floor_spawned":[2,7,11],"killed_by":"Book of Stabbing","ascension_level":11}