{"gold_per_floor":[117,143,143,24,43,69,69,97,122,122,149,168,193,208,208,283,283,283,283,183,98,98,98,98,98,98,98,98,98,98,98,98,98],"floor_reached":33,"playtime":2171,"items_purged":["Strike_R"],"score":630,"play_id":"c0018cc9-866a-4e07-ae78-f7eb9c7f0c42","local_time":"20190228053217","is_ascension_mode":true,"campfire_choices":[{"data":"Headbutt","floor":7,"key":"SMITH"},{"data":"Clothesline","floor":10,"key":"SMITH"},{"data":"Disarm","floor":15,"key":"SMITH"},{"data":"Fiend Fire","floor":24,"key":"SMITH"},{"data":"Ghostly","floor":29,"key":"SMITH"},{"data":"Feel No Pain","floor":32,"key":"SMITH"}],"neow_cost":"NONE","seed_source_timestamp":2663491469644800,"circlet_count":0,"master_deck":["AscendersBane","Strike_R","Strike_R","Strike_R+1","Strike_R+1","Defend_R","Defend_R","Defend_R","Defend_R","Bash+1","Anger","Feel No Pain+1","Headbutt+1","Clothesline+1","Reaper","Corruption","Disarm+1","Fiend Fire+1","Thunderclap","Flame Barrier","Burning Pact","Ghostly+1","Ghostly","Ghostly","Infernal Blade","Sword Boomerang+1","Shrug It Off","Shrug It Off"],"relics":["Burning Blood","Regal Pillow","Dream Catcher","Boot","Whetstone","Omamori","PreservedInsect","Ectoplasm","Charon\u0027s Ashes","Paper Frog","Molten Egg 2","MawBank","Bag of Marbles","Red Skull"],"potions_floor_usage":[6,11,13,16,18,25,33],"damage_taken":[{"damage":0,"enemies":"Cultist","floor":1,"turns":3},{"damage":7,"enemies":"Small Slimes","floor":5,"turns":4},{"damage":24,"enemies":"Gremlin Nob","floor":6,"turns":4},{"damage":25,"enemies":"3 Sentries","floor":8,"turns":14},{"damage":17,"enemies":"Lagavulin","floor":11,"turns":6},{"damage":4,"enemies":"Jaw Worm","floor":12,"turns":3},{"damage":19,"enemies":"3 Sentries","floor":13,"turns":10},{"damage":12,"enemies":"3 Louse","floor":14,"turns":4},{"damage":17,"enemies":"Hexaghost","floor":16,"turns":11},{"damage":14,"enemies":"Shell Parasite","floor":18,"turns":7},{"damage":32,"enemies":"Colosseum Slavers","floor":19,"turns":5},{"damage":21,"enemies":"Colosseum Nobs","floor":19,"turns":6},{"damage":21,"enemies":"2 Thieves","floor":20,"turns":4},{"damage":11,"enemies":"3 Cultists","floor":23,"turns":4},{"damage":18,"enemies":"Gremlin Leader","floor":25,"turns":5},{"damage":11,"enemies":"Slavers","floor":27,"turns":4},{"damage":18,"enemies":"Snake Plant","floor":28,"turns":4},{"damage":16,"enemies":"Shelled Parasite and Fungi","floor":30,"turns":4},{"damage":2,"enemies":"Centurion and Healer","floor":31,"turns":5},{"damage":35,"enemies":"Collector","floor":33,"turns":8}],"seed_played":"8616045839202261487","potions_obtained":[{"floor":5,"key":"Weak Potion"},{"floor":6,"key":"SteroidPotion"},{"floor":12,"key":"SkillPotion"},{"floor":14,"key":"LiquidBronze"},{"floor":16,"key":"Dexterity Potion"},{"floor":20,"key":"Regen Potion"},{"floor":25,"key":"Energy Potion"},{"floor":28,"key":"Weak Potion"},{"floor":30,"key":"PowerPotion"}],"is_trial":false,"path_per_floor":["M","T","?","$","M","E","R","E","T","R","E","M","E","M","R","B",null,"M","?","M","?","?","M","R","E","T","E","M","R","M","M","R","B"],"character_chosen":"IRONCLAD","items_purchased":["Feel No Pain"],"campfire_rested":0,"item_purchase_floors":[4],"current_hp_per_floor":[74,74,79,79,78,60,60,41,41,41,30,32,34,43,43,37,69,61,36,28,28,28,28,28,40,40,35,35,35,25,31,31,0],"gold":98,"neow_bonus":"UPGRADE_CARD","is_prod":false,"is_daily":false,"chose_seed":false,"campfire_upgraded":6,"win_rate":0,"timestamp":1551331937,"path_taken":["M","?","?","?","M","E","R","E","T","R","E","M","E","M","R","BOSS","M","?","M","?","?","M","R","E","T","E","M","R","M","M","R","BOSS"],"build_version":"2019-01-23","purchased_purges":1,"victory":false,"max_hp_per_floor":[75,75,80,80,80,80,80,80,80,80,80,80,80,80,80,80,80,80,80,80,80,40,40,40,40,40,40,40,40,40,40,40,40],"card_choices":[{"not_picked":["Heavy Blade","Second Wind"],"picked":"Anger","floor":1},{"not_picked":["Ghostly Armor","Body Slam"],"picked":"Headbutt","floor":5},{"not_picked":["Exhume","Clash","Entrench"],"picked":"SKIP","floor":6},{"not_picked":["True Grit","Headbutt"],"picked":"Clothesline","floor":8},{"not_picked":["Whirlwind","Wild Strike"],"picked":"Reaper","floor":11},{"not_picked":["Iron Wave","Dual Wield"],"picked":"Corruption","floor":12},{"not_picked":["Shockwave","Sentinel"],"picked":"Disarm","floor":13},{"not_picked":["Perfected Strike","Heavy Blade","Sword Boomerang"],"picked":"SKIP","floor":14},{"not_picked":["Reaper","Berserk"],"picked":"Fiend Fire","floor":16},{"not_picked":["Twin Strike","Headbutt"],"picked":"Thunderclap","floor":18},{"not_picked":["Combust","Wild Strike"],"picked":"Flame Barrier","floor":19},{"not_picked":["Cleave","Heavy Blade+1"],"picked":"Burning Pact","floor":20},{"not_picked":["Twin Strike+1","Heavy Blade+1","Perfected Strike+1"],"picked":"SKIP","floor":23},{"not_picked":["Heavy Blade+1","Thunderclap+1"],"picked":"Infernal Blade","floor":25},{"not_picked":["Havoc","Warcry"],"picked":"Sword Boomerang+1","floor":27},{"not_picked":["Berserk","Twin Strike+1"],"picked":"Shrug It Off","floor":28},{"not_picked":["Wild Strike+1","Sword Boomerang+1","Heavy Blade+1"],"picked":"SKIP","floor":30},{"not_picked":["Carnage+1","Armaments"],"picked":"Shrug It Off","floor":31}],"player_experience":2202268,"relics_obtained":[{"floor":2,"key":"Regal Pillow"},{"floor":6,"key":"Dream Catcher"},{"floor":8,"key":"Boot"},{"floor":9,"key":"Whetstone"},{"floor":11,"key":"Omamori"},{"floor":13,"key":"PreservedInsect"},{"floor":19,"key":"Charon\u0027s Ashes"},{"floor":19,"key":"Paper Frog"},{"floor":25,"key":"MawBank"},{"floor":26,"key":"Bag of Marbles"},{"floor":27,"key":"Red Skull"}],"event_choices":[{"damage_healed":0,"gold_gain":0,"player_choice":"Donut","damage_taken":0,"max_hp_gain":5,"max_hp_loss":0,"event_name":"Big Fish","floor":3,"gold_loss":0},{"damage_healed":0,"gold_gain":0,"player_choice":"Fight","damage_taken":0,"max_hp_gain":0,"max_hp_loss":0,"event_name":"Colosseum","floor":19,"gold_loss":0},{"damage_healed":0,"gold_gain":0,"player_choice":"Fought Nobs","damage_taken":0,"max_hp_gain":0,"max_hp_loss":0,"event_name":"Colosseum","floor":19,"gold_loss":0},{"damage_healed":0,"gold_gain":0,"player_choice":"Obtained Relic","damage_taken":0,"relics_obtained":["Molten Egg 2"],"max_hp_gain":0,"max_hp_loss":0,"event_name":"Addict","floor":21,"gold_loss":85},{"damage_healed":0,"gold_gain":0,"player_choice":"Became a Ghost","damage_taken":0,"max_hp_gain":0,"max_hp_loss":40,"event_name":"Ghosts","floor":22,"gold_loss":0,"cards_obtained":["Ghostly","Ghostly","Ghostly"]}],"is_beta":false,"boss_relics":[{"not_picked":["Philosopher\u0027s Stone","Mark of Pain"],"picked":"Ectoplasm"}],"items_purged_floors":[4],"is_endless":false,"potions_floor_spawned":[5,6,12,14,16,19,20,25,28,30],"killed_by":"Collector","ascension_level":20}