{"gold_per_floor":[112,129,129,62,75,75,102,102,129,129,159,159,159,169,262,365,365,384,403,14,90,121,174,201,213,250,282,294,37,37,72,72,195,195,210,110,110,130,59,93,93,127,127,127,140,155,169,182,182,182,182,182,6,41,41],"floor_reached":56,"playtime":5561,"items_purged":["ReplayTheSpireMod:Splinters","Voices"],"score":1752,"play_id":"6fc06faf-e691-48f9-b6c3-dab3351120f1","local_time":"20190306231058","is_ascension_mode":true,"campfire_choices":[{"data":"Time Bomb","floor":6.0,"key":"SMITH"},{"data":"Dualcast","floor":8.0,"key":"SMITH"},{"data":"Conserve Battery","floor":13.0,"key":"SMITH"},{"data":"ReplayTheSpireMod:Necrogeddon","floor":25.0,"key":"SMITH"},{"data":"ReplaySort","floor":28.0,"key":"SMITH"},{"data":"ReplayTheSpireMod:Omega Cannon","floor":32.0,"key":"SMITH"},{"data":"FIFO Queue","floor":41.0,"key":"SMITH"},{"floor":49.0,"key":"RECALL"},{"data":"Buffer","floor":52.0,"key":"SMITH"}],"neow_cost":"TEN_PERCENT_HP_LOSS","seed_source_timestamp":0,"circlet_count":0,"master_deck":["Strike_B","Defend_B","Defend_B","Zap","Dualcast+1","Time Bomb+1","Cold Snap","Glacier","Conserve Battery+1","Compile Driver","Skim","Streamline","ReplayTheSpireMod:Omega Cannon+1","ReplaySort+1","Rebound","ReplayTheSpireMod:Brewmster","ReplayTheSpireMod:Necrogeddon+1","Aggregate","Recycle+1","Crystallizer+1","Coolheaded","Voices","Electrodynamics","Buffer+1","Seek","Clumsy","Stack+1","FIFO Queue+1","Biased Cognition","Delirium","BasicCrystalCard+1","Coolheaded+1","ReplayUltimateDefense","All For One+1","Hallucinations","ReplaySolidLightProjector+1"],"special_seed":0,"relics":["Cracked Core","PreservedInsect","Pet Ghost","Centennial Puzzle","Ring of Peace","ReplayTheSpireMod:Ring of Collecting","Tiny Chest","Coffee Dripper","ReplayTheSpireMod:ShopPack","ReplayTheSpireMod:Lightbulb","Ancient Tea Set","Ring of Greed","MawBank","Golden Idol","Anchor","Potion Belt","Ring of Panic","ReplayFunnel","Blue Doll","Art of War","Busted Crown","Replay:Rubber Ducky","Shuriken","Orichalcum","Vajra"],"potions_floor_usage":[54,54,55,55,55,55,55,55,55,55,55,55,55,55,55],"damage_taken":[{"damage":0.0,"enemies":"2 Louse","floor":1.0,"turns":2.0},{"damage":6.0,"enemies":"Jaw Worm","floor":2.0,"turns":6.0},{"damage":0.0,"enemies":"Cultist","floor":5.0,"turns":4.0},{"damage":6.0,"enemies":"Lagavulin","floor":7.0,"turns":6.0},{"damage":2.0,"enemies":"3 Sentries","floor":11.0,"turns":4.0},{"damage":0.0,"enemies":"Red Slaver","floor":14.0,"turns":3.0},{"damage":22.0,"enemies":"Fading Forest","floor":16.0,"turns":11.0},{"damage":0.0,"enemies":"Shell Parasite","floor":18.0,"turns":3.0},{"damage":0.0,"enemies":"Chosen","floor":19.0,"turns":5.0},{"damage":0.0,"enemies":"Snecko","floor":22.0,"turns":4.0},{"damage":0.0,"enemies":"Book of Stabbing","floor":23.0,"turns":5.0},{"damage":0.0,"enemies":"Centurion and Healer","floor":24.0,"turns":6.0},{"damage":0.0,"enemies":"Cultist and Chosen","floor":27.0,"turns":6.0},{"damage":0.0,"enemies":"Slavers","floor":31.0,"turns":3.0},{"damage":0.0,"enemies":"Automaton","floor":33.0,"turns":7.0},{"damage":0.0,"enemies":"Orb Walker","floor":35.0,"turns":3.0},{"damage":0.0,"enemies":"3 Shapes","floor":38.0,"turns":1.0},{"damage":0.0,"enemies":"Nemesis","floor":40.0,"turns":9.0},{"damage":0.0,"enemies":"Reptomancer","floor":42.0,"turns":5.0},{"damage":0.0,"enemies":"R_Hoarder","floor":44.0,"turns":7.0},{"damage":0.0,"enemies":"3 Darklings","floor":45.0,"turns":3.0},{"damage":0.0,"enemies":"Maw","floor":46.0,"turns":7.0},{"damage":0.0,"enemies":"Sphere and 2 Shapes","floor":47.0,"turns":4.0},{"damage":0.0,"enemies":"3 Darklings","floor":48.0,"turns":2.0},{"damage":0.0,"enemies":"Awakened One","floor":50.0,"turns":12.0},{"damage":0,"enemies":"Shield and Spear","floor":54,"turns":4},{"damage":0,"enemies":"The Heart","floor":55,"turns":10}],"seed_played":"1525427709252598135","potions_obtained":[{"floor":1.0,"key":"SteroidPotion"},{"floor":5.0,"key":"SteroidPotion"},{"floor":15.0,"key":"SneckoOil"},{"floor":23.0,"key":"Strength Potion"},{"floor":24.0,"key":"EssenceOfSteel"},{"floor":27.0,"key":"SkillPotion"},{"floor":44.0,"key":"LiquidBronze"},{"floor":45.0,"key":"Block Potion"}],"is_trial":false,"path_per_floor":["M","M","?","$","M","R","E","R","T","?","E","?","R","M","R","B",null,"M","M","$","T","M","E","M","R","T","M","R","$","?","E","R","B",null,"M","$","?","M","$","E","R","E","T","E","M","M","M","M","R","B",null,"R","$","E","B",null],"character_chosen":"DEFECT","items_purchased":["Glacier","ReplayTheSpireMod:ShopPack","ReplayTheSpireMod:Lightbulb","Aggregate","ReplayFunnel","Coolheaded","FIFO Queue","ReplayUltimateDefense","All For One+1"],"campfire_rested":0,"item_purchase_floors":[4,20,20,20,29,29,39,53,53],"current_hp_per_floor":[68,62,55,55,55,55,49,49,49,49,47,47,47,47,47,35,68,68,68,68,68,68,68,68,68,68,68,68,68,68,68,68,68,68,68,68,68,68,68,68,68,68,68,68,68,68,68,68,68,68,68,68,68,68,68],"gold":41,"neow_bonus":"REMOVE_TWO","is_prod":false,"is_daily":false,"chose_seed":false,"campfire_upgraded":8,"win_rate":0,"timestamp":1551885058,"path_taken":["M","M","?","$","M","R","E","R","T","?","E","?","R","M","R","BOSS","M","M","$","?","M","E","M","R","T","M","R","$","?","E","R","BOSS","M","$","?","?","$","E","R","E","T","E","M","M","M","M","R","BOSS","R","$","E","BOSS"],"build_version":"2019-01-23","purchased_purges":2,"victory":true,"max_hp_per_floor":[68,68,68,68,68,68,68,68,68,68,68,68,68,68,68,68,68,68,68,68,68,68,68,68,68,68,68,68,68,68,68,68,68,68,68,68,68,68,68,68,68,68,68,68,68,68,68,68,68,68,68,68,68,68,68],"card_choices":[{"not_picked":["Undo","Heatsinks"],"picked":"Time Bomb","floor":1.0},{"not_picked":["Force Field","Go for the Eyes"],"picked":"Cold Snap","floor":2.0},{"not_picked":["Stack","Streamline","Leap"],"picked":"SKIP","floor":5.0},{"not_picked":["Stack","Streamline","Leap"],"picked":"SKIP","floor":5.0},{"not_picked":["Genetic Algorithm","BootSequence"],"picked":"Conserve Battery","floor":7.0},{"not_picked":["Blizzard","Leap"],"picked":"Skim","floor":11.0},{"not_picked":["Consume","Hello World","Leap"],"picked":"SKIP","floor":14.0},{"not_picked":["Melter","Undo"],"picked":"Streamline","floor":15.0},{"not_picked":["Reboot","All For One"],"picked":"ReplayTheSpireMod:Omega Cannon","floor":16.0},{"not_picked":["Turbo","Streamline"],"picked":"ReplaySort","floor":18.0},{"not_picked":["Genetic Algorithm","Beam Cell"],"picked":"Rebound","floor":19.0},{"not_picked":["Secret Technique","The Bomb"],"picked":"ReplayTheSpireMod:Brewmster","floor":20.0},{"not_picked":["Blind","Swift Strike"],"picked":"ReplayTheSpireMod:Necrogeddon","floor":20.0},{"not_picked":["Ball Lightning","Blizzard","Sunder"],"picked":"SKIP","floor":22.0},{"not_picked":["Stack","All For One"],"picked":"Recycle+1","floor":23.0},{"not_picked":["Sweeping Beam","Barrage"],"picked":"Crystallizer+1","floor":24.0},{"not_picked":["Sweeping Beam+1","Streamline","Ball Lightning+1"],"picked":"SKIP","floor":27.0},{"not_picked":["Sweeping Beam+1","Streamline","Ball Lightning+1"],"picked":"SKIP","floor":27.0},{"not_picked":["Core Surge","Coolheaded"],"picked":"Electrodynamics","floor":31.0},{"not_picked":["Hyperbeam","Amplify"],"picked":"Buffer","floor":33.0},{"not_picked":["Go for the Eyes+1"],"picked":"SKIP","floor":35.0},{"not_picked":[],"picked":"Stack+1","floor":38.0},{"not_picked":["Leap+1"],"picked":"SKIP","floor":40.0},{"not_picked":[],"picked":"Biased Cognition","floor":42.0},{"not_picked":["Steam+1"],"picked":"SKIP","floor":44.0},{"not_picked":[],"picked":"BasicCrystalCard+1","floor":45.0},{"not_picked":["Streamline"],"picked":"SKIP","floor":46.0},{"not_picked":["Beam Cell+1"],"picked":"SKIP","floor":47.0},{"not_picked":[],"picked":"Coolheaded+1","floor":48.0},{"not_picked":[],"picked":"ReplaySolidLightProjector+1","floor":54}],"player_experience":2744148,"relics_obtained":[{"floor":7.0,"key":"PreservedInsect"},{"floor":9.0,"key":"Pet Ghost"},{"floor":11.0,"key":"Centennial Puzzle"},{"floor":12.0,"key":"Ring of Peace"},{"floor":12.0,"key":"ReplayTheSpireMod:Ring of Collecting"},{"floor":15.0,"key":"Tiny Chest"},{"floor":21.0,"key":"Ancient Tea Set"},{"floor":21.0,"key":"Ring of Greed"},{"floor":21.0,"key":"MawBank"},{"floor":21.0,"key":"Golden Idol"},{"floor":23.0,"key":"Anchor"},{"floor":26.0,"key":"Potion Belt"},{"floor":26.0,"key":"Ring of Panic"},{"floor":31.0,"key":"Art of War"},{"floor":40.0,"key":"Replay:Rubber Ducky"},{"floor":42.0,"key":"Shuriken"},{"floor":44.0,"key":"Orichalcum"},{"floor":54,"key":"Vajra"}],"event_choices":[{"cards_removed":["Strike_B"],"damage_healed":0.0,"max_hp_gain":0.0,"max_hp_loss":0.0,"gold_gain":0.0,"event_name":"Golden Wing","player_choice":"Card Removal","floor":3.0,"gold_loss":0.0,"damage_taken":7.0},{"damage_healed":0.0,"max_hp_gain":0.0,"max_hp_loss":0.0,"gold_gain":0.0,"cards_transformed":["Defend_B"],"event_name":"Living Wall","player_choice":"Change","floor":10.0,"gold_loss":0.0,"damage_taken":0.0,"cards_obtained":["Compile Driver"]},{"damage_healed":0.0,"max_hp_gain":0.0,"max_hp_loss":0.0,"gold_gain":0.0,"cards_transformed":["Strike_B"],"event_name":"Transmorgrifier","player_choice":"Transformed","floor":37.0,"gold_loss":0.0,"damage_taken":0.0,"cards_obtained":["Seek"]}],"is_beta":false,"boss_relics":[{"not_picked":["Eternal Feather","Kintsugi"],"picked":"Coffee Dripper"},{"not_picked":["Tiny House","ReplayTheSpireMod:DimensionalGlitch"],"picked":"Busted Crown"}],"items_purged_floors":[29,36],"is_endless":false,"potions_floor_spawned":[1,5,19,23,24,27,31,44,45,47,48],"ascension_level":1}