{"gold_per_floor":[116,133,133,145,145,170,184,184,184,184,195,195,206,221,221,321,321,332,349,349,362,4,37,37,37,37,37,37,37,55,155,155,252,252,267,69,69,79,79,79,99,99,99,49,69,69,80,80,80,80],"floor_reached":50,"playtime":7075,"items_purged":[],"score":512,"play_id":"a91e537c-1fcd-4ca4-ae14-cec064ac36b5","local_time":"20190508004554","is_ascension_mode":false,"campfire_choices":[{"data":"Capacitor","floor":8,"key":"SMITH"},{"data":"Reinforced Body","floor":10,"key":"SMITH"},{"floor":15,"key":"REST"},{"floor":25,"key":"DIG"},{"floor":27,"key":"DIG"},{"floor":29,"key":"DIG"},{"floor":32,"key":"REST"},{"floor":40,"key":"DIG"},{"floor":42,"key":"DIG"},{"floor":46,"key":"DIG"},{"floor":49,"key":"REST"}],"neow_cost":"NONE","seed_source_timestamp":113988615119692,"circlet_count":0,"master_deck":["Strike_B","Strike_B","Strike_B","Strike_B","Defend_B","Defend_B","Defend_B","Defend_B","Zap","Dualcast","Chill+1","Genetic Algorithm+1","Ball Lightning","Capacitor+1","Reinforced Body+1","Doom and Gloom+1","Coolheaded+1","Streamline+1","All For One+1","Scrape+1","Go for the Eyes+1","Cold Snap+1","Dark Shackles","Rip and Tear+1","Compile Driver+1","Steam","Seek","Compile Driver+1","Genetic Algorithm+1","Panache","Dramatic Entrance+1","Trip","Leap+1","Madness","Madness","Hologram+1","Gash+1","Compile Driver+1","Compile Driver+1","Barrage+1"],"relics":["FrozenCore","Boot","Molten Egg 2","Philosopher\u0027s Stone","Bottled Tornado","Lee\u0027s Waffle","Shovel","Shuriken","Mummified Hand","Unceasing Top","Bronze Scales","DollysMirror","Dodecahedron","Frozen Egg 2","Prayer Wheel","Oddly Smooth Stone"],"potions_floor_usage":[16,21,21,23,30,35,41,45,50],"damage_taken":[{"damage":0,"enemies":"Small Slimes","floor":1,"turns":2},{"damage":0,"enemies":"Cultist","floor":2,"turns":4},{"damage":5,"enemies":"Jaw Worm","floor":4,"turns":4},{"damage":20,"enemies":"3 Sentries","floor":6,"turns":8},{"damage":0,"enemies":"Lots of Slimes","floor":7,"turns":5},{"damage":1,"enemies":"Red Slaver","floor":11,"turns":3},{"damage":2,"enemies":"3 Louse","floor":13,"turns":4},{"damage":0,"enemies":"Large Slime","floor":14,"turns":7},{"damage":19,"enemies":"The Guardian","floor":16,"turns":9},{"damage":4,"enemies":"Shell Parasite","floor":18,"turns":7},{"damage":0,"enemies":"Spheric Guardian","floor":19,"turns":4},{"damage":12,"enemies":"Chosen and Byrds","floor":21,"turns":5},{"damage":28,"enemies":"Slavers","floor":23,"turns":6},{"damage":11,"enemies":"Shelled Parasite and Fungi","floor":30,"turns":4},{"damage":27,"enemies":"Champ","floor":33,"turns":10},{"damage":10,"enemies":"3 Shapes","floor":35,"turns":5},{"damage":0,"enemies":"3 Darklings","floor":38,"turns":3},{"damage":0,"enemies":"Transient","floor":41,"turns":5},{"damage":3,"enemies":"Sphere and 2 Shapes","floor":45,"turns":4},{"damage":3,"enemies":"Jaw Worm Horde","floor":47,"turns":4},{"damage":83,"enemies":"Donu and Deca","floor":50,"turns":8}],"seed_played":"3810899816290945878","potions_obtained":[{"floor":2,"key":"Strength Potion"},{"floor":4,"key":"Energy Potion"},{"floor":11,"key":"LiquidBronze"},{"floor":14,"key":"PowerPotion"},{"floor":16,"key":"Block Potion"},{"floor":19,"key":"SpeedPotion"},{"floor":23,"key":"AttackPotion"},{"floor":30,"key":"Fire Potion"},{"floor":38,"key":"FocusPotion"},{"floor":41,"key":"Explosive Potion"},{"floor":45,"key":"SpeedPotion"}],"is_trial":false,"path_per_floor":["M","M","?","M","?","E","M","R","T","R","M","?","M","M","R","B",null,"M","M","T","M","$","E","?","R","T","R","?","R","M","?","R","B",null,"M","$","?","M","?","R","M","R","T","$","M","R","M","?","R","B"],"character_chosen":"DEFECT","items_purchased":["Dark Shackles","Lee\u0027s Waffle","Rip and Tear+1","DollysMirror","Gash+1"],"campfire_rested":3,"item_purchase_floors":[22,22,22,36,44],"current_hp_per_floor":[82,82,82,77,77,57,57,57,57,57,56,56,54,54,78,59,82,78,78,78,66,89,61,61,61,61,61,61,61,50,50,76,49,89,79,79,69,69,58,58,58,58,58,58,55,55,52,52,78,0],"gold":80,"neow_bonus":"TEN_PERCENT_HP_BONUS","is_prod":false,"is_daily":false,"chose_seed":false,"campfire_upgraded":2,"win_rate":0.0,"timestamp":1557243954,"path_taken":["M","M","?","M","?","E","?","R","T","R","?","?","M","?","R","BOSS","M","M","?","M","$","E","?","R","T","R","?","R","?","?","R","BOSS","M","$","?","M","?","R","M","R","T","$","M","R","M","?","R","BOSS"],"build_version":"2019-01-23","purchased_purges":0,"victory":false,"max_hp_per_floor":[82,82,82,82,82,82,82,82,82,82,82,82,82,82,82,82,82,82,82,82,82,89,89,89,89,89,89,89,89,89,89,89,89,89,89,89,89,89,89,89,89,89,89,89,89,89,89,89,89,89],"card_choices":[{"not_picked":["Steam","Compile Driver"],"picked":"Chill","floor":1},{"not_picked":["Beam Cell","Streamline"],"picked":"Genetic Algorithm","floor":2},{"not_picked":["Go for the Eyes","Gash"],"picked":"Ball Lightning","floor":4},{"not_picked":["Static Discharge","Beam Cell"],"picked":"Capacitor","floor":6},{"not_picked":["Steam","Stack"],"picked":"Reinforced Body","floor":7},{"not_picked":["Redo","Consume"],"picked":"Doom and Gloom+1","floor":11},{"not_picked":["Multi-Cast","Static Discharge"],"picked":"Coolheaded","floor":13},{"not_picked":["Hello World","Leap"],"picked":"Streamline+1","floor":14},{"not_picked":["Buffer","Creative AI"],"picked":"All For One+1","floor":16},{"not_picked":["Hologram","Static Discharge+1"],"picked":"Scrape+1","floor":18},{"not_picked":["Hello World","Ball Lightning+1"],"picked":"Go for the Eyes+1","floor":19},{"not_picked":["Ball Lightning+1","Sweeping Beam+1"],"picked":"Cold Snap+1","floor":21},{"not_picked":["Blizzard+1","White Noise"],"picked":"Compile Driver+1","floor":23},{"not_picked":["Redo","Glacier"],"picked":"Steam","floor":30},{"not_picked":["Thunder Strike+1","Biased Cognition"],"picked":"Seek","floor":33},{"not_picked":["Static Discharge","Cold Snap+1"],"picked":"Compile Driver+1","floor":35},{"not_picked":["Dramatic Entrance+1","Blind"],"picked":"Panache","floor":37},{"not_picked":["Magnetism","Bandage Up"],"picked":"Dramatic Entrance+1","floor":37},{"not_picked":["Apotheosis","Impatience"],"picked":"Trip","floor":37},{"not_picked":["Lockon+1","Stack+1"],"picked":"Leap+1","floor":38},{"not_picked":["Stack+1","Aggregate"],"picked":"Hologram+1","floor":41},{"not_picked":["Reinforced Body","Lockon+1"],"picked":"Compile Driver+1","floor":45},{"not_picked":["Steam+1","Coolheaded+1"],"picked":"Compile Driver+1","floor":45},{"not_picked":["Consume","Coolheaded"],"picked":"Steam","floor":47},{"not_picked":["Streamline+1","Stack+1"],"picked":"Barrage+1","floor":47}],"player_experience":79790,"relics_obtained":[{"floor":6,"key":"Boot"},{"floor":9,"key":"Molten Egg 2"},{"floor":20,"key":"Bottled Tornado"},{"floor":23,"key":"Shovel"},{"floor":25,"key":"Shuriken"},{"floor":26,"key":"Mummified Hand"},{"floor":27,"key":"Unceasing Top"},{"floor":29,"key":"Bronze Scales"},{"floor":40,"key":"Dodecahedron"},{"floor":42,"key":"Frozen Egg 2"},{"floor":43,"key":"Prayer Wheel"},{"floor":46,"key":"Oddly Smooth Stone"}],"event_choices":[{"damage_healed":0,"gold_gain":0,"player_choice":"Grow","damage_taken":0,"max_hp_gain":0,"max_hp_loss":0,"event_name":"Living Wall","floor":3,"gold_loss":0,"cards_upgraded":["Genetic Algorithm"]},{"damage_healed":0,"gold_gain":0,"player_choice":"Forge","damage_taken":0,"max_hp_gain":0,"max_hp_loss":0,"event_name":"Accursed Blacksmith","floor":5,"gold_loss":0,"cards_upgraded":["Chill"]},{"damage_healed":0,"gold_gain":0,"player_choice":"Bought 0 Potions","damage_taken":0,"max_hp_gain":0,"max_hp_loss":0,"event_name":"The Woman in Blue","floor":12,"gold_loss":0},{"damage_healed":0,"gold_gain":0,"player_choice":"Ignored","damage_taken":0,"max_hp_gain":0,"max_hp_loss":0,"event_name":"Ghosts","floor":24,"gold_loss":0},{"damage_healed":0,"gold_gain":0,"player_choice":"Upgraded","damage_taken":0,"max_hp_gain":0,"max_hp_loss":0,"event_name":"Upgrade Shrine","floor":28,"gold_loss":0,"cards_upgraded":["Coolheaded"]},{"damage_healed":0,"gold_gain":100,"player_choice":"Pray","damage_taken":0,"max_hp_gain":0,"max_hp_loss":0,"event_name":"Golden Shrine","floor":31,"gold_loss":0},{"damage_healed":0,"gold_gain":0,"player_choice":"Memory 3","damage_taken":10,"max_hp_gain":0,"max_hp_loss":0,"event_name":"SensoryStone","floor":37,"gold_loss":0},{"damage_healed":0,"gold_gain":0,"player_choice":"Embrace Madness","damage_taken":11,"max_hp_gain":0,"max_hp_loss":0,"event_name":"Winding Halls","floor":39,"gold_loss":0,"cards_obtained":["Madness","Madness"]},{"cards_removed":["Steam"],"damage_healed":0,"gold_gain":0,"player_choice":"Removed Skill","damage_taken":0,"max_hp_gain":0,"max_hp_loss":0,"event_name":"Falling","floor":48,"gold_loss":0}],"is_beta":false,"boss_relics":[{"not_picked":["Busted Crown","Velvet Choker"],"picked":"Philosopher\u0027s Stone"},{"not_picked":["Inserter","Snecko Eye"],"picked":"FrozenCore"}],"items_purged_floors":[],"is_endless":false,"potions_floor_spawned":[2,4,11,14,16,19,23,30,38,41,45],"killed_by":"Donu and Deca","ascension_level":0}