{"gold_per_floor":[110,127,52,52,66,66,78,78,78,78,78,104,123,149,149,226,226,245,245,229,129,142,176,176,196,196,231,245,259,96,106,106,180,180,192,206,224,237,248,248,280,130,130,180,180,197,223,73,73,73],"floor_reached":51,"playtime":4431,"items_purged":["Strike_G","Strike_G","Defend_G","Quick Slash"],"score":1401,"play_id":"6e386884-2807-4ed3-883d-a87eceb472b1","local_time":"20180722171657","is_ascension_mode":true,"campfire_choices":[{"data":"Neutralize","floor":6.0,"key":"SMITH"},{"data":"Backstab","floor":8.0,"key":"SMITH"},{"data":"Defend_G","floor":11.0,"key":"SMITH"},{"data":"A Thousand Cuts","floor":15.0,"key":"SMITH"},{"floor":24,"key":"REST"},{"floor":32,"key":"REST"},{"floor":40,"key":"REST"},{"data":"1","floor":49,"key":"LIFT"}],"neow_cost":"","seed_source_timestamp":0,"circlet_count":0,"master_deck":["Survivor+1","Neutralize+1","AscendersBane","Slice","Quick Slash","Backstab+1","A Thousand Cuts+1","Caltrops","Doppelganger+1","Cloak And Dagger+1","Backflip+1","Escape Plan+1","Acrobatics+1","Cloak And Dagger+1","Cloak And Dagger+1","Blur+1","Adrenaline+1","Poisoned Stab","Bane","Escape Plan+1","Escape Plan+1","Backflip+1","Quick Slash","Cloak And Dagger+1","Backflip+1","Terror+1","Footwork+1","Adrenaline+1"],"special_seed":0,"relics":["Ring of the Snake","Ornamental Fan","Question Card","Toxic Egg 2","Busted Crown","Bottled Lightning","Bottled Tornado","Snake Skull","Pandora\u0027s Box","Calipers","Bag of Marbles","Girya"],"potions_floor_usage":[23,27,33,47,50,50,50],"damage_taken":[{"damage":9.0,"enemies":"2 Louse","floor":1.0,"turns":3.0},{"damage":2.0,"enemies":"Small Slimes","floor":2.0,"turns":4.0},{"damage":0.0,"enemies":"Cultist","floor":5.0,"turns":4.0},{"damage":0.0,"enemies":"Looter","floor":7.0,"turns":3.0},{"damage":4.0,"enemies":"3 Sentries","floor":12.0,"turns":9.0},{"damage":0.0,"enemies":"3 Louse","floor":13.0,"turns":3.0},{"damage":10.0,"enemies":"Gremlin Nob","floor":14.0,"turns":4.0},{"damage":43.0,"enemies":"Hexaghost","floor":16.0,"turns":11.0},{"damage":0.0,"enemies":"3 Byrds","floor":18.0,"turns":3.0},{"damage":0.0,"enemies":"2 Thieves","floor":20.0,"turns":4.0},{"damage":7,"enemies":"Snake Plant","floor":22,"turns":4},{"damage":7,"enemies":"Gremlin Leader","floor":23,"turns":7},{"damage":2,"enemies":"Centurion and Healer","floor":25,"turns":7},{"damage":5,"enemies":"Book of Stabbing","floor":27,"turns":6},{"damage":0,"enemies":"Sentry and Sphere","floor":28,"turns":3},{"damage":17,"enemies":"Slaver and Parasite","floor":29,"turns":4},{"damage":18,"enemies":"Snake Plant","floor":31,"turns":4},{"damage":14,"enemies":"Automaton","floor":33,"turns":9},{"damage":0,"enemies":"3 Shapes","floor":35,"turns":3},{"damage":0,"enemies":"Orb Walker","floor":36,"turns":3},{"damage":2,"enemies":"Maw","floor":37,"turns":6},{"damage":0,"enemies":"Spire Growth","floor":38,"turns":4},{"damage":19,"enemies":"3 Darklings","floor":39,"turns":3},{"damage":5,"enemies":"2 Orb Walkers","floor":41,"turns":4},{"damage":0,"enemies":"Flame Bruiser 2 Orb","floor":46,"turns":2},{"damage":0,"enemies":"Nemesis","floor":47,"turns":5},{"damage":0,"enemies":"Awakened One","floor":50,"turns":12}],"seed_played":"6118623651724947493","potions_obtained":[{"floor":2.0,"key":"Fire Potion"},{"floor":12.0,"key":"Regen Potion"},{"floor":14.0,"key":"AttackPotion"},{"floor":20.0,"key":"Swift Potion"},{"floor":22,"key":"SpeedPotion"},{"floor":25,"key":"Regen Potion"},{"floor":31,"key":"PowerPotion"},{"floor":33,"key":"Explosive Potion"},{"floor":47,"key":"SkillPotion"}],"is_trial":true,"path_per_floor":["M","M","$","?","M","R","M","R","T","?","R","E","M","E","R","B",null,"M","?","M","$","M","E","R","M","T","E","M","M","$","M","R","B",null,"M","M","M","M","M","R","E","$","T","?","?","M","E","$","R","B"],"character_chosen":"THE_SILENT","items_purchased":["Blur+1","Terror+1","Footwork"],"campfire_rested":3,"item_purchase_floors":[30,42,42],"current_hp_per_floor":[50,48,48,48,48,48,48,48,48,48,48,44,44,34,34,6,51,51,51,51,51,44,37,56,54,54,64,64,47,47,29,48,34,58,58,58,56,56,37,56,51,51,51,51,51,51,51,51,51,51],"gold":73,"neow_bonus":"","is_prod":false,"is_daily":false,"chose_seed":false,"campfire_upgraded":4,"win_rate":0,"timestamp":1532305017,"path_taken":["M","M","$","?","M","R","M","R","T","?","R","E","M","E","R","BOSS","M","?","M","$","M","E","R","M","T","E","?","M","?","M","R","BOSS","M","M","M","?","M","R","E","?","T","?","?","?","E","$","R","BOSS"],"build_version":"2018-07-19v2","purchased_purges":4,"victory":true,"max_hp_per_floor":[66,66,66,66,66,66,66,66,66,66,66,66,66,66,66,66,66,66,66,66,66,66,66,66,66,66,66,66,66,66,66,66,66,66,66,66,66,66,66,66,66,66,66,66,66,66,66,66,66,66],"card_choices":[{"not_picked":["Calculated Gamble","Prepared"],"picked":"Slice","floor":1.0},{"not_picked":["Setup","Concentrate"],"picked":"Quick Slash","floor":2.0},{"not_picked":["Poisoned Stab","Slice"],"picked":"Backstab","floor":5.0},{"not_picked":["Prepared","Dagger Throw","Slice"],"picked":"SKIP","floor":7.0},{"not_picked":["Leg Sweep","Infinite Blades"],"picked":"A Thousand Cuts","floor":12.0},{"not_picked":["Flying Knee","Accuracy","Sucker Punch","Slice"],"picked":"SKIP","floor":13.0},{"not_picked":["Flechettes","Corpse Explosion","Accuracy"],"picked":"Caltrops","floor":14.0},{"not_picked":["Phantasmal Killer+1","Venomology+1","Unload"],"picked":"Doppelganger+1","floor":16.0},{"not_picked":["Slice"],"picked":"Cloak And Dagger+1","floor":18.0},{"not_picked":["Bouncing Flask+1","Concentrate+1"],"picked":"SKIP","floor":20.0},{"not_picked":["Slice"],"picked":"Backflip+1","floor":22},{"not_picked":["Outmaneuver+1"],"picked":"Escape Plan+1","floor":23},{"not_picked":["Prepared+1"],"picked":"Acrobatics+1","floor":25},{"not_picked":["Wraith Form v2","Caltrops"],"picked":"SKIP","floor":27},{"not_picked":["Dagger Throw"],"picked":"Cloak And Dagger+1","floor":28},{"not_picked":["Dodge and Roll+1"],"picked":"Cloak And Dagger+1","floor":29},{"not_picked":["Deadly Poison+1","Tactician+1"],"picked":"SKIP","floor":31},{"not_picked":["Night Terror+1"],"picked":"Adrenaline+1","floor":33},{"not_picked":["Deadly Poison+1","Backflip+1"],"picked":"SKIP","floor":35},{"not_picked":["Poisoned Stab+1","Eviscerate"],"picked":"SKIP","floor":36},{"not_picked":["Dodge and Roll+1"],"picked":"Cloak And Dagger+1","floor":37},{"not_picked":["Slice","Underhanded Strike"],"picked":"SKIP","floor":38},{"not_picked":["Eviscerate"],"picked":"Backflip+1","floor":39},{"not_picked":["Deflect+1","Heel Hook"],"picked":"SKIP","floor":41},{"not_picked":["Flechettes+1"],"picked":"Adrenaline+1","floor":46},{"not_picked":["Deadly Poison+1","Concentrate+1"],"picked":"SKIP","floor":47}],"player_experience":850937,"relics_obtained":[{"floor":9.0,"key":"Ornamental Fan"},{"floor":12.0,"key":"Question Card"},{"floor":14.0,"key":"Toxic Egg 2"},{"floor":23,"key":"Bottled Lightning"},{"floor":26,"key":"Bottled Tornado"},{"floor":27,"key":"Snake Skull"},{"floor":41,"key":"Calipers"},{"floor":43,"key":"Bag of Marbles"},{"floor":47,"key":"Girya"}],"event_choices":[{"event_name":"Shining Light","player_choice":"Ignored","floor":4.0,"damage_taken":0.0},{"event_name":"Accursed Blacksmith","player_choice":"Forge","floor":10.0,"damage_taken":0.0},{"event_name":"Drug Dealer","player_choice":"Ignored","floor":19.0,"damage_taken":0.0},{"event_name":"Golden Shrine","player_choice":"Pray","floor":44,"damage_taken":0},{"event_name":"Upgrade Shrine","player_choice":"Upgraded","floor":45,"damage_taken":0}],"is_beta":false,"boss_relics":[{"not_picked":["Astrolabe","Philosopher\u0027s Stone"],"picked":"Busted Crown"},{"not_picked":["Coffee Dripper","Runic Pyramid"],"picked":"Pandora\u0027s Box"}],"items_purged_floors":[3,21,30,48],"is_endless":false,"potions_floor_spawned":[2,12,14,20,22,25,31,33,37,41,47],"ascension_level":15}