{"gold_per_floor":[19,19,37,47,12,12,47,65,65,76,103,60,60,91,91,91],"floor_reached":16,"playtime":500,"items_purged":[],"score":143,"play_id":"de43a297-0c7a-4f3d-ba4d-f446f703b8a7","local_time":"25611123000148","is_ascension_mode":true,"campfire_choices":[{"data":"Streamline","floor":6,"key":"SMITH"},{"floor":13,"key":"REST"},{"floor":15,"key":"REST"}],"neow_cost":"NO_GOLD","seed_source_timestamp":10799568484493,"circlet_count":0,"master_deck":["Strike_B","Strike_B","Strike_B","Strike_B+1","Defend_B","Defend_B","Defend_B","Defend_B","Zap","Dualcast","Thunder Strike+1","Streamline+1","All For One","Rebound","Streamline","Chill","Reinforced Body","Echo Form"],"relics":["Cracked Core","Whetstone","Potion Belt","Odd Mushroom","Singing Bowl"],"potions_floor_usage":[10,11,14,14],"damage_taken":[{"damage":8,"enemies":"2 Louse","floor":1,"turns":4},{"damage":6,"enemies":"Cultist","floor":3,"turns":3},{"damage":6,"enemies":"Jaw Worm","floor":4,"turns":4},{"damage":21,"enemies":"Gremlin Nob","floor":7,"turns":4},{"damage":3,"enemies":"2 Fungi Beasts","floor":8,"turns":3},{"damage":6,"enemies":"Exordium Wildlife","floor":10,"turns":3},{"damage":2,"enemies":"The Mushroom Lair","floor":11,"turns":3},{"damage":12,"enemies":"Lagavulin","floor":14,"turns":5},{"damage":51,"enemies":"The Guardian","floor":16,"turns":8}],"seed_played":"8903698653301264204","potions_obtained":[{"floor":7,"key":"PowerPotion"},{"floor":8,"key":"Energy Potion"},{"floor":10,"key":"GamblersBrew"},{"floor":11,"key":"SneckoOil"}],"is_trial":false,"path_per_floor":["M","?","M","M","$","R","E","M","T","M","?","?","R","E","R","B"],"character_chosen":"DEFECT","items_purchased":["Chill"],"campfire_rested":2,"item_purchase_floors":[5],"current_hp_per_floor":[60,60,54,48,48,48,27,24,24,18,16,16,38,28,51,0],"gold":91,"neow_bonus":"THREE_RARE_CARDS","is_prod":false,"is_daily":false,"chose_seed":false,"campfire_upgraded":1,"win_rate":0,"timestamp":1542906108,"path_taken":["M","?","M","M","$","R","E","?","T","M","?","?","R","E","R","BOSS"],"build_version":"2018-11-15","purchased_purges":0,"victory":false,"max_hp_per_floor":[75,75,75,75,75,75,75,75,75,75,75,75,75,77,77,77],"card_choices":[{"not_picked":["Rainbow","Seek"],"picked":"Thunder Strike","floor":0},{"not_picked":["Beam Cell","Hello World"],"picked":"Streamline","floor":1},{"not_picked":["Coolheaded","Steam Power"],"picked":"Rebound","floor":3},{"not_picked":["Turbo","Barrage"],"picked":"Streamline","floor":4},{"not_picked":["All For One","Beam Cell","Go for the Eyes"],"picked":"SKIP","floor":7},{"not_picked":["Steam","Darkness"],"picked":"Reinforced Body","floor":8},{"not_picked":["Compile Driver","Chill","Cold Snap"],"picked":"SKIP","floor":10},{"not_picked":["Gash","Reprogram"],"picked":"Echo Form","floor":11},{"not_picked":["Rebound","Consume","White Noise"],"picked":"Singing Bowl","floor":14}],"player_experience":165276,"relics_obtained":[{"floor":7,"key":"Whetstone"},{"floor":9,"key":"Potion Belt"},{"floor":11,"key":"Odd Mushroom"},{"floor":14,"key":"Singing Bowl"}],"event_choices":[{"damage_healed":0,"gold_gain":0,"player_choice":"1 cards matched","damage_taken":0,"max_hp_gain":0,"max_hp_loss":0,"event_name":"Match and Keep!","floor":2,"gold_loss":0,"cards_obtained":["All For One"]},{"damage_healed":0,"gold_gain":0,"player_choice":"Fought Mushrooms","damage_taken":0,"max_hp_gain":0,"max_hp_loss":0,"event_name":"Mushrooms","floor":11,"gold_loss":0},{"damage_healed":0,"gold_gain":0,"player_choice":"Left Gold","damage_taken":0,"max_hp_gain":0,"max_hp_loss":0,"event_name":"World of Goop","floor":12,"gold_loss":43}],"is_beta":false,"boss_relics":[],"items_purged_floors":[],"is_endless":false,"potions_floor_spawned":[7,8,10,11],"killed_by":"The Guardian","ascension_level":6}