{"gold_per_floor":[112,112,132,147,158,190,190,216,284,284,295,295,310,326,326,403,403,420,266,278,297,297,297,297],"floor_reached":24,"playtime":1188,"items_purged":[],"score":347,"play_id":"8956ca9f-2d80-4557-bb4d-678d1263dcab","local_time":"25611113203129","is_ascension_mode":true,"campfire_choices":[{"floor":7.0,"key":"REST"},{"data":"Berserk","floor":10.0,"key":"SMITH"},{"floor":12,"key":"REST"},{"floor":15,"key":"REST"},{"floor":23,"key":"REST"}],"neow_cost":"NONE","seed_source_timestamp":11590225037579,"circlet_count":0,"master_deck":["AscendersBane","Strike_R","Strike_R","Strike_R","Strike_R","Strike_R","Defend_R","Defend_R","Defend_R","Defend_R","Bash","Clothesline","Armaments","Berserk+1","Warcry","Corruption","Inflame","Spot Weakness","Battle Trance","Thunderclap","Dark Embrace","Dual Wield","Ghostly Armor"],"special_seed":0,"relics":["Burning Blood","Dream Catcher","Smiling Mask","Champion Belt","Dodecahedron","Sozu","Omamori","NlothsMask"],"potions_floor_usage":[11,16],"damage_taken":[{"damage":0.0,"enemies":"Small Slimes","floor":1.0,"turns":3.0},{"damage":2.0,"enemies":"Cultist","floor":3.0,"turns":4.0},{"damage":0.0,"enemies":"Jaw Worm","floor":4.0,"turns":3.0},{"damage":12.0,"enemies":"Gremlin Gang","floor":5.0,"turns":5.0},{"damage":40.0,"enemies":"Gremlin Nob","floor":6.0,"turns":5.0},{"damage":23.0,"enemies":"Lagavulin","floor":8.0,"turns":7.0},{"damage":18,"enemies":"Exordium Wildlife","floor":11,"turns":8},{"damage":38,"enemies":"Large Slime","floor":13,"turns":7},{"damage":11,"enemies":"2 Fungi Beasts","floor":14,"turns":5},{"damage":50,"enemies":"The Guardian","floor":16,"turns":13},{"damage":7,"enemies":"Chosen","floor":18,"turns":5},{"damage":31,"enemies":"Shell Parasite","floor":20,"turns":6},{"damage":24,"enemies":"Snecko","floor":21,"turns":7},{"damage":50,"enemies":"Cultist and Chosen","floor":24,"turns":6}],"seed_played":"-8661544926618233700","potions_obtained":[{"floor":3.0,"key":"Strength Potion"},{"floor":5.0,"key":"Dexterity Potion"},{"floor":8.0,"key":"Dexterity Potion"},{"floor":14,"key":"Regen Potion"}],"is_trial":false,"path_per_floor":["M","?","M","M","M","E","R","E","T","R","M","R","M","M","R","B",null,"M","$","M","M","?","R","M"],"character_chosen":"IRONCLAD","items_purchased":["Omamori"],"campfire_rested":4,"item_purchase_floors":[19],"current_hp_per_floor":[78,78,80,80,74,40,64,47,47,47,35,59,27,22,46,17,64,63,63,38,20,20,44,0],"gold":297,"neow_bonus":"RANDOM_COMMON_RELIC","is_prod":false,"is_daily":false,"chose_seed":false,"campfire_upgraded":1,"win_rate":0,"timestamp":1542115889,"path_taken":["M","?","M","M","?","E","R","E","T","R","M","R","M","M","R","BOSS","M","$","M","M","?","R","M"],"build_version":"2018-11-08","purchased_purges":0,"victory":false,"max_hp_per_floor":[80,80,80,80,80,80,80,80,80,80,80,80,80,80,80,80,80,80,80,80,80,80,80,80],"card_choices":[{"not_picked":["True Grit","Burning Pact"],"picked":"Clothesline","floor":1.0},{"not_picked":["Anger","Warcry","Perfected Strike"],"picked":"SKIP","floor":3.0},{"not_picked":["Headbutt","Feel No Pain"],"picked":"Berserk","floor":4.0},{"not_picked":["Twin Strike","Anger","Entrench"],"picked":"SKIP","floor":5.0},{"not_picked":["Twin Strike","Sword Boomerang"],"picked":"Warcry","floor":6.0},{"not_picked":["Second Wind","Pommel Strike"],"picked":"Corruption","floor":7.0},{"not_picked":["Iron Wave","Headbutt","Second Wind"],"picked":"SKIP","floor":8.0},{"not_picked":["Searing Blow","Havoc"],"picked":"Inflame","floor":11},{"not_picked":["Cleave","Iron Wave"],"picked":"Spot Weakness","floor":12},{"not_picked":["Corruption","Brutality","Reckless Charge"],"picked":"SKIP","floor":13},{"not_picked":["Ghostly Armor","Havoc"],"picked":"Battle Trance","floor":14},{"not_picked":["Warcry","Blood for Blood"],"picked":"Thunderclap","floor":15},{"not_picked":["Exhume","Brutality"],"picked":"Dark Embrace","floor":16},{"not_picked":["Iron Wave","Cleave"],"picked":"Dual Wield","floor":18},{"not_picked":["Hemokinesis","Iron Wave"],"picked":"Ghostly Armor","floor":20},{"not_picked":["Anger","Wild Strike","Iron Wave"],"picked":"SKIP","floor":21}],"player_experience":121154,"relics_obtained":[{"floor":6.0,"key":"Smiling Mask"},{"floor":8.0,"key":"Champion Belt"},{"floor":9.0,"key":"Dodecahedron"}],"event_choices":[{"damage_healed":0.0,"max_hp_gain":0.0,"max_hp_loss":0.0,"gold_gain":0.0,"event_name":"Match and Keep!","player_choice":"1 cards matched","floor":2.0,"gold_loss":0.0,"damage_taken":0.0,"cards_obtained":["Armaments"]},{"damage_healed":0,"gold_gain":0,"player_choice":"Trade","damage_taken":0,"relics_obtained":["NlothsMask"],"max_hp_gain":0,"max_hp_loss":0,"event_name":"FaceTrader","floor":22,"gold_loss":0}],"is_beta":false,"boss_relics":[{"not_picked":["Tiny House","Pandora\u0027s Box"],"picked":"Sozu"}],"items_purged_floors":[],"is_endless":false,"potions_floor_spawned":[3,5,8,14],"killed_by":"Cultist and Chosen","ascension_level":13}