{"gold_per_floor":[109,184,201,201,201,233,233,244,244,263,289,289,21,36,36,113,113,132,132,147,47,47,75,75,75],"floor_reached":25,"playtime":837,"items_purged":["Strike_G","Strike_G"],"score":608,"play_id":"4944f894-e23b-43f0-86b9-29c2c5307f22","local_time":"20181223222734","is_ascension_mode":true,"campfire_choices":[{"data":"Calculated Gamble","floor":7.0,"key":"SMITH"},{"data":"Tactician","floor":12.0,"key":"SMITH"},{"data":"Choke","floor":15.0,"key":"SMITH"},{"floor":24.0,"key":"REST"}],"neow_cost":"NONE","seed_source_timestamp":5288351098354,"circlet_count":0,"master_deck":["AscendersBane","Defend_G","Defend_G","Defend_G","Defend_G","Defend_G","Strike_G","Strike_G","Strike_G","Survivor","Neutralize","Calculated Gamble+1","Choke+1","Tactician+1","Well Laid Plans","Acrobatics","Prepared","Terror"],"special_seed":0,"relics":["Ring of the Snake","NeowsBlessing","Lantern","Pear","Vajra","Potion Belt","Sundial","Cursed Key","Art of War"],"potions_floor_usage":[],"damage_taken":[{"damage":0.0,"enemies":"2 Louse","floor":1.0,"turns":1.0},{"damage":0.0,"enemies":"Small Slimes","floor":3.0,"turns":1.0},{"damage":0.0,"enemies":"Gremlin Nob","floor":6.0,"turns":1.0},{"damage":4.0,"enemies":"Jaw Worm","floor":8.0,"turns":2.0},{"damage":0.0,"enemies":"Blue Slaver","floor":10.0,"turns":3.0},{"damage":10.0,"enemies":"Lagavulin","floor":11.0,"turns":5.0},{"damage":14.0,"enemies":"Exordium Thugs","floor":14.0,"turns":5.0},{"damage":0.0,"enemies":"Slime Boss","floor":16.0,"turns":5.0},{"damage":1.0,"enemies":"Spheric Guardian","floor":18.0,"turns":3.0},{"damage":1.0,"enemies":"2 Thieves","floor":20.0,"turns":3.0},{"damage":30.0,"enemies":"Gremlin Leader","floor":23.0,"turns":7.0},{"damage":55,"enemies":"Book of Stabbing","floor":25,"turns":5}],"seed_played":"285550135975741125","potions_obtained":[{"floor":6.0,"key":"LiquidBronze"},{"floor":8.0,"key":"SteroidPotion"},{"floor":10.0,"key":"Block Potion"},{"floor":16.0,"key":"Energy Potion"},{"floor":20.0,"key":"Strength Potion"},{"floor":23.0,"key":"Fruit Juice"}],"is_trial":false,"path_per_floor":["M","?","M","?","T","E","R","M","T","M","E","R","$","M","R","B",null,"M","?","M","$","?","E","R","E"],"character_chosen":"THE_SILENT","items_purchased":["Terror","Strength Potion","SkillPotion"],"campfire_rested":1,"item_purchase_floors":[13,13,13],"current_hp_per_floor":[59,48,48,43,53,53,53,49,49,49,39,39,39,25,25,25,63,62,62,61,61,61,36,60,5],"gold":75,"neow_bonus":"THREE_ENEMY_KILL","is_prod":false,"is_daily":false,"chose_seed":false,"campfire_upgraded":3,"win_rate":0,"timestamp":1545575254,"path_taken":["M","?","M","?","?","E","R","M","T","M","E","R","$","M","R","BOSS","M","?","M","$","?","E","R","E"],"build_version":"2018-12-20","purchased_purges":2,"victory":false,"max_hp_per_floor":[66,66,66,66,76,76,76,76,76,76,76,76,76,76,76,76,76,76,76,76,76,76,81,81,81],"card_choices":[{"not_picked":["Dagger Spray","Endless Agony"],"picked":"Calculated Gamble","floor":1.0},{"not_picked":["Backflip","Calculated Gamble"],"picked":"Choke","floor":3.0},{"not_picked":["Blade Dance","Sucker Punch"],"picked":"Tactician","floor":6.0},{"not_picked":["Outmaneuver","Backstab"],"picked":"Well Laid Plans","floor":8.0},{"not_picked":["Catalyst","Choke"],"picked":"Acrobatics","floor":10.0},{"not_picked":["Flying Knee","Eviscerate","Prepared"],"picked":"SKIP","floor":11.0},{"not_picked":["Flying Knee","Eviscerate","Prepared"],"picked":"SKIP","floor":11.0},{"not_picked":["Flying Knee","Eviscerate"],"picked":"Prepared","floor":11.0},{"not_picked":["Outmaneuver","Crippling Poison","Bane"],"picked":"SKIP","floor":14.0},{"not_picked":["Cloak And Dagger","Caltrops","Bouncing Flask"],"picked":"SKIP","floor":18.0},{"not_picked":["Quick Slash","Underhanded Strike","Riddle With Holes"],"picked":"SKIP","floor":20.0},{"not_picked":["Accuracy","Slice","Night Terror"],"picked":"SKIP","floor":23.0}],"player_experience":2414664,"relics_obtained":[{"floor":5.0,"key":"Pear"},{"floor":6.0,"key":"Vajra"},{"floor":9.0,"key":"Potion Belt"},{"floor":11.0,"key":"Sundial"},{"floor":23.0,"key":"Art of War"}],"event_choices":[{"damage_healed":0.0,"max_hp_gain":0.0,"max_hp_loss":0.0,"gold_gain":75.0,"event_name":"World of Goop","player_choice":"Gather Gold","floor":2.0,"gold_loss":0.0,"damage_taken":11.0},{"damage_healed":0.0,"max_hp_gain":0.0,"max_hp_loss":0.0,"gold_gain":0.0,"event_name":"Scrap Ooze","player_choice":"Success","floor":4.0,"gold_loss":0.0,"damage_taken":5.0,"relics_obtained":["Lantern"]},{"damage_healed":0.0,"max_hp_gain":0.0,"max_hp_loss":0.0,"gold_gain":0.0,"event_name":"N\u0027loth","player_choice":"Ignored","floor":19.0,"gold_loss":0.0,"damage_taken":0.0},{"damage_healed":0.0,"max_hp_gain":0.0,"max_hp_loss":0.0,"gold_gain":0.0,"event_name":"Ghosts","player_choice":"Ignored","floor":22.0,"gold_loss":0.0,"damage_taken":0.0}],"is_beta":false,"boss_relics":[{"not_picked":["Sozu","Velvet Choker"],"picked":"Cursed Key"}],"items_purged_floors":[13,21],"is_endless":false,"potions_floor_spawned":[6,8,10,16,20,23],"killed_by":"Book of Stabbing","ascension_level":20}