{"gold_per_floor":[113,113,130,130,43,75,75,88,88,88,58,70,10,10,10,108,108,120,133,151,151,151,177,177,177,177,192,192,192,202,218,218,316,316,336,336,27,47,67,67,67,82,159,5,24,24,40,0,0,0],"floor_reached":51,"playtime":3571,"items_purged":["Strike_B","Strike_B"],"score":760,"play_id":"a53d83f3-b712-465c-b544-8e6af154417f","local_time":"20190411003153","is_ascension_mode":true,"campfire_choices":[{"floor":7.0,"key":"REST"},{"floor":10.0,"key":"REST"},{"data":"Zap","floor":15.0,"key":"SMITH"},{"floor":25,"key":"REST"},{"floor":28,"key":"REST"},{"floor":32,"key":"REST"},{"floor":40,"key":"REST"},{"floor":49,"key":"REST"}],"neow_cost":"NONE","seed_source_timestamp":36673573158113,"circlet_count":0,"master_deck":["Strike_B","Strike_B","Defend_B+1","Defend_B","Defend_B+1","Defend_B+1","Zap+1","Dualcast+1","Defragment","Ball Lightning","Sunder","Capacitor","Defragment","Static Discharge","Core Surge","Sweeping Beam+1","Chill","White Noise","FTL","Ball Lightning","Glacier","Machine Learning","Auto Shields","Mind Blast","Glacier+1","Heatsinks","Doubt","Go for the Eyes+1"],"special_seed":0,"relics":["FrozenCore","War Paint","The Courier","Vajra","Bottled Lightning","Bronze Scales","Sozu","CultistMask","Orichalcum","Mummified Hand","Ice Cream","Bottled Tornado","Toolbox","Red Mask"],"potions_floor_usage":[23,31],"damage_taken":[{"damage":4.0,"enemies":"Small Slimes","floor":1.0,"turns":2.0},{"damage":7.0,"enemies":"Jaw Worm","floor":3.0,"turns":2.0},{"damage":14.0,"enemies":"3 Sentries","floor":6.0,"turns":4.0},{"damage":6.0,"enemies":"Cultist","floor":8.0,"turns":3.0},{"damage":1.0,"enemies":"Red Slaver","floor":12.0,"turns":3.0},{"damage":36.0,"enemies":"Hexaghost","floor":16.0,"turns":8.0},{"damage":4.0,"enemies":"Chosen","floor":18.0,"turns":3.0},{"damage":6.0,"enemies":"Spheric Guardian","floor":19.0,"turns":3.0},{"damage":24.0,"enemies":"Snake Plant","floor":20.0,"turns":4.0},{"damage":19.0,"enemies":"Colosseum Slavers","floor":21.0,"turns":3.0},{"damage":18,"enemies":"Book of Stabbing","floor":23,"turns":4},{"damage":6,"enemies":"3 Cultists","floor":27,"turns":3},{"damage":4,"enemies":"Centurion and Healer","floor":30,"turns":5},{"damage":24,"enemies":"Snake Plant","floor":31,"turns":2},{"damage":23,"enemies":"Collector","floor":33,"turns":12},{"damage":2,"enemies":"Orb Walker","floor":35,"turns":3},{"damage":28,"enemies":"3 Darklings","floor":38,"turns":5},{"damage":0,"enemies":"Sphere and 2 Shapes","floor":39,"turns":5},{"damage":3,"enemies":"Maw","floor":42,"turns":7},{"damage":18,"enemies":"Spire Growth","floor":45,"turns":5},{"damage":15,"enemies":"Transient","floor":47,"turns":5},{"damage":62,"enemies":"Awakened One","floor":50,"turns":19}],"seed_played":"-1395467423684542783","potions_obtained":[{"floor":1.0,"key":"Explosive Potion"},{"floor":6.0,"key":"SkillPotion"},{"floor":11.0,"key":"Swift Potion"},{"floor":11.0,"key":"FairyPotion"}],"is_trial":false,"path_per_floor":["M","?","M","?","$","E","R","M","T","R","?","M","$","T","R","B",null,"M","M","M","?","?","E","$","R","T","M","R","?","M","M","R","B",null,"M","?","$","M","M","R","?","M","T","$","M","?","M","?","R","B",null],"character_chosen":"DEFECT","items_purchased":["Sunder","Capacitor","Ice Cream","Toolbox"],"campfire_rested":7,"item_purchase_floors":[5,5,37,44],"current_hp_per_floor":[71,68,61,46,46,32,54,48,48,70,70,69,69,69,69,33,75,71,65,41,22,22,4,4,26,26,20,42,42,38,14,36,13,75,73,73,73,45,45,67,67,64,64,64,46,75,60,60,75,13],"gold":0,"neow_bonus":"RANDOM_COMMON_RELIC","is_prod":false,"is_daily":false,"chose_seed":false,"campfire_upgraded":1,"win_rate":0,"timestamp":1554939113,"path_taken":["M","?","M","?","$","E","R","M","T","R","?","?","$","?","R","BOSS","M","M","?","?","?","E","$","R","T","?","R","?","M","M","R","BOSS","M","?","$","M","?","R","?","M","T","$","M","?","M","?","R","BOSS"],"build_version":"2019-01-23","purchased_purges":2,"victory":true,"max_hp_per_floor":[75,75,75,75,75,75,75,75,75,75,75,75,75,75,75,75,75,75,75,75,75,75,75,75,75,75,75,75,75,75,75,75,75,75,75,75,75,75,75,75,75,75,75,75,75,75,75,75,75,75],"card_choices":[{"not_picked":["Reprogram","Barrage"],"picked":"Defragment","floor":1.0},{"not_picked":["Barrage","Go for the Eyes"],"picked":"Ball Lightning","floor":3.0},{"not_picked":["Hologram","Turbo"],"picked":"Defragment","floor":6.0},{"not_picked":["Double Energy","Beam Cell","Reprogram"],"picked":"SKIP","floor":8.0},{"not_picked":["Ball Lightning","Creative AI"],"picked":"Static Discharge","floor":12.0},{"not_picked":["All For One","Seek"],"picked":"Core Surge","floor":16.0},{"not_picked":["Tempest","Undo"],"picked":"Sweeping Beam+1","floor":18.0},{"not_picked":["Doom and Gloom","Capacitor"],"picked":"Conserve Battery+1","floor":19.0},{"not_picked":["Force Field","Beam Cell"],"picked":"Chill","floor":20.0},{"not_picked":["Rebound+1","Redo"],"picked":"White Noise","floor":23},{"not_picked":["Gash","Coolheaded"],"picked":"FTL","floor":27},{"not_picked":["BootSequence+1","Lockon"],"picked":"Ball Lightning","floor":30},{"not_picked":["Turbo","Rebound"],"picked":"Glacier","floor":31},{"not_picked":["Multi-Cast","Reboot"],"picked":"Machine Learning","floor":33},{"not_picked":["Sweeping Beam+1","BootSequence+1"],"picked":"Auto Shields","floor":35},{"not_picked":["FTL","Recycle"],"picked":"Glacier+1","floor":38},{"not_picked":["Lockon","Conserve Battery","Rebound+1"],"picked":"SKIP","floor":39},{"not_picked":["Genetic Algorithm","Fusion"],"picked":"Heatsinks","floor":42},{"not_picked":["Genetic Algorithm","Turbo","Heatsinks"],"picked":"SKIP","floor":45},{"not_picked":["Conserve Battery","Sweeping Beam"],"picked":"Go for the Eyes+1","floor":47}],"player_experience":566533,"relics_obtained":[{"floor":6.0,"key":"Vajra"},{"floor":9.0,"key":"Bottled Lightning"},{"floor":14.0,"key":"Bronze Scales"},{"floor":23,"key":"Orichalcum"},{"floor":26,"key":"Mummified Hand"},{"floor":43,"key":"Bottled Tornado"}],"event_choices":[{"damage_healed":0.0,"max_hp_gain":0.0,"max_hp_loss":0.0,"gold_gain":0.0,"event_name":"Scrap Ooze","player_choice":"Success","floor":2.0,"gold_loss":0.0,"damage_taken":3.0,"relics_obtained":["The Courier"]},{"damage_healed":0.0,"max_hp_gain":0.0,"max_hp_loss":0.0,"gold_gain":0.0,"event_name":"Shining Light","player_choice":"Entered Light","floor":4.0,"gold_loss":0.0,"damage_taken":15.0,"cards_upgraded":["Defend_B","Defend_B"]},{"damage_healed":0.0,"max_hp_gain":0.0,"max_hp_loss":0.0,"gold_gain":0.0,"event_name":"The Woman in Blue","player_choice":"Bought 2 Potions","floor":11.0,"gold_loss":0.0,"damage_taken":0.0},{"damage_healed":0.0,"max_hp_gain":0.0,"max_hp_loss":0.0,"gold_gain":0.0,"event_name":"Colosseum","player_choice":"Fight","floor":21.0,"gold_loss":0.0,"damage_taken":0.0},{"damage_healed":0.0,"max_hp_gain":0.0,"max_hp_loss":0.0,"gold_gain":0.0,"event_name":"Colosseum","player_choice":"Fled From Nobs","floor":21.0,"gold_loss":0.0,"damage_taken":0.0},{"damage_healed":0.0,"max_hp_gain":0.0,"max_hp_loss":0.0,"gold_gain":0.0,"event_name":"FaceTrader","player_choice":"Trade","floor":22.0,"gold_loss":0.0,"damage_taken":0.0,"relics_obtained":["CultistMask"]},{"damage_healed":0,"gold_gain":0,"player_choice":"Ignored","damage_taken":0,"max_hp_gain":0,"max_hp_loss":0,"event_name":"Vampires","floor":29,"gold_loss":0},{"damage_healed":0,"gold_gain":0,"player_choice":"1 cards matched","damage_taken":0,"max_hp_gain":0,"max_hp_loss":0,"event_name":"Match and Keep!","floor":36,"gold_loss":0,"cards_obtained":["Mind Blast"]},{"cards_removed":["Conserve Battery"],"damage_healed":0,"gold_gain":0,"player_choice":"Removed Skill","damage_taken":0,"max_hp_gain":0,"max_hp_loss":0,"event_name":"Falling","floor":41,"gold_loss":0},{"damage_healed":29,"gold_gain":0,"player_choice":"Heal","damage_taken":0,"max_hp_gain":0,"max_hp_loss":0,"event_name":"MindBloom","floor":46,"gold_loss":0,"cards_obtained":["Doubt"]},{"damage_healed":0,"gold_gain":0,"player_choice":"Paid","damage_taken":0,"relics_obtained":["Red Mask"],"max_hp_gain":0,"max_hp_loss":0,"event_name":"Tomb of Lord Red Mask","floor":48,"gold_loss":40}],"is_beta":false,"boss_relics":[{"not_picked":["Pandora\u0027s Box","Orrery"],"picked":"Sozu"},{"not_picked":["Runic Pyramid","Runic Dome"],"picked":"FrozenCore"}],"items_purged_floors":[13,37],"is_endless":false,"potions_floor_spawned":[1,6,16,18,20,27,30,33,35,38,42],"ascension_level":3}