{"gold_per_floor":[16,28,28,38,57,57,33,44,44,44,62,92,92,122,122,200,200,215,225,10,10,28,28,28,58,58,58,58,58,58,86,86,86],"floor_reached":33,"playtime":2494,"items_purged":[],"score":594,"play_id":"b78091e8-a54d-4519-bc7b-675bf1bec6e9","local_time":"20190331060518","is_ascension_mode":true,"campfire_choices":[{"data":"Bash","floor":6,"key":"SMITH"},{"data":"Body Slam","floor":13,"key":"SMITH"},{"data":"Anger","floor":15,"key":"SMITH"},{"data":"Inflame","floor":23,"key":"SMITH"},{"data":"Feed","floor":29,"key":"SMITH"},{"floor":32,"key":"REST"}],"neow_cost":"NO_GOLD","seed_source_timestamp":947002194756800,"circlet_count":0,"master_deck":["AscendersBane","Defend_R","Defend_R","Defend_R","Defend_R","Bash+1","Body Slam+1","Offering","Shrug It Off","Shockwave","Anger+1","Iron Wave","Feed+1","Reaper","Infernal Blade+1","Inflame+1","Battle Trance","Twin Strike"],"relics":["Burning Blood","Pen Nib","Pantograph","Dream Catcher","Empty Cage","Bag of Preparation","Singing Bowl","Unceasing Top","Meat on the Bone"],"potions_floor_usage":[12,18,19,22,25,30],"damage_taken":[{"damage":6,"enemies":"2 Louse","floor":1,"turns":3},{"damage":2,"enemies":"Cultist","floor":2,"turns":4},{"damage":8,"enemies":"Jaw Worm","floor":4,"turns":3},{"damage":22,"enemies":"Lots of Slimes","floor":5,"turns":6},{"damage":15,"enemies":"Exordium Thugs","floor":7,"turns":4},{"damage":9,"enemies":"Looter","floor":8,"turns":4},{"damage":12,"enemies":"2 Fungi Beasts","floor":11,"turns":3},{"damage":1,"enemies":"Gremlin Nob","floor":12,"turns":3},{"damage":26,"enemies":"3 Sentries","floor":14,"turns":9},{"damage":34,"enemies":"Hexaghost","floor":16,"turns":9},{"damage":17,"enemies":"2 Thieves","floor":18,"turns":5},{"damage":14,"enemies":"Shell Parasite","floor":19,"turns":5},{"damage":23,"enemies":"Shelled Parasite and Fungi","floor":22,"turns":4},{"damage":37,"enemies":"Gremlin Leader","floor":25,"turns":4},{"damage":0,"enemies":"Snecko","floor":30,"turns":2},{"damage":51,"enemies":"Slavers","floor":31,"turns":7},{"damage":115,"enemies":"Champ","floor":33,"turns":10}],"seed_played":"108079913785100797","potions_obtained":[{"floor":2,"key":"Strength Potion"},{"floor":4,"key":"SpeedPotion"},{"floor":12,"key":"Energy Potion"},{"floor":19,"key":"Block Potion"},{"floor":25,"key":"SmokeBomb"}],"is_trial":false,"path_per_floor":["M","M","?","M","M","R","M","M","T","?","M","E","R","E","R","B",null,"M","M","$","?","M","R","$","E","T","?","?","R","M","E","R","B"],"character_chosen":"IRONCLAD","items_purchased":["Bag of Preparation","SteroidPotion"],"campfire_rested":1,"item_purchase_floors":[20,20],"current_hp_per_floor":[68,72,72,70,54,54,45,42,42,42,36,41,41,21,21,18,61,60,58,58,58,44,44,44,39,39,39,56,56,66,35,61,0],"gold":86,"neow_bonus":"REMOVE_TWO","is_prod":false,"is_daily":false,"chose_seed":false,"campfire_upgraded":5,"win_rate":0,"timestamp":1554008718,"path_taken":["M","M","?","M","M","R","?","M","T","?","M","E","R","E","R","BOSS","M","M","$","?","?","R","$","E","T","?","?","R","M","E","R","BOSS"],"build_version":"2019-01-23","purchased_purges":0,"victory":false,"max_hp_per_floor":[75,75,75,75,75,75,75,75,75,75,75,75,75,75,75,75,75,78,78,78,78,81,81,81,83,83,83,83,83,83,87,87,87],"card_choices":[{"not_picked":["Heavy Blade","Warcry"],"picked":"Body Slam","floor":1},{"not_picked":["Burning Pact","Havoc","Body Slam"],"picked":"SKIP","floor":2},{"not_picked":["Twin Strike","Wild Strike"],"picked":"Shrug It Off","floor":4},{"not_picked":["True Grit","Seeing Red"],"picked":"Shockwave","floor":5},{"not_picked":["Cleave","Flex","Limit Break"],"picked":"SKIP","floor":7},{"not_picked":["Dropkick","True Grit"],"picked":"Anger","floor":8},{"not_picked":["Flex","Anger"],"picked":"Iron Wave","floor":11},{"not_picked":["Ghostly Armor","Sword Boomerang"],"picked":"Feed","floor":12},{"not_picked":["Hemokinesis","Cleave","Pommel Strike"],"picked":"SKIP","floor":14},{"not_picked":["Double Tap","Exhume"],"picked":"Reaper","floor":16},{"not_picked":["Twin Strike","Dual Wield+1"],"picked":"Infernal Blade+1","floor":18},{"not_picked":["Iron Wave","Wild Strike","Warcry"],"picked":"SKIP","floor":19},{"not_picked":["Body Slam","Entrench","Reckless Charge"],"picked":"SKIP","floor":22},{"not_picked":["Sever Soul","Sentinel","Dark Embrace"],"picked":"Singing Bowl","floor":25},{"not_picked":["Headbutt","Feel No Pain"],"picked":"Battle Trance","floor":31},{"not_picked":["Second Wind","Cleave"],"picked":"Twin Strike","floor":32}],"player_experience":2416385,"relics_obtained":[{"floor":9,"key":"Pen Nib"},{"floor":12,"key":"Pantograph"},{"floor":14,"key":"Dream Catcher"},{"floor":25,"key":"Singing Bowl"},{"floor":26,"key":"Unceasing Top"},{"floor":31,"key":"Meat on the Bone"}],"event_choices":[{"damage_healed":0,"gold_gain":0,"player_choice":"1 cards matched","damage_taken":0,"max_hp_gain":0,"max_hp_loss":0,"event_name":"Match and Keep!","floor":3,"gold_loss":0,"cards_obtained":["Offering"]},{"damage_healed":0,"gold_gain":0,"player_choice":"Ignored","damage_taken":0,"max_hp_gain":0,"max_hp_loss":0,"event_name":"Liars Game","floor":10,"gold_loss":0},{"damage_healed":0,"gold_gain":0,"cards_transformed":["Strike_R"],"player_choice":"Transformed","damage_taken":0,"max_hp_gain":0,"max_hp_loss":0,"event_name":"Transmorgrifier","floor":21,"gold_loss":0,"cards_obtained":["Inflame"]},{"damage_healed":0,"gold_gain":0,"player_choice":"Ignored","damage_taken":0,"max_hp_gain":0,"max_hp_loss":0,"event_name":"Beggar","floor":27,"gold_loss":0},{"damage_healed":17,"gold_gain":0,"player_choice":"Heal","damage_taken":0,"max_hp_gain":0,"max_hp_loss":0,"event_name":"The Library","floor":28,"gold_loss":0}],"is_beta":false,"boss_relics":[{"not_picked":["Black Star","Runic Dome"],"picked":"Empty Cage"}],"items_purged_floors":[],"is_endless":false,"potions_floor_spawned":[2,4,7,12,19,25],"killed_by":"Champ","ascension_level":20}