{"gold_per_floor":[361,361,430,555,574,574,653,28,328,459,524,544,594,644,644,644],"floor_reached":16,"playtime":369,"items_purged":["Defend_B"],"score":205,"play_id":"8176b3cf-ae1b-4886-8037-aa021df72f6c","local_time":"20181210175023","is_ascension_mode":true,"campfire_choices":[{"data":"Defragment","floor":6.0,"key":"SMITH"},{"data":"Melter","floor":15.0,"key":"SMITH"}],"neow_cost":"TEN_PERCENT_HP_LOSS","seed_source_timestamp":1795120276444,"circlet_count":0,"master_deck":["AscendersBane","Strike_B","Strike_B","Strike_B","Defend_B","Defend_B","Defend_B","Zap","Dualcast","Conserve Battery","Defragment+1","Hologram","Sunder","Coolheaded","Melter+1"],"special_seed":0,"relics":["Cracked Core","SsserpentHead","Odd Mushroom","Prayer Wheel","OrangePellets","Old Coin","Blue Candle","Du-Vu Doll"],"potions_floor_usage":[],"damage_taken":[{"damage":1.0,"enemies":"2 Louse","floor":1.0,"turns":3.0},{"damage":1.0,"enemies":"Cultist","floor":3.0,"turns":4.0},{"damage":2.0,"enemies":"Small Slimes","floor":5.0,"turns":4.0},{"damage":23.0,"enemies":"The Mushroom Lair","floor":7.0,"turns":5.0},{"damage":8.0,"enemies":"3 Louse","floor":11.0,"turns":4.0},{"damage":0.0,"enemies":"Blue Slaver","floor":12.0,"turns":3.0},{"damage":32,"enemies":"The Guardian","floor":16,"turns":2}],"seed_played":"-3196794186891604048","potions_obtained":[{"floor":3.0,"key":"Poison Potion"},{"floor":11.0,"key":"Block Potion"}],"is_trial":false,"path_per_floor":["M","?","M","?","M","R","?","$","T","T","M","M","?","?","R","B"],"character_chosen":"DEFECT","items_purchased":["Prayer Wheel","OrangePellets"],"campfire_rested":0,"item_purchase_floors":[8,8],"current_hp_per_floor":[63,63,62,51,49,49,26,26,26,26,18,18,18,11,11,0],"gold":644,"neow_bonus":"TWO_FIFTY_GOLD","is_prod":false,"is_daily":false,"chose_seed":false,"campfire_upgraded":2,"win_rate":0,"timestamp":1544435423,"path_taken":["M","?","?","?","M","R","?","$","T","?","?","M","?","?","R","BOSS"],"build_version":"2018-12-06","purchased_purges":1,"victory":false,"max_hp_per_floor":[64,64,64,64,64,64,64,64,64,64,64,64,64,64,64,64],"card_choices":[{"not_picked":["Turbo","Hologram"],"picked":"Conserve Battery","floor":1.0},{"not_picked":["Leap","Beam Cell","Reprogram"],"picked":"SKIP","floor":3.0},{"not_picked":["Steam Power","Turbo"],"picked":"Defragment","floor":5.0},{"not_picked":["Turbo","Steam Power"],"picked":"Hologram","floor":7.0},{"not_picked":["Turbo","Stack"],"picked":"Sunder","floor":11.0},{"not_picked":["Hyperbeam","Genetic Algorithm","Rebound"],"picked":"SKIP","floor":11.0},{"not_picked":["Beam Cell","Static Discharge"],"picked":"Coolheaded","floor":12.0},{"not_picked":["Gash","Defragment"],"picked":"Melter","floor":12.0}],"player_experience":2352203,"relics_obtained":[{"floor":7.0,"key":"Odd Mushroom"},{"floor":9.0,"key":"Old Coin"},{"floor":10.0,"key":"Blue Candle"}],"event_choices":[{"damage_healed":0.0,"max_hp_gain":0.0,"max_hp_loss":0.0,"gold_gain":0.0,"event_name":"FaceTrader","player_choice":"Trade","floor":2.0,"gold_loss":0.0,"damage_taken":0.0,"relics_obtained":["SsserpentHead"]},{"damage_healed":0.0,"max_hp_gain":0.0,"max_hp_loss":0.0,"gold_gain":75.0,"event_name":"World of Goop","player_choice":"Gather Gold","floor":4.0,"gold_loss":0.0,"damage_taken":11.0},{"damage_healed":0.0,"max_hp_gain":0.0,"max_hp_loss":0.0,"gold_gain":0.0,"event_name":"Mushrooms","player_choice":"Fought Mushrooms","floor":7.0,"gold_loss":0.0,"damage_taken":0.0},{"damage_healed":0.0,"max_hp_gain":0.0,"max_hp_loss":0.0,"gold_gain":0.0,"event_name":"Dead Adventurer","player_choice":"Searched \u00271\u0027 times","floor":13.0,"gold_loss":0.0,"damage_taken":0.0,"relics_obtained":["Du-Vu Doll"]},{"cards_removed":["Strike_B"],"damage_healed":0.0,"max_hp_gain":0.0,"max_hp_loss":0.0,"gold_gain":0.0,"event_name":"Golden Wing","player_choice":"Card Removal","floor":14.0,"gold_loss":0.0,"damage_taken":7.0}],"is_beta":false,"boss_relics":[],"items_purged_floors":[8],"is_endless":false,"potions_floor_spawned":[3,11],"killed_by":"The Guardian","ascension_level":20}