{"gold_per_floor":[116,132,132,57,207,207,207,207,207,224,237,237],"floor_reached":12,"playtime":260,"items_purged":["Strike_G"],"score":126,"play_id":"2af2dd00-1a9d-4da7-9e2b-fe3dd6d9f14b","local_time":"20190205205556","is_ascension_mode":true,"campfire_choices":[{"data":"Deadly Poison","floor":6,"key":"SMITH"},{"data":"Dagger Spray","floor":8,"key":"SMITH"}],"neow_cost":"NONE","seed_source_timestamp":279316336996482,"circlet_count":0,"master_deck":["AscendersBane","Defend_G+1","Defend_G","Defend_G+1","Defend_G","Defend_G","Strike_G","Strike_G","Strike_G","Strike_G","Survivor","Neutralize","Dagger Spray+1","Deadly Poison+1","Doubt","Regret","Poisoned Stab","Crippling Poison"],"relics":["Ring of the Snake","Ancient Tea Set","Darkstone Periapt"],"potions_floor_usage":[12,12],"damage_taken":[{"damage":8,"enemies":"Small Slimes","floor":1,"turns":8},{"damage":3,"enemies":"2 Louse","floor":2,"turns":2},{"damage":11,"enemies":"Jaw Worm","floor":10,"turns":2},{"damage":8,"enemies":"Blue Slaver","floor":11,"turns":4},{"damage":28,"enemies":"Lagavulin","floor":12,"turns":7}],"seed_played":"6661054480385891795","potions_obtained":[{"floor":2,"key":"Regen Potion"},{"floor":10,"key":"SpeedPotion"}],"is_trial":false,"path_per_floor":["M","M","?","$","?","R","?","R","T","M","M","E"],"character_chosen":"THE_SILENT","items_purchased":[],"campfire_rested":0,"item_purchase_floors":[],"current_hp_per_floor":[57,54,32,32,32,32,32,32,32,21,13,0],"gold":237,"neow_bonus":"TEN_PERCENT_HP_BONUS","is_prod":false,"is_daily":false,"chose_seed":false,"campfire_upgraded":2,"win_rate":0,"timestamp":1549396556,"path_taken":["M","M","?","$","?","R","?","R","T","?","M","E"],"build_version":"2019-01-23","purchased_purges":1,"victory":false,"max_hp_per_floor":[72,72,72,72,72,72,72,72,72,72,72,72],"card_choices":[{"not_picked":["Outmaneuver","Backflip"],"picked":"Dagger Spray","floor":1},{"not_picked":["Blade Dance","Poisoned Stab"],"picked":"Deadly Poison","floor":2},{"not_picked":["Setup","Underhanded Strike"],"picked":"Poisoned Stab","floor":10},{"not_picked":["Outmaneuver","Quick Slash"],"picked":"Crippling Poison","floor":11}],"player_experience":505525,"relics_obtained":[{"floor":9,"key":"Darkstone Periapt"}],"event_choices":[{"damage_healed":0,"gold_gain":0,"player_choice":"Entered Light","damage_taken":22,"max_hp_gain":0,"max_hp_loss":0,"event_name":"Shining Light","floor":3,"gold_loss":0,"cards_upgraded":["Defend_G","Defend_G"]},{"damage_healed":0,"gold_gain":150,"player_choice":"AGREE","damage_taken":0,"max_hp_gain":0,"max_hp_loss":0,"event_name":"Liars Game","floor":5,"gold_loss":0,"cards_obtained":["Doubt"]},{"damage_healed":0,"gold_gain":0,"player_choice":"Box","damage_taken":0,"relics_obtained":["Ancient Tea Set"],"max_hp_gain":0,"max_hp_loss":0,"event_name":"Big Fish","floor":7,"gold_loss":0,"cards_obtained":["Regret"]}],"is_beta":false,"boss_relics":[],"items_purged_floors":[4],"is_endless":false,"potions_floor_spawned":[2,10],"killed_by":"Lagavulin","ascension_level":17}