{"gold_per_floor":[111,129,147,147,147,147,178,178,228,256,38,49,66,91,91,167,167,167,167,107,107,22,22,22,22,22,22,22,22,22,22,22,22,22,22,22,22,22,22,22,22,22,22,22,22,22,22,22,22,22,22],"floor_reached":52,"playtime":2152,"items_purged":[],"score":2724,"play_id":"89dc1bdd-eb87-40fb-b12c-0145fe9d3aad","local_time":"20190103211734","daily_mods":["SealedDeck","DeadlyEvents","Elite Swarm"],"is_ascension_mode":true,"campfire_choices":[{"data":"Armaments","floor":6.0,"key":"SMITH"},{"data":"Immolate","floor":8.0,"key":"SMITH"},{"data":"Corruption","floor":15.0,"key":"SMITH"},{"data":"Feel No Pain","floor":29.0,"key":"SMITH"},{"floor":32.0,"key":"REST"},{"data":"Inflame","floor":41.0,"key":"SMITH"},{"data":"Dark Embrace","floor":44,"key":"SMITH"},{"data":"Body Slam","floor":46,"key":"SMITH"},{"data":"Barricade","floor":49,"key":"SMITH"}],"neow_cost":"","seed_source_timestamp":0,"circlet_count":0,"master_deck":["AscendersBane","Body Slam+1","Twin Strike","Whirlwind","Anger","Shrug It Off","Uppercut","Clothesline","Armaments+1","Shrug It Off","Corruption+1","Immolate+1","Impervious+1","Havoc+1","Exhume+1","Limit Break+1","Disarm+1","Feel No Pain+1","Fiend Fire","Impervious+1","Dark Embrace+1","Offering+1","Inflame+1","Feel No Pain+1","Power Through+1","Impervious+1","Exhume+1","Exhume+1","Barricade+1"],"special_seed":0,"relics":["Burning Blood","Dream Catcher","Bronze Scales","Toxic Egg 2","Medical Kit","Ornamental Fan","Ectoplasm","Question Card","Blood Vial","Gremlin Horn","Charon\u0027s Ashes","Vajra","Strawberry","Mark of Pain","Old Coin","Orichalcum","Peace Pipe","Meat on the Bone","Du-Vu Doll","Pen Nib","Kunai"],"potions_floor_usage":[51],"damage_taken":[{"damage":0.0,"enemies":"Jaw Worm","floor":1.0,"turns":3.0},{"damage":0.0,"enemies":"Cultist","floor":2.0,"turns":3.0},{"damage":4.0,"enemies":"Small Slimes","floor":3.0,"turns":3.0},{"damage":15.0,"enemies":"Lagavulin","floor":7.0,"turns":5.0},{"damage":21.0,"enemies":"Gremlin Nob","floor":10.0,"turns":4.0},{"damage":0.0,"enemies":"Looter","floor":12.0,"turns":3.0},{"damage":0.0,"enemies":"3 Louse","floor":13.0,"turns":2.0},{"damage":3.0,"enemies":"Lagavulin","floor":14.0,"turns":6.0},{"damage":27.0,"enemies":"Hexaghost","floor":16.0,"turns":8.0},{"damage":3.0,"enemies":"3 Byrds","floor":18.0,"turns":3.0},{"damage":0.0,"enemies":"2 Thieves","floor":20.0,"turns":2.0},{"damage":3.0,"enemies":"Centurion and Healer","floor":21.0,"turns":4.0},{"damage":31.0,"enemies":"Book of Stabbing","floor":23.0,"turns":5.0},{"damage":0.0,"enemies":"Slavers","floor":25.0,"turns":4.0},{"damage":22.0,"enemies":"Book of Stabbing","floor":27.0,"turns":5.0},{"damage":19.0,"enemies":"Gremlin Leader","floor":28.0,"turns":4.0},{"damage":21.0,"enemies":"Book of Stabbing","floor":30.0,"turns":5.0},{"damage":8.0,"enemies":"Snake Plant","floor":31.0,"turns":4.0},{"damage":6.0,"enemies":"Automaton","floor":33.0,"turns":4.0},{"damage":6.0,"enemies":"3 Darklings","floor":35.0,"turns":3.0},{"damage":6.0,"enemies":"Mind Bloom Boss Battle","floor":36.0,"turns":3.0},{"damage":6.0,"enemies":"Orb Walker","floor":38.0,"turns":2.0},{"damage":18.0,"enemies":"Nemesis","floor":39.0,"turns":3.0},{"damage":0.0,"enemies":"Reptomancer","floor":40.0,"turns":5.0},{"damage":6.0,"enemies":"Nemesis","floor":42.0,"turns":3.0},{"damage":6,"enemies":"Giant Head","floor":45,"turns":4},{"damage":6,"enemies":"Nemesis","floor":48,"turns":3},{"damage":24,"enemies":"Donu and Deca","floor":50,"turns":2},{"damage":12,"enemies":"Awakened One","floor":51,"turns":2}],"seed_played":"6907100540140720650","potions_obtained":[{"floor":1.0,"key":"Poison Potion"},{"floor":7.0,"key":"Block Potion"},{"floor":12.0,"key":"BloodPotion"},{"floor":18.0,"key":"GamblersBrew"},{"floor":23.0,"key":"AttackPotion"},{"floor":30.0,"key":"AttackPotion"},{"floor":33.0,"key":"Explosive Potion"},{"floor":36.0,"key":"SpeedPotion"},{"floor":48,"key":"SkillPotion"}],"is_trial":true,"path_per_floor":["M","M","M","$","?","R","E","R","T","E","$","M","M","E","R","B",null,"M","$","M","M","$","E","$","E","T","E","E","R","E","M","R","B",null,"M","?","?","M","E","E","R","E","T","R","E","R","T","E","R","B","B",null],"character_chosen":"IRONCLAD","items_purchased":["Medical Kit","Feel No Pain"],"campfire_rested":1,"item_purchase_floors":[11,22],"current_hp_per_floor":[74,75,75,75,75,75,66,66,66,51,51,57,63,66,66,45,68,71,71,75,75,75,50,50,63,63,49,38,38,32,32,56,58,76,78,80,80,82,70,78,78,80,80,80,82,82,82,82,82,64,60],"gold":22,"neow_bonus":"","is_prod":false,"is_daily":false,"chose_seed":false,"campfire_upgraded":8,"win_rate":0,"timestamp":1546579054,"path_taken":["M","M","M","$","?","R","E","R","T","E","$","M","M","E","R","BOSS","M","?","M","?","$","E","$","E","T","?","E","R","E","M","R","BOSS","M","?","?","?","?","E","R","E","T","R","E","R","?","E","R","BOSS","BOSS"],"build_version":"2019-01-03v3","purchased_purges":0,"victory":true,"max_hp_per_floor":[75,75,75,75,75,75,75,75,75,75,75,75,75,75,75,75,75,75,75,75,75,75,75,75,75,75,75,75,75,82,82,82,82,82,82,82,82,82,82,82,82,82,82,82,82,82,82,82,82,82,82],"card_choices":[{"not_picked":["Anger","Clash","Whirlwind"],"picked":"SKIP","floor":1.0},{"not_picked":["Uppercut","Clothesline","Anger"],"picked":"SKIP","floor":2.0},{"not_picked":["Sword Boomerang","Metallicize","Iron Wave"],"picked":"SKIP","floor":3.0},{"not_picked":["Impervious","Feed"],"picked":"Immolate","floor":7.0},{"not_picked":["Immolate","Juggernaut"],"picked":"Impervious","floor":10.0},{"not_picked":["Corruption","Flex+1","Uppercut"],"picked":"SKIP","floor":12.0},{"not_picked":["Iron Wave","Metallicize"],"picked":"Havoc+1","floor":13.0},{"not_picked":["Barricade","Double Tap+1"],"picked":"Exhume+1","floor":14.0},{"not_picked":["Bludgeon","Feed"],"picked":"Limit Break+1","floor":16.0},{"not_picked":["Anger+1","Clash","Heavy Blade+1"],"picked":"SKIP","floor":18.0},{"not_picked":["Ghostly Armor+1","Anger"],"picked":"Disarm+1","floor":20.0},{"not_picked":["Havoc+1","Wild Strike","Rage+1"],"picked":"SKIP","floor":21.0},{"not_picked":["Immolate","Berserk"],"picked":"Fiend Fire","floor":23.0},{"not_picked":["Brutality","Exhume+1","Fiend Fire"],"picked":"Impervious+1","floor":25.0},{"not_picked":["Demon Form","Feed","Immolate","Limit Break+1"],"picked":"SKIP","floor":27.0},{"not_picked":["Juggernaut","Immolate","Feed"],"picked":"Dark Embrace","floor":28.0},{"not_picked":["Dark Embrace","Double Tap+1","Impervious+1"],"picked":"Offering+1","floor":30.0},{"not_picked":["Twin Strike","Second Wind+1","Burning Pact+1"],"picked":"Inflame","floor":31.0},{"not_picked":["Flame Barrier+1","Iron Wave+1","Body Slam"],"picked":"Feel No Pain+1","floor":32.0},{"not_picked":["Twin Strike","Entrench+1","Heavy Blade"],"picked":"Power Through+1","floor":35.0},{"not_picked":["Perfected Strike+1","Wild Strike","Iron Wave","Rampage"],"picked":"SKIP","floor":38.0},{"not_picked":["Feed","Brutality","Berserk","Double Tap+1"],"picked":"SKIP","floor":39.0},{"not_picked":["Immolate","Fiend Fire","Brutality"],"picked":"Impervious+1","floor":40.0},{"not_picked":["Limit Break+1","Reaper","Impervious+1"],"picked":"Exhume+1","floor":42.0},{"not_picked":["Bludgeon","Fiend Fire","Reaper"],"picked":"Exhume+1","floor":45},{"not_picked":["Bludgeon","Dark Embrace","Berserk"],"picked":"Barricade","floor":48}],"player_experience":1946266,"relics_obtained":[{"floor":7.0,"key":"Dream Catcher"},{"floor":9.0,"key":"Bronze Scales"},{"floor":10.0,"key":"Toxic Egg 2"},{"floor":14.0,"key":"Ornamental Fan"},{"floor":23.0,"key":"Question Card"},{"floor":25.0,"key":"Blood Vial"},{"floor":26.0,"key":"Gremlin Horn"},{"floor":27.0,"key":"Charon\u0027s Ashes"},{"floor":28.0,"key":"Vajra"},{"floor":30.0,"key":"Strawberry"},{"floor":36.0,"key":"Old Coin"},{"floor":39.0,"key":"Orichalcum"},{"floor":40.0,"key":"Peace Pipe"},{"floor":42.0,"key":"Meat on the Bone"},{"floor":45,"key":"Du-Vu Doll"},{"floor":47,"key":"Pen Nib"},{"floor":48,"key":"Kunai"}],"event_choices":[{"damage_healed":0.0,"max_hp_gain":0.0,"max_hp_loss":0.0,"gold_gain":0.0,"event_name":"Purifier","player_choice":"Ignored","floor":5.0,"gold_loss":0.0,"damage_taken":0.0},{"damage_healed":0.0,"max_hp_gain":0.0,"max_hp_loss":0.0,"gold_gain":0.0,"event_name":"MindBloom","player_choice":"Fight","floor":36.0,"gold_loss":0.0,"damage_taken":0.0},{"damage_healed":0.0,"max_hp_gain":0.0,"max_hp_loss":0.0,"gold_gain":0.0,"event_name":"SensoryStone","player_choice":"Memory 1","floor":37.0,"gold_loss":0.0,"damage_taken":0.0}],"is_beta":false,"boss_relics":[{"not_picked":["White Beast Statue","Black Blood"],"picked":"Ectoplasm"},{"not_picked":["Coffee Dripper","Orrery"],"picked":"Mark of Pain"}],"items_purged_floors":[],"is_endless":false,"potions_floor_spawned":[1,7,12,13,18,21,23,30,33,36,39,40,45,48],"ascension_level":20}