{"gold_per_floor":[111,124,135,135,148,176,176,203,250,264,264,264,281,297,297,297],"floor_reached":16,"playtime":417,"items_purged":[],"score":200,"play_id":"57733d92-2168-4b19-a168-a675eb0ff6da","local_time":"20190317093422","is_ascension_mode":true,"campfire_choices":[{"data":"Bash","floor":7,"key":"SMITH"},{"data":"True Grit","floor":11,"key":"SMITH"},{"data":"Corruption","floor":15,"key":"SMITH"}],"neow_cost":"PERCENT_DAMAGE","seed_source_timestamp":47448958087776,"circlet_count":0,"master_deck":["AscendersBane","Strike_R","Strike_R","Strike_R","Strike_R","Strike_R","Defend_R","Defend_R","Defend_R","Defend_R","Bash+1","Immolate+1","Pommel Strike","Headbutt","True Grit+1","Corruption+1","Twin Strike"],"relics":["Burning Blood","Paper Frog","Matryoshka","Regal Pillow","Potion Belt"],"potions_floor_usage":[5,6,16,16],"damage_taken":[{"damage":2,"enemies":"2 Louse","floor":1,"turns":2},{"damage":8,"enemies":"Jaw Worm","floor":2,"turns":4},{"damage":0,"enemies":"Small Slimes","floor":3,"turns":3},{"damage":4,"enemies":"Blue Slaver","floor":5,"turns":3},{"damage":14,"enemies":"Lagavulin","floor":6,"turns":7},{"damage":13,"enemies":"3 Sentries","floor":8,"turns":4},{"damage":0,"enemies":"Lots of Slimes","floor":10,"turns":1},{"damage":3,"enemies":"Exordium Wildlife","floor":13,"turns":2},{"damage":11,"enemies":"Gremlin Gang","floor":14,"turns":2},{"damage":49,"enemies":"The Guardian","floor":16,"turns":8}],"seed_played":"-6742377421169829087","potions_obtained":[{"floor":2,"key":"Poison Potion"},{"floor":5,"key":"SkillPotion"},{"floor":10,"key":"Swift Potion"},{"floor":13,"key":"FearPotion"}],"is_trial":false,"path_per_floor":["M","M","M","?","M","E","R","E","T","M","R","?","M","M","R","B"],"character_chosen":"IRONCLAD","items_purchased":[],"campfire_rested":0,"item_purchase_floors":[],"current_hp_per_floor":[54,52,58,58,60,52,52,45,45,51,51,51,54,49,49,0],"gold":297,"neow_bonus":"THREE_RARE_CARDS","is_prod":false,"is_daily":false,"chose_seed":false,"campfire_upgraded":3,"win_rate":0,"timestamp":1552840462,"path_taken":["M","M","M","?","M","E","R","E","T","M","R","?","M","M","R","BOSS"],"build_version":"2019-01-23","purchased_purges":0,"victory":false,"max_hp_per_floor":[75,75,75,75,75,75,75,75,75,75,75,75,75,75,75,75],"card_choices":[{"not_picked":["Bludgeon","Berserk"],"picked":"Immolate","floor":0},{"not_picked":["Perfected Strike","Wild Strike"],"picked":"Pommel Strike","floor":1},{"not_picked":["Bloodletting","Body Slam"],"picked":"Headbutt","floor":2},{"not_picked":["Evolve","Twin Strike"],"picked":"True Grit","floor":3},{"not_picked":["Infernal Blade","Pommel Strike"],"picked":"Corruption","floor":5},{"not_picked":["Thunderclap","Headbutt","Flex"],"picked":"SKIP","floor":6},{"not_picked":["Heavy Blade","Rupture","Cleave"],"picked":"SKIP","floor":8},{"not_picked":["Fire Breathing","Sentinel","Searing Blow"],"picked":"SKIP","floor":10},{"not_picked":["Entrench","Rupture"],"picked":"Twin Strike","floor":13},{"not_picked":["Sword Boomerang","Fire Breathing","Rupture"],"picked":"SKIP","floor":14}],"player_experience":2358755,"relics_obtained":[{"floor":6,"key":"Paper Frog"},{"floor":8,"key":"Matryoshka"},{"floor":9,"key":"Regal Pillow"},{"floor":9,"key":"Potion Belt"}],"event_choices":[{"damage_healed":0,"gold_gain":0,"player_choice":"Grow","damage_taken":0,"max_hp_gain":0,"max_hp_loss":0,"event_name":"Living Wall","floor":4,"gold_loss":0,"cards_upgraded":["Immolate"]},{"damage_healed":0,"gold_gain":0,"player_choice":"Ignored","damage_taken":0,"max_hp_gain":0,"max_hp_loss":0,"event_name":"Liars Game","floor":12,"gold_loss":0}],"is_beta":false,"boss_relics":[],"items_purged_floors":[],"is_endless":false,"potions_floor_spawned":[2,5,10,13],"killed_by":"The Guardian","ascension_level":15}