{"gold_per_floor":[112,187,187,200,220,220,236,236,236,267,290,290,303,322,322,453,453,478,478,499,513,538,538,538,538,538,538,553,553,301,216,216,341,341,359,269,285,285,298,298,321,237,237,258,278,294,294,0,0,0],"floor_reached":51,"playtime":5870,"items_purged":["Strike_B","Defend_B"],"score":603,"play_id":"c740512f-6224-4d84-be6e-3710b853cb8f","local_time":"20181016025216","is_ascension_mode":false,"campfire_choices":[{"data":"Zap","floor":6,"key":"SMITH"},{"data":"Dualcast","floor":8,"key":"SMITH"},{"floor":15,"key":"REST"},{"data":"Coolheaded","floor":23,"key":"SMITH"},{"floor":25,"key":"REST"},{"data":"Go for the Eyes","floor":27,"key":"SMITH"},{"data":"Thinking Ahead","floor":32,"key":"SMITH"},{"data":"Beam Cell","floor":40,"key":"SMITH"},{"data":"Defragment","floor":49,"key":"SMITH"}],"neow_cost":"NONE","seed_source_timestamp":396710140411166,"circlet_count":0,"master_deck":["Strike_B","Defend_B+1","Defend_B","Zap+1","Dualcast+1","Conserve Battery+1","BootSequence","Core Surge","Go for the Eyes+1","All For One","Ball Lightning+1","Seek","Beam Cell+1","Chill","Self Repair","Coolheaded+1","Conserve Battery","Thinking Ahead+1","Seek+1","Capacitor+1","Tempest+1","White Noise+1","Defragment+1","Coolheaded+1","Redo+1","Loop+1","The Bomb+1"],"relics":["Cracked Core","Golden Idol","Ornamental Fan","Ginger","Empty Cage","PreservedInsect","Nilry\u0027s Codex","Centennial Puzzle","Toxic Egg 2","Sozu","Question Card","Runic Capacitor"],"potions_floor_usage":[10,16,22,33,33],"damage_taken":[{"damage":1,"enemies":"Jaw Worm","floor":1,"turns":3},{"damage":0,"enemies":"Small Slimes","floor":4,"turns":4},{"damage":0,"enemies":"2 Louse","floor":5,"turns":3},{"damage":1,"enemies":"Large Slime","floor":7,"turns":5},{"damage":11,"enemies":"Lagavulin","floor":10,"turns":7},{"damage":0,"enemies":"Looter","floor":11,"turns":2},{"damage":6,"enemies":"Gremlin Gang","floor":13,"turns":4},{"damage":6,"enemies":"Lots of Slimes","floor":14,"turns":4},{"damage":29,"enemies":"The Guardian","floor":16,"turns":10},{"damage":13,"enemies":"Spheric Guardian","floor":18,"turns":4},{"damage":5,"enemies":"2 Thieves","floor":20,"turns":3},{"damage":4,"enemies":"3 Cultists","floor":21,"turns":7},{"damage":0,"enemies":"Snecko","floor":22,"turns":5},{"damage":7,"enemies":"Centurion and Healer","floor":28,"turns":5},{"damage":7,"enemies":"Colosseum Slavers","floor":29,"turns":4},{"damage":7,"enemies":"Champ","floor":33,"turns":13},{"damage":0,"enemies":"Orb Walker","floor":35,"turns":3},{"damage":12,"enemies":"3 Shapes","floor":37,"turns":5},{"damage":10,"enemies":"Maw","floor":39,"turns":8},{"damage":0,"enemies":"Spire Growth","floor":41,"turns":4},{"damage":0,"enemies":"4 Shapes","floor":44,"turns":7},{"damage":21,"enemies":"Transient","floor":45,"turns":5},{"damage":0,"enemies":"Spire Growth","floor":46,"turns":5},{"damage":31,"enemies":"Time Eater","floor":50,"turns":10}],"seed_played":"-7800304501225128312","potions_obtained":[{"floor":1,"key":"FocusPotion"},{"floor":10,"key":"LiquidBronze"},{"floor":13,"key":"Ancient Potion"},{"floor":14,"key":"Strength Potion"},{"floor":16,"key":"FairyPotion"},{"floor":22,"key":"Swift Potion"}],"is_trial":false,"path_per_floor":["M","?","?","M","M","R","M","R","T","E","M","?","M","M","R","B",null,"M","T","M","M","M","R","?","R","T","R","M","?","$","?","R","B",null,"M","?","M","?","M","R","M","$","T","M","M","M","?","$","R","B"],"character_chosen":"DEFECT","items_purchased":["Thinking Ahead","Defragment","Coolheaded+1","Runic Capacitor"],"campfire_rested":2,"item_purchase_floors":[30,42,42,48],"current_hp_per_floor":[74,63,63,63,63,63,62,62,62,51,51,37,31,25,45,16,69,56,56,51,47,54,54,38,58,58,58,58,58,58,58,58,58,69,69,69,64,64,61,61,68,68,68,69,55,62,62,62,62,38],"gold":0,"neow_bonus":"ONE_RANDOM_RARE_CARD","is_prod":false,"is_daily":false,"chose_seed":false,"campfire_upgraded":7,"win_rate":0,"timestamp":1539651136,"path_taken":["M","?","?","?","M","R","M","R","T","E","?","?","M","M","R","BOSS","M","?","M","?","M","R","?","R","T","R","M","?","$","?","R","BOSS","M","?","M","?","M","R","M","$","T","M","?","M","?","$","R","BOSS"],"build_version":"2018-10-11","purchased_purges":2,"victory":true,"max_hp_per_floor":[75,75,69,69,69,69,69,69,69,69,69,69,69,69,69,69,69,69,69,69,69,69,69,69,69,69,69,69,69,69,69,69,69,69,69,69,69,69,69,69,69,69,69,69,69,69,69,69,69,69],"card_choices":[{"not_picked":["Turbo","Stack"],"picked":"Conserve Battery","floor":1},{"not_picked":["Heatsinks","Turbo","Rebound"],"picked":"SKIP","floor":4},{"not_picked":["Capacitor","Recycle"],"picked":"BootSequence","floor":5},{"not_picked":["FTL","Leap"],"picked":"Core Surge","floor":7},{"not_picked":["Streamline","Force Field"],"picked":"Go for the Eyes","floor":10},{"not_picked":["Gash","Beam Cell"],"picked":"All For One","floor":11},{"not_picked":["Go for the Eyes","Rebound"],"picked":"Ball Lightning","floor":13},{"not_picked":["Streamline","Barrage","Stack"],"picked":"SKIP","floor":14},{"not_picked":["Amplify","Thunder Strike"],"picked":"Seek","floor":16},{"not_picked":["Rebound+1","Lockon"],"picked":"Beam Cell","floor":18},{"not_picked":["Coolheaded","Static Discharge"],"picked":"Chill","floor":20},{"not_picked":["Hello World","Rip and Tear"],"picked":"Self Repair","floor":21},{"not_picked":["Chill","BootSequence"],"picked":"Coolheaded","floor":22},{"not_picked":["Rebound","Hello World"],"picked":"Conserve Battery","floor":28},{"not_picked":["Echo Form","Fission+1"],"picked":"Seek+1","floor":33},{"not_picked":["Rip and Tear+1","Conserve Battery+1"],"picked":"Capacitor+1","floor":35},{"not_picked":["Storm+1","Sweeping Beam"],"picked":"Tempest+1","floor":37},{"not_picked":["Turbo+1","Sweeping Beam+1"],"picked":"White Noise+1","floor":39},{"not_picked":["Stack+1","Compile Driver","Undo+1"],"picked":"SKIP","floor":41},{"not_picked":["Ball Lightning","Cold Snap","Recycle+1"],"picked":"Redo+1","floor":44},{"not_picked":["Cold Snap+1","Self Repair+1","Static Discharge+1","Coolheaded+1"],"picked":"SKIP","floor":45},{"not_picked":["Doom and Gloom+1","Echo Form","Fusion+1"],"picked":"Loop+1","floor":46},{"not_picked":["Panacea+1","Secret Technique+1","Metamorphosis+1"],"picked":"The Bomb+1","floor":47}],"player_experience":89216,"relics_obtained":[{"floor":9,"key":"Ornamental Fan"},{"floor":10,"key":"Ginger"},{"floor":19,"key":"PreservedInsect"},{"floor":24,"key":"Nilry\u0027s Codex"},{"floor":26,"key":"Centennial Puzzle"},{"floor":43,"key":"Question Card"}],"event_choices":[{"event_name":"World of Goop","player_choice":"Gather Gold","floor":2,"damage_taken":0},{"event_name":"Golden Idol","player_choice":"Lose Max HP","floor":3,"damage_taken":0},{"event_name":"Shining Light","player_choice":"Entered Light","floor":12,"damage_taken":0},{"event_name":"Cursed Tome","player_choice":"Obtained Book","floor":24,"damage_taken":0},{"event_name":"Colosseum","player_choice":"Fight","floor":29,"damage_taken":0},{"event_name":"Colosseum","player_choice":"Fled From Nobs","floor":29,"damage_taken":0},{"event_name":"Addict","player_choice":"Obtained Relic","floor":31,"damage_taken":0},{"event_name":"Designer","player_choice":"Full Service","floor":36,"damage_taken":0},{"event_name":"Falling","player_choice":"Removed Attack","floor":38,"damage_taken":0},{"event_name":"SensoryStone","player_choice":"Memory 1","floor":47,"damage_taken":0}],"is_beta":false,"boss_relics":[{"not_picked":["Calling Bell","Lizard Tail"],"picked":"Empty Cage"},{"not_picked":["Eternal Feather","Busted Crown"],"picked":"Sozu"}],"items_purged_floors":[30,48],"is_endless":false,"potions_floor_spawned":[1,10,13,14,16,21,22,28,37,44,46],"ascension_level":0}