{"gold_per_floor":[110,130,146,162,5,5,24,42,90,90,116,116,16,33,33,131,131,145,70,81,81],"floor_reached":21,"playtime":2278,"items_purged":["Strike_G"],"score":183,"play_id":"053a6508-8176-458a-a5aa-1676da29a092","local_time":"20190322213104","is_ascension_mode":false,"campfire_choices":[{"data":"Acrobatics","floor":6,"key":"SMITH"},{"data":"Noxious Fumes","floor":10,"key":"SMITH"},{"data":"Backflip","floor":15,"key":"SMITH"}],"neow_cost":"NONE","seed_source_timestamp":650114527611500,"circlet_count":0,"master_deck":["Defend_G","Defend_G","Defend_G","Defend_G","Defend_G","Strike_G","Survivor","Neutralize","Acrobatics+1","Noxious Fumes+1","Escape Plan","Deadly Poison","Backflip+1","Acrobatics"],"relics":["Ring of the Snake","Omamori","Regal Pillow","Darkstone Periapt","Empty Cage"],"potions_floor_usage":[8,11,11,14],"damage_taken":[{"damage":5,"enemies":"2 Louse","floor":1,"turns":4},{"damage":1,"enemies":"Cultist","floor":2,"turns":4},{"damage":5,"enemies":"Small Slimes","floor":3,"turns":4},{"damage":5,"enemies":"Exordium Wildlife","floor":4,"turns":6},{"damage":1,"enemies":"Blue Slaver","floor":7,"turns":6},{"damage":6,"enemies":"Lots of Slimes","floor":8,"turns":7},{"damage":4,"enemies":"Lagavulin","floor":11,"turns":9},{"damage":0,"enemies":"2 Fungi Beasts","floor":14,"turns":4},{"damage":41,"enemies":"Slime Boss","floor":16,"turns":12},{"damage":0,"enemies":"Shell Parasite","floor":18,"turns":5},{"damage":4,"enemies":"2 Thieves","floor":19,"turns":5},{"damage":41,"enemies":"Chosen and Byrds","floor":20,"turns":7},{"damage":37,"enemies":"3 Cultists","floor":21,"turns":5}],"seed_played":"8547407792067481472","potions_obtained":[{"floor":1,"key":"GhostInAJar"},{"floor":3,"key":"SpeedPotion"},{"floor":4,"key":"EssenceOfSteel"},{"floor":11,"key":"Energy Potion"},{"floor":20,"key":"Fire Potion"}],"is_trial":false,"path_per_floor":["M","M","M","M","$","R","M","M","T","R","E","?","$","M","R","B",null,"M","M","M","M"],"character_chosen":"THE_SILENT","items_purchased":["Omamori","Deadly Poison"],"campfire_rested":0,"item_purchase_floors":[5,13],"current_hp_per_floor":[72,71,66,61,61,61,60,54,54,54,50,50,50,50,50,9,77,77,73,32,0],"gold":81,"neow_bonus":"TEN_PERCENT_HP_BONUS","is_prod":false,"is_daily":false,"chose_seed":false,"campfire_upgraded":3,"win_rate":0.0,"timestamp":1553283064,"path_taken":["M","M","M","M","$","R","M","M","T","R","E","?","$","M","R","BOSS","M","M","M","M"],"build_version":"2019-01-23","purchased_purges":1,"victory":false,"max_hp_per_floor":[77,77,77,77,77,77,77,77,77,77,77,77,77,77,77,77,77,77,77,77,77],"card_choices":[{"not_picked":["Bouncing Flask","Flying Knee","Dodge and Roll"],"picked":"SKIP","floor":1},{"not_picked":["Distraction","Deflect","Dagger Spray"],"picked":"SKIP","floor":2},{"not_picked":["Poisoned Stab","Expertise"],"picked":"Acrobatics","floor":3},{"not_picked":["Outmaneuver","Caltrops","Deflect"],"picked":"SKIP","floor":4},{"not_picked":["PiercingWail","Flechettes","Deadly Poison"],"picked":"SKIP","floor":7},{"not_picked":["Outmaneuver","Reflex"],"picked":"Noxious Fumes","floor":8},{"not_picked":["Distraction","Acrobatics"],"picked":"Escape Plan","floor":11},{"not_picked":["Leg Sweep","Dagger Throw"],"picked":"Backflip","floor":14},{"not_picked":["Prepared","Masterful Stab"],"picked":"Acrobatics","floor":18},{"not_picked":["Poisoned Stab","Deflect","Dagger Spray"],"picked":"SKIP","floor":19},{"not_picked":["Backstab","Eviscerate","Finisher"],"picked":"SKIP","floor":20}],"player_experience":54052,"relics_obtained":[{"floor":9,"key":"Regal Pillow"},{"floor":11,"key":"Darkstone Periapt"}],"event_choices":[{"cards_removed":["Strike_G"],"damage_healed":0,"gold_gain":0,"player_choice":"Purged","damage_taken":0,"max_hp_gain":0,"max_hp_loss":0,"event_name":"Purifier","floor":12,"gold_loss":0}],"is_beta":false,"boss_relics":[{"not_picked":["Cursed Key","Astrolabe"],"picked":"Empty Cage"}],"items_purged_floors":[13],"is_endless":false,"potions_floor_spawned":[1,3,4,11,20],"killed_by":"3 Cultists","ascension_level":0}