{"gold_per_floor":[115,129,149,169,189,189,215,232,232,232,252,282,302,322,322,419,419,436,165,165,182,281,297,297,332,332,350,362,390,196,215,215,215],"floor_reached":33,"playtime":841,"items_purged":["Strike_R"],"score":330,"play_id":"fda13031-6cee-4a38-a65d-a0b2df103f76","local_time":"20190115000206","is_ascension_mode":false,"campfire_choices":[{"data":"Immolate","floor":6,"key":"SMITH"},{"data":"Fiend Fire","floor":10,"key":"SMITH"},{"data":"Battle Trance","floor":15,"key":"SMITH"},{"data":"Flame Barrier","floor":24,"key":"SMITH"},{"data":"Flame Barrier","floor":32,"key":"SMITH"}],"neow_cost":"PERCENT_DAMAGE","seed_source_timestamp":443070547661300,"circlet_count":0,"master_deck":["Strike_R","Strike_R","Strike_R","Strike_R","Defend_R","Defend_R","Defend_R","Defend_R","Bash","Immolate+1","Flame Barrier+1","Fiend Fire+1","Impervious","Thunderclap","Flame Barrier+1","Battle Trance+1","Exhume","Sever Soul+1","Disarm+1","Fiend Fire+1"],"relics":["Burning Blood","Regal Pillow","Mummified Hand","Peace Pipe","Velvet Choker","ClockworkSouvenir","MutagenicStrength","Gremlin Horn","Question Card","Strawberry","DollysMirror"],"potions_floor_usage":[33],"damage_taken":[{"damage":0,"enemies":"Cultist","floor":1,"turns":2},{"damage":3,"enemies":"Jaw Worm","floor":2,"turns":3},{"damage":0,"enemies":"2 Louse","floor":3,"turns":1},{"damage":0,"enemies":"2 Fungi Beasts","floor":4,"turns":2},{"damage":0,"enemies":"Exordium Wildlife","floor":5,"turns":3},{"damage":13,"enemies":"3 Sentries","floor":7,"turns":4},{"damage":4,"enemies":"Red Slaver","floor":8,"turns":3},{"damage":0,"enemies":"Looter","floor":11,"turns":2},{"damage":3,"enemies":"Gremlin Nob","floor":12,"turns":3},{"damage":0,"enemies":"2 Fungi Beasts","floor":13,"turns":1},{"damage":0,"enemies":"Large Slime","floor":14,"turns":2},{"damage":52,"enemies":"Hexaghost","floor":16,"turns":9},{"damage":10,"enemies":"Spheric Guardian","floor":18,"turns":3},{"damage":1,"enemies":"3 Byrds","floor":21,"turns":3},{"damage":0,"enemies":"Snecko","floor":23,"turns":1},{"damage":0,"enemies":"Gremlin Leader","floor":25,"turns":4},{"damage":25,"enemies":"Shelled Parasite and Fungi","floor":27,"turns":6},{"damage":2,"enemies":"Chosen and Byrds","floor":28,"turns":3},{"damage":17,"enemies":"Book of Stabbing","floor":29,"turns":4},{"damage":0,"enemies":"Centurion and Healer","floor":31,"turns":2},{"damage":89,"enemies":"Champ","floor":33,"turns":9}],"seed_played":"-7895648414800123287","potions_obtained":[{"floor":2,"key":"Dexterity Potion"},{"floor":4,"key":"Regen Potion"},{"floor":5,"key":"GamblersBrew"},{"floor":7,"key":"Swift Potion"},{"floor":13,"key":"Strength Potion"},{"floor":23,"key":"Energy Potion"}],"is_trial":false,"path_per_floor":["M","M","M","M","M","R","E","M","T","R","M","E","M","M","R","B",null,"M","$","?","M","?","M","R","E","T","M","M","E","$","M","R","B"],"character_chosen":"IRONCLAD","items_purchased":["ClockworkSouvenir","DollysMirror"],"campfire_rested":0,"item_purchase_floors":[19,30],"current_hp_per_floor":[62,65,71,77,80,80,73,75,75,75,80,80,80,80,80,34,80,76,76,76,80,80,80,80,80,80,61,65,61,61,67,67,0],"gold":215,"neow_bonus":"THREE_RARE_CARDS","is_prod":false,"is_daily":false,"chose_seed":false,"campfire_upgraded":5,"win_rate":0,"timestamp":1547506926,"path_taken":["M","M","M","?","M","R","E","M","T","R","?","E","?","M","R","BOSS","M","$","?","M","?","M","R","E","T","M","M","E","$","M","R","BOSS"],"build_version":"2019-01-10","purchased_purges":1,"victory":false,"max_hp_per_floor":[80,80,80,80,80,80,80,80,80,80,80,80,80,80,80,80,80,80,80,80,80,80,80,80,80,80,80,80,87,87,87,87,87],"card_choices":[{"not_picked":["Brutality","Juggernaut"],"picked":"Immolate","floor":0},{"not_picked":["Twin Strike","Pommel Strike","Clothesline"],"picked":"SKIP","floor":1},{"not_picked":["Body Slam","Twin Strike","Heavy Blade"],"picked":"SKIP","floor":2},{"not_picked":["Havoc","Clash"],"picked":"Flame Barrier","floor":3},{"not_picked":["Shrug It Off","Metallicize"],"picked":"Fiend Fire","floor":4},{"not_picked":["Iron Wave","Armaments","Sword Boomerang"],"picked":"SKIP","floor":5},{"not_picked":["Dual Wield","Searing Blow"],"picked":"Impervious","floor":7},{"not_picked":["Heavy Blade","Pommel Strike"],"picked":"Thunderclap","floor":8},{"not_picked":["Carnage","Power Through"],"picked":"Flame Barrier","floor":11},{"not_picked":["Pommel Strike","Hemokinesis","Iron Wave"],"picked":"SKIP","floor":12},{"not_picked":["Clash","Cleave"],"picked":"Battle Trance","floor":13},{"not_picked":["Spot Weakness","Dropkick","Cleave"],"picked":"SKIP","floor":14},{"not_picked":["Juggernaut","Berserk"],"picked":"Exhume","floor":16},{"not_picked":["Reckless Charge","Flex","Carnage+1"],"picked":"SKIP","floor":18},{"not_picked":["Entrench","Hemokinesis","Perfected Strike"],"picked":"SKIP","floor":21},{"not_picked":["Heavy Blade+1","Shrug It Off","Warcry+1"],"picked":"SKIP","floor":23},{"not_picked":["Dropkick+1","Combust","Sever Soul+1"],"picked":"SKIP","floor":25},{"not_picked":["Dropkick+1","Combust"],"picked":"Sever Soul+1","floor":25},{"not_picked":["Hemokinesis","True Grit","Warcry","Infernal Blade"],"picked":"SKIP","floor":27},{"not_picked":["Shrug It Off","Sentinel","Iron Wave","Thunderclap"],"picked":"SKIP","floor":28},{"not_picked":["Clash+1","Pummel","Barricade"],"picked":"Disarm+1","floor":29},{"not_picked":["Spot Weakness","Iron Wave","Evolve+1","Sword Boomerang+1"],"picked":"SKIP","floor":31}],"player_experience":459271,"relics_obtained":[{"floor":7,"key":"Regal Pillow"},{"floor":9,"key":"Mummified Hand"},{"floor":12,"key":"Peace Pipe"},{"floor":25,"key":"Gremlin Horn"},{"floor":26,"key":"Question Card"},{"floor":29,"key":"Strawberry"}],"event_choices":[{"damage_healed":0,"gold_gain":0,"player_choice":"Inject Mutagens","damage_taken":0,"relics_obtained":["MutagenicStrength"],"max_hp_gain":0,"max_hp_loss":0,"event_name":"Drug Dealer","floor":20,"gold_loss":0},{"damage_healed":0,"gold_gain":99,"player_choice":"Stole From Cult","damage_taken":0,"max_hp_gain":0,"max_hp_loss":0,"event_name":"Nest","floor":22,"gold_loss":0}],"is_beta":false,"boss_relics":[{"not_picked":["Coffee Dripper","Runic Pyramid"],"picked":"Velvet Choker"}],"items_purged_floors":[19],"is_endless":false,"potions_floor_spawned":[2,4,5,7,13,23,25,31],"killed_by":"Champ","ascension_level":0}