{"gold_per_floor":[118,135,152,25,35,35,70,70,148,176,176,206,206,37,37,109,109,121,134,34,48,48,74,94,121,192,217,67,87,115,134,134,205,205,215,215,215,230,240,240,274,294,294,321,321,339,387,419,419,419,419],"floor_reached":51,"playtime":1916,"items_purged":["Defend_R","Pain"],"score":1820,"play_id":"fd317ffe-d37b-4216-9734-bdfbd2eff69c","local_time":"20181227152343","is_ascension_mode":true,"campfire_choices":[{"data":"Perfected Strike","floor":6.0,"key":"SMITH"},{"data":"Perfected Strike","floor":11.0,"key":"SMITH"},{"data":"Shockwave","floor":13.0,"key":"SMITH"},{"data":"Rage","floor":15.0,"key":"SMITH"},{"data":"Bash","floor":32.0,"key":"SMITH"},{"data":"Double Tap","floor":40.0,"key":"SMITH"},{"data":"Disarm","floor":45.0,"key":"SMITH"},{"floor":49.0,"key":"RECALL"}],"neow_cost":"NONE","seed_source_timestamp":1197292884888,"circlet_count":0,"master_deck":["AscendersBane","Strike_R","Strike_R","Strike_R","Strike_R","Strike_R","Defend_R","Defend_R","Bash+1","Rage+1","Perfected Strike+1","Perfected Strike+1","Shockwave+1","Twin Strike","Double Tap+1","Perfected Strike+1","Disarm+1","Headbutt+1","Pommel Strike+1","Immolate+1","Shrug It Off+1","Pommel Strike+1","Reaper+1","Twin Strike+1","Metallicize+1","Demon Form+1"],"special_seed":0,"relics":["Burning Blood","Orichalcum","Charon\u0027s Ashes","WarpedTongs","Matryoshka","PreservedInsect","Bronze Scales","Lantern","Runic Dome","Pen Nib","Molten Egg 2","Omamori","Frozen Egg 2","Sundial","Darkstone Periapt","Red Skull","Mark of Pain","Dream Catcher","Blood Vial","Calipers","Bird Faced Urn","Art of War"],"potions_floor_usage":[],"damage_taken":[{"damage":4.0,"enemies":"Small Slimes","floor":1.0,"turns":4.0},{"damage":0.0,"enemies":"Cultist","floor":2.0,"turns":3.0},{"damage":11.0,"enemies":"Jaw Worm","floor":3.0,"turns":4.0},{"damage":18.0,"enemies":"Large Slime","floor":5.0,"turns":5.0},{"damage":20.0,"enemies":"Lagavulin","floor":7.0,"turns":5.0},{"damage":4.0,"enemies":"Gremlin Nob","floor":10.0,"turns":3.0},{"damage":9.0,"enemies":"Lagavulin","floor":12.0,"turns":5.0},{"damage":22.0,"enemies":"The Guardian","floor":16.0,"turns":6.0},{"damage":3.0,"enemies":"Spheric Guardian","floor":18.0,"turns":2.0},{"damage":10.0,"enemies":"2 Thieves","floor":19.0,"turns":3.0},{"damage":0.0,"enemies":"Shelled Parasite and Fungi","floor":21.0,"turns":2.0},{"damage":0.0,"enemies":"Gremlin Leader","floor":23.0,"turns":3.0},{"damage":12.0,"enemies":"Snake Plant","floor":24.0,"turns":2.0},{"damage":1.0,"enemies":"Book of Stabbing","floor":25.0,"turns":2.0},{"damage":0.0,"enemies":"Gremlin Leader","floor":27.0,"turns":3.0},{"damage":0.0,"enemies":"Cultist and Chosen","floor":29.0,"turns":2.0},{"damage":2.0,"enemies":"Slavers","floor":30.0,"turns":2.0},{"damage":0.0,"enemies":"Chosen and Byrds","floor":31.0,"turns":2.0},{"damage":39.0,"enemies":"Automaton","floor":33.0,"turns":5.0},{"damage":4.0,"enemies":"Orb Walker","floor":35.0,"turns":2.0},{"damage":0.0,"enemies":"3 Darklings","floor":38.0,"turns":2.0},{"damage":15.0,"enemies":"4 Shapes","floor":39.0,"turns":3.0},{"damage":0.0,"enemies":"Reptomancer","floor":41.0,"turns":2.0},{"damage":0.0,"enemies":"Transient","floor":42.0,"turns":6.0},{"damage":31.0,"enemies":"Giant Head","floor":44.0,"turns":6.0},{"damage":50.0,"enemies":"Spire Growth","floor":46.0,"turns":4.0},{"damage":0.0,"enemies":"2 Orb Walkers","floor":47.0,"turns":3.0},{"damage":0.0,"enemies":"Reptomancer","floor":48.0,"turns":2.0},{"damage":54.0,"enemies":"Time Eater","floor":50.0,"turns":5.0},{"damage":93,"enemies":"Awakened One","floor":51,"turns":7}],"seed_played":"-1639255930130912506","potions_obtained":[{"floor":1.0,"key":"Dexterity Potion"},{"floor":2.0,"key":"EssenceOfSteel"},{"floor":12.0,"key":"Energy Potion"},{"floor":24.0,"key":"SkillPotion"},{"floor":25.0,"key":"Fire Potion"},{"floor":27.0,"key":"Swift Potion"},{"floor":30.0,"key":"Fire Potion"},{"floor":38.0,"key":"Ancient Potion"},{"floor":44.0,"key":"SkillPotion"},{"floor":47.0,"key":"Swift Potion"}],"is_trial":false,"path_per_floor":["M","M","M","$","M","R","E","?","T","E","R","E","R","$","R","B",null,"M","M","$","M","?","E","M","E","T","E","$","M","E","M","R",null,"M","?","?","M","M","R","E","M","T","E","R","M","?","E","R"],"character_chosen":"IRONCLAD","items_purchased":["Perfected Strike","Lantern","Immolate+1"],"campfire_rested":0,"item_purchase_floors":[4,14,28],"current_hp_per_floor":[70,75,70,70,58,58,44,44,44,46,46,43,43,43,43,27,63,66,62,62,68,68,74,68,73,73,75,75,75,75,75,75,42,67,69,69,69,71,62,62,68,71,71,46,46,25,54,62,62,45,0],"gold":419,"neow_bonus":"RANDOM_COMMON_RELIC","is_prod":false,"is_daily":false,"chose_seed":false,"campfire_upgraded":7,"win_rate":0,"timestamp":1545895423,"path_taken":["M","M","M","$","M","R","E","?","T","E","R","E","R","?","R","BOSS","M","M","$","M","?","E","M","E","T","E","$","M","E","M","R","BOSS","M","?","?","M","?","R","E","M","T","E","R","M","?","E","R","BOSS","BOSS"],"build_version":"2018-12-25","purchased_purges":2,"victory":false,"max_hp_per_floor":[75,75,75,75,75,75,75,75,75,75,75,75,75,75,75,75,75,75,75,75,75,75,75,75,75,75,75,75,75,75,75,75,75,75,75,71,71,71,71,71,71,71,71,71,71,71,71,71,71,71,71],"card_choices":[{"not_picked":["Warcry","Headbutt"],"picked":"Rage","floor":1.0},{"not_picked":["Warcry","Iron Wave","Pummel"],"picked":"SKIP","floor":2.0},{"not_picked":["Infernal Blade","Uppercut"],"picked":"Perfected Strike","floor":3.0},{"not_picked":["Headbutt","Warcry","Body Slam"],"picked":"SKIP","floor":5.0},{"not_picked":["Warcry","Body Slam"],"picked":"Headbutt","floor":5.0},{"not_picked":["Havoc","Rage","Sword Boomerang"],"picked":"SKIP","floor":7.0},{"not_picked":["Second Wind","Reaper"],"picked":"Shockwave","floor":10.0},{"not_picked":["Seeing Red","Body Slam"],"picked":"Twin Strike","floor":12.0},{"not_picked":["Limit Break","Bludgeon"],"picked":"Double Tap","floor":16.0},{"not_picked":["Dropkick","Flame Barrier"],"picked":"Perfected Strike+1","floor":18.0},{"not_picked":["Rupture+1","Shrug It Off"],"picked":"Disarm","floor":19.0},{"not_picked":["Havoc","Wild Strike","Anger"],"picked":"SKIP","floor":21.0},{"not_picked":["Anger","Exhume"],"picked":"Headbutt","floor":23.0},{"not_picked":["Clash+1","Pummel+1","Iron Wave+1"],"picked":"SKIP","floor":24.0},{"not_picked":["Flex","Havoc","Cleave+1"],"picked":"SKIP","floor":25.0},{"not_picked":["Cleave+1","Shrug It Off"],"picked":"Pommel Strike+1","floor":27.0},{"not_picked":["Clash+1","Exhume"],"picked":"Shrug It Off+1","floor":29.0},{"not_picked":["Body Slam+1","Clothesline+1"],"picked":"Pommel Strike+1","floor":30.0},{"not_picked":["Thunderclap+1","Burning Pact+1","Dropkick+1"],"picked":"SKIP","floor":31.0},{"not_picked":["Demon Form+1","Berserk+1"],"picked":"Reaper+1","floor":33.0},{"not_picked":["Wild Strike+1","Cleave+1","Hemokinesis+1"],"picked":"SKIP","floor":35.0},{"not_picked":["Iron Wave+1","True Grit","Whirlwind+1"],"picked":"SKIP","floor":38.0},{"not_picked":["Metallicize+1","Body Slam+1"],"picked":"Twin Strike+1","floor":39.0},{"not_picked":["Anger+1","Thunderclap+1"],"picked":"Metallicize+1","floor":41.0},{"not_picked":["Warcry","Pommel Strike+1"],"picked":"Demon Form+1","floor":42.0},{"not_picked":["Body Slam+1","Iron Wave+1","Heavy Blade+1"],"picked":"SKIP","floor":44.0},{"not_picked":["Hemokinesis+1","Sever Soul+1","Thunderclap+1"],"picked":"SKIP","floor":46.0},{"not_picked":["Body Slam+1","Headbutt+1","Entrench"],"picked":"SKIP","floor":48.0}],"player_experience":1184308,"relics_obtained":[{"floor":7.0,"key":"Charon\u0027s Ashes"},{"floor":9.0,"key":"Matryoshka"},{"floor":10.0,"key":"PreservedInsect"},{"floor":12.0,"key":"Bronze Scales"},{"floor":23.0,"key":"Molten Egg 2"},{"floor":25.0,"key":"Omamori"},{"floor":26.0,"key":"Frozen Egg 2"},{"floor":26.0,"key":"Sundial"},{"floor":27.0,"key":"Darkstone Periapt"},{"floor":30.0,"key":"Red Skull"},{"floor":41.0,"key":"Dream Catcher"},{"floor":43.0,"key":"Blood Vial"},{"floor":44.0,"key":"Calipers"},{"floor":47.0,"key":"Bird Faced Urn"},{"floor":48.0,"key":"Art of War"}],"event_choices":[{"damage_healed":0.0,"max_hp_gain":0.0,"max_hp_loss":0.0,"gold_gain":0.0,"event_name":"Accursed Blacksmith","player_choice":"Rummage","floor":8.0,"gold_loss":0.0,"damage_taken":0.0,"relics_obtained":["WarpedTongs"],"cards_obtained":["Pain"]},{"cards_removed":["Headbutt"],"damage_healed":0.0,"max_hp_gain":0.0,"max_hp_loss":0.0,"gold_gain":0.0,"event_name":"WeMeetAgain","player_choice":"Gave Card","floor":22.0,"gold_loss":0.0,"damage_taken":0.0,"relics_obtained":["Pen Nib"]},{"damage_healed":0.0,"max_hp_gain":0.0,"max_hp_loss":4.0,"gold_gain":0.0,"event_name":"Winding Halls","player_choice":"Max HP","floor":36.0,"gold_loss":0.0,"damage_taken":0.0},{"cards_removed":["Defend_R"],"damage_healed":0.0,"max_hp_gain":0.0,"max_hp_loss":0.0,"gold_gain":0.0,"event_name":"Wheel of Change","player_choice":"Card Removal","floor":37.0,"gold_loss":0.0,"damage_taken":0.0},{"damage_healed":0.0,"max_hp_gain":0.0,"max_hp_loss":0.0,"gold_gain":0.0,"event_name":"Mysterious Sphere","player_choice":"Fight","floor":47.0,"gold_loss":0.0,"damage_taken":0.0}],"is_beta":true,"boss_relics":[{"not_picked":["Calling Bell","Sozu"],"picked":"Runic Dome"},{"not_picked":["Runic Cube","Black Star"],"picked":"Mark of Pain"}],"items_purged_floors":[4,20],"is_endless":false,"potions_floor_spawned":[1,2,12,24,25,27,30,31,38,44,46,47,48],"killed_by":"Awakened One","ascension_level":20}