{"gold_per_floor":[112,124,141,156,173,203,203,218,242,19,19,29,61,20,20,121,121,136,136,36,36,36,36,36],"floor_reached":24,"playtime":2079,"items_purged":["Strike_R","Strike_R"],"score":264,"play_id":"178cc934-c915-42ff-a2bc-b4221a4da93e","local_time":"20190414192039","is_ascension_mode":true,"campfire_choices":[{"data":"Rage","floor":7.0,"key":"SMITH"},{"floor":15.0,"key":"REST"},{"data":"Demon Form","floor":23,"key":"SMITH"}],"neow_cost":"NONE","seed_source_timestamp":0,"circlet_count":0,"master_deck":["Strike_R","Strike_R","Strike_R","Defend_R","Defend_R","Defend_R","Defend_R","Bash","Bloodletting","Pommel Strike","Whirlwind","Rage+1","Reckless Charge","Demon Form+1","Dark Embrace","Ghostly Armor"],"special_seed":0,"relics":["Burning Blood","Singing Bowl","Bronze Scales","Bottled Flame","Busted Crown","Nloth\u0027s Gift"],"potions_floor_usage":[],"damage_taken":[{"damage":11.0,"enemies":"Cultist","floor":1.0,"turns":5.0},{"damage":4.0,"enemies":"2 Louse","floor":2.0,"turns":4.0},{"damage":0.0,"enemies":"Small Slimes","floor":3.0,"turns":3.0},{"damage":14.0,"enemies":"Blue Slaver","floor":4.0,"turns":5.0},{"damage":15.0,"enemies":"Lots of Slimes","floor":5.0,"turns":2.0},{"damage":13.0,"enemies":"3 Sentries","floor":6.0,"turns":5.0},{"damage":10.0,"enemies":"2 Fungi Beasts","floor":8.0,"turns":3.0},{"damage":25.0,"enemies":"Exordium Thugs","floor":12.0,"turns":4.0},{"damage":33.0,"enemies":"Lagavulin","floor":13.0,"turns":5.0},{"damage":25.0,"enemies":"The Guardian","floor":16.0,"turns":7.0},{"damage":27.0,"enemies":"Shell Parasite","floor":18.0,"turns":5.0},{"damage":19.0,"enemies":"2 Thieves","floor":21.0,"turns":4.0},{"damage":38,"enemies":"Colosseum Slavers","floor":22,"turns":5},{"damage":30,"enemies":"Gremlin Leader","floor":24,"turns":1}],"seed_played":"-8666407209703333613","potions_obtained":[{"floor":2.0,"key":"Energy Potion"},{"floor":3.0,"key":"SpeedPotion"},{"floor":4.0,"key":"SkillPotion"},{"floor":6.0,"key":"Ancient Potion"},{"floor":12.0,"key":"EssenceOfSteel"},{"floor":13.0,"key":"Explosive Potion"}],"is_trial":false,"path_per_floor":["M","M","M","M","M","E","R","M","T","$","?","M","E","?","R","B",null,"M","?","$","M","?","R","E"],"character_chosen":"IRONCLAD","items_purchased":["Vajra"],"campfire_rested":1,"item_purchase_floors":[10],"current_hp_per_floor":[83,85,88,80,71,66,66,64,64,64,55,38,11,11,39,20,94,73,73,73,62,30,30,0],"gold":36,"neow_bonus":"TEN_PERCENT_HP_BONUS","is_prod":false,"is_daily":false,"chose_seed":false,"campfire_upgraded":2,"win_rate":0,"timestamp":1555280439,"path_taken":["M","M","M","M","M","E","R","M","T","?","?","?","E","?","R","BOSS","M","?","$","?","?","R","E"],"build_version":"2019-01-23","purchased_purges":2,"victory":false,"max_hp_per_floor":[88,88,88,88,88,90,90,92,92,92,92,94,94,94,94,94,94,94,94,94,96,96,96,96],"card_choices":[{"not_picked":["Wild Strike","Fire Breathing"],"picked":"Bloodletting","floor":1.0},{"not_picked":["Dual Wield","Clothesline"],"picked":"Pommel Strike","floor":2.0},{"not_picked":["Flex","Perfected Strike"],"picked":"Whirlwind","floor":3.0},{"not_picked":["Perfected Strike","True Grit"],"picked":"Rage","floor":4.0},{"not_picked":["Havoc","Sword Boomerang"],"picked":"Reckless Charge","floor":5.0},{"not_picked":["Wild Strike","Clothesline","Feel No Pain"],"picked":"Singing Bowl","floor":6.0},{"not_picked":["Heavy Blade","Pummel","Exhume"],"picked":"Singing Bowl","floor":8.0},{"not_picked":["Body Slam","Thunderclap","Sever Soul"],"picked":"Singing Bowl","floor":12.0},{"not_picked":["Whirlwind","Flex"],"picked":"Demon Form","floor":13.0},{"not_picked":["Barricade","Brutality"],"picked":"Dark Embrace","floor":16.0},{"not_picked":[],"picked":"Ghostly Armor","floor":18.0},{"not_picked":["Havoc"],"picked":"Singing Bowl","floor":21.0}],"player_experience":178884,"relics_obtained":[{"floor":6.0,"key":"Singing Bowl"},{"floor":9.0,"key":"Bronze Scales"},{"floor":13.0,"key":"Bottled Flame"}],"event_choices":[{"damage_healed":0.0,"max_hp_gain":0.0,"max_hp_loss":0.0,"gold_gain":0.0,"event_name":"Wheel of Change","player_choice":"Damaged","floor":11.0,"gold_loss":0.0,"damage_taken":9.0},{"damage_healed":0.0,"max_hp_gain":0.0,"max_hp_loss":0.0,"gold_gain":0.0,"event_name":"World of Goop","player_choice":"Left Gold","floor":14.0,"gold_loss":41.0,"damage_taken":0.0},{"damage_healed":0.0,"max_hp_gain":0.0,"max_hp_loss":0.0,"gold_gain":0.0,"event_name":"N\u0027loth","player_choice":"Traded Relic","floor":19.0,"relics_lost":["Vajra"],"gold_loss":0.0,"damage_taken":0.0,"relics_obtained":["Nloth\u0027s Gift"]},{"damage_healed":0,"gold_gain":0,"player_choice":"Fight","damage_taken":0,"max_hp_gain":0,"max_hp_loss":0,"event_name":"Colosseum","floor":22,"gold_loss":0},{"damage_healed":0,"gold_gain":0,"player_choice":"Fled From Nobs","damage_taken":0,"max_hp_gain":0,"max_hp_loss":0,"event_name":"Colosseum","floor":22,"gold_loss":0}],"is_beta":false,"boss_relics":[{"not_picked":["Velvet Choker","Empty Cage"],"picked":"Busted Crown"}],"items_purged_floors":[10,20],"is_endless":false,"potions_floor_spawned":[2,3,4,6,12,13,22],"killed_by":"Gremlin Leader","ascension_level":3}