{"gold_per_floor":[119,135,150,161,178,178,238,251,300,300,30,57,57,57,57,134,134,145,145,155,166,166,166,193,213,213,213],"floor_reached":27,"playtime":1127,"items_purged":["Strike_G"],"score":429,"play_id":"81ffd8d7-b5f8-47f3-940f-a0d0259862f5","local_time":"20190429120128","is_ascension_mode":true,"campfire_choices":[{"data":"Neutralize","floor":6.0,"key":"SMITH"},{"data":"Poisoned Stab","floor":10.0,"key":"SMITH"},{"data":"Footwork","floor":13.0,"key":"SMITH"},{"data":"Poisoned Stab","floor":15.0,"key":"SMITH"},{"data":"Well Laid Plans","floor":23.0,"key":"SMITH"}],"neow_cost":"NONE","seed_source_timestamp":29993434048224,"circlet_count":0,"master_deck":["AscendersBane","Defend_G","Defend_G","Defend_G","Defend_G","Defend_G","Strike_G","Strike_G","Survivor","Neutralize+1","Blade Dance","Poisoned Stab+1","Cloak And Dagger","Quick Slash","Deflect","Footwork+1","Poisoned Stab+1","Well Laid Plans+1","Corpse Explosion","Adrenaline","Unload","Caltrops","Tactician+1","Wraith Form v2","Dodge and Roll+1","Footwork+1"],"special_seed":0,"relics":["Ring of the Snake","Tiny Chest","Happy Flower","Membership Card","Juzu Bracelet","Sozu","Letter Opener","Girya"],"potions_floor_usage":[],"damage_taken":[{"damage":3.0,"enemies":"Cultist","floor":1.0,"turns":6.0},{"damage":1.0,"enemies":"2 Louse","floor":2.0,"turns":4.0},{"damage":7.0,"enemies":"Small Slimes","floor":3.0,"turns":3.0},{"damage":0.0,"enemies":"3 Louse","floor":4.0,"turns":4.0},{"damage":9.0,"enemies":"Looter","floor":5.0,"turns":4.0},{"damage":19.0,"enemies":"Gremlin Nob","floor":7.0,"turns":4.0},{"damage":5.0,"enemies":"Large Slime","floor":8.0,"turns":5.0},{"damage":5.0,"enemies":"3 Sentries","floor":12.0,"turns":9.0},{"damage":17.0,"enemies":"The Guardian","floor":16.0,"turns":11.0},{"damage":0.0,"enemies":"Chosen","floor":18.0,"turns":4.0},{"damage":0.0,"enemies":"3 Byrds","floor":20.0,"turns":3.0},{"damage":11.0,"enemies":"Snake Plant","floor":21.0,"turns":4.0},{"damage":45,"enemies":"Gremlin Leader","floor":24,"turns":8},{"damage":1,"enemies":"Cultist and Chosen","floor":25,"turns":6},{"damage":9,"enemies":"Slavers","floor":27,"turns":3}],"seed_played":"7585710456470546989","potions_obtained":[{"floor":1.0,"key":"LiquidBronze"},{"floor":3.0,"key":"Weak Potion"},{"floor":4.0,"key":"Strength Potion"},{"floor":5.0,"key":"Regen Potion"},{"floor":7.0,"key":"Dexterity Potion"}],"is_trial":false,"path_per_floor":["M","M","M","M","M","R","E","M","T","R","$","E","R","?","R","B",null,"M","?","M","M","?","R","E","M","T","E"],"character_chosen":"THE_SILENT","items_purchased":["Membership Card","Well Laid Plans"],"campfire_rested":0,"item_purchase_floors":[11,11],"current_hp_per_floor":[62,61,54,54,45,45,26,36,36,36,36,31,31,31,31,14,58,58,58,58,47,47,47,2,1,1,0],"gold":213,"neow_bonus":"TEN_PERCENT_HP_BONUS","is_prod":false,"is_daily":false,"chose_seed":false,"campfire_upgraded":5,"win_rate":0,"timestamp":1556564488,"path_taken":["M","M","?","M","M","R","E","M","T","R","$","E","R","?","R","BOSS","M","?","M","M","?","R","E","M","T","E"],"build_version":"2019-01-23","purchased_purges":1,"victory":false,"max_hp_per_floor":[72,72,72,72,72,72,72,72,72,72,72,72,72,72,72,72,72,72,72,72,72,72,72,72,72,72,72],"card_choices":[{"not_picked":["Backflip","Prepared"],"picked":"Blade Dance","floor":1.0},{"not_picked":["Deflect","Slice"],"picked":"Poisoned Stab","floor":2.0},{"not_picked":["Skewer","Blade Dance"],"picked":"Cloak And Dagger","floor":3.0},{"not_picked":["Blade Dance","Dodge and Roll"],"picked":"Quick Slash","floor":4.0},{"not_picked":["Flying Knee","Masterful Stab"],"picked":"Deflect","floor":5.0},{"not_picked":["Bullet Time","Finisher"],"picked":"Footwork","floor":7.0},{"not_picked":["Deflect","Tactician"],"picked":"Poisoned Stab","floor":8.0},{"not_picked":["Bouncing Flask","Heel Hook"],"picked":"Corpse Explosion","floor":12.0},{"not_picked":["Envenom","Wraith Form v2"],"picked":"Adrenaline","floor":16.0},{"not_picked":["Blade Dance","Sucker Punch","Dagger Throw"],"picked":"SKIP","floor":18.0},{"not_picked":["Sucker Punch","Quick Slash"],"picked":"Tactician+1","floor":20.0},{"not_picked":["Bane","Sucker Punch"],"picked":"Wraith Form v2","floor":21.0},{"not_picked":["Reflex+1","Choke+1"],"picked":"Dodge and Roll+1","floor":24},{"not_picked":["Accuracy","Deadly Poison"],"picked":"Footwork+1","floor":25}],"player_experience":2503442,"relics_obtained":[{"floor":7.0,"key":"Tiny Chest"},{"floor":9.0,"key":"Happy Flower"},{"floor":12.0,"key":"Juzu Bracelet"},{"floor":24,"key":"Letter Opener"},{"floor":26,"key":"Girya"}],"event_choices":[{"damage_healed":0.0,"max_hp_gain":0.0,"max_hp_loss":0.0,"gold_gain":0.0,"event_name":"The Cleric","player_choice":"Leave","floor":14.0,"gold_loss":0.0,"damage_taken":0.0},{"damage_healed":0.0,"max_hp_gain":0.0,"max_hp_loss":0.0,"gold_gain":0.0,"cards_transformed":["Strike_G","Strike_G"],"event_name":"Drug Dealer","player_choice":"Became Test Subject","floor":19.0,"gold_loss":0.0,"damage_taken":0.0,"cards_obtained":["Unload","Caltrops"]}],"is_beta":false,"boss_relics":[{"not_picked":["Tiny House","Calling Bell"],"picked":"Sozu"}],"items_purged_floors":[11],"is_endless":false,"potions_floor_spawned":[1,3,4,5,7,24,25],"killed_by":"Slavers","ascension_level":15}