{"gold_per_floor":[113,163,180,180,190,190,215,215,215,215,231,183,215,230,230,301,301,313,324,339,264,278,278,311,311,335,366,366,383,10,22,22,22],"floor_reached":33,"playtime":1300,"items_purged":[],"score":545,"play_id":"3a85cfa1-a8fc-4c9a-b3da-c0697fe19bc7","local_time":"20181024221925","is_ascension_mode":true,"campfire_choices":[{"data":"Clothesline","floor":6.0,"key":"SMITH"},{"data":"Bash","floor":8.0,"key":"SMITH"},{"data":"Disarm","floor":10.0,"key":"SMITH"},{"data":"True Grit","floor":15.0,"key":"SMITH"},{"data":"Iron Wave","floor":23,"key":"SMITH"},{"data":"Anger","floor":25,"key":"SMITH"},{"floor":28,"key":"REST"},{"data":"Rampage","floor":32,"key":"SMITH"}],"neow_cost":"NONE","seed_source_timestamp":47314718493609,"circlet_count":0,"master_deck":["Strike_R","Strike_R","Strike_R","Strike_R","Defend_R","Defend_R","Defend_R","Defend_R","Bash+1","AscendersBane","Clothesline+1","Iron Wave+1","Anger+1","Disarm+1","Headbutt","True Grit+1","Fiend Fire","Rampage+1","Twin Strike","Cleave","Impervious","Flame Barrier","Sword Boomerang+1","Feel No Pain"],"special_seed":0,"relics":["Burning Blood","Bronze Scales","Shuriken","Pear","Darkstone Periapt","Pen Nib","Mark of Pain","Mango","Happy Flower","Meat on the Bone","Ice Cream"],"potions_floor_usage":[24,24,33],"damage_taken":[{"damage":23.0,"enemies":"Jaw Worm","floor":1.0,"turns":4.0},{"damage":0.0,"enemies":"Cultist","floor":3.0,"turns":3.0},{"damage":2.0,"enemies":"Small Slimes","floor":5.0,"turns":4.0},{"damage":21.0,"enemies":"Gremlin Nob","floor":7.0,"turns":4.0},{"damage":0.0,"enemies":"Blue Slaver","floor":11.0,"turns":4.0},{"damage":10.0,"enemies":"3 Sentries","floor":13.0,"turns":6.0},{"damage":3.0,"enemies":"Large Slime","floor":14.0,"turns":5.0},{"damage":28.0,"enemies":"Slime Boss","floor":16.0,"turns":7.0},{"damage":11.0,"enemies":"Shell Parasite","floor":18.0,"turns":6.0},{"damage":0.0,"enemies":"Spheric Guardian","floor":19.0,"turns":3.0},{"damage":20.0,"enemies":"Snake Plant","floor":20.0,"turns":3.0},{"damage":14,"enemies":"Snecko","floor":22,"turns":4},{"damage":29,"enemies":"Book of Stabbing","floor":24,"turns":5},{"damage":49,"enemies":"Gremlin Leader","floor":27,"turns":9},{"damage":2,"enemies":"Centurion and Healer","floor":29,"turns":6},{"damage":14,"enemies":"Snake Plant","floor":31,"turns":3},{"damage":58,"enemies":"Automaton","floor":33,"turns":6}],"seed_played":"-7942434618558804636","potions_obtained":[{"floor":1.0,"key":"SpeedPotion"},{"floor":11.0,"key":"AttackPotion"},{"floor":14.0,"key":"BloodPotion"},{"floor":16.0,"key":"Energy Potion"},{"floor":22,"key":"SteroidPotion"},{"floor":27,"key":"Poison Potion"},{"floor":29,"key":"Energy Potion"},{"floor":31,"key":"SkillPotion"}],"is_trial":false,"path_per_floor":["M","?","M","T","M","R","E","R","T","R","M","$","E","M","R","B",null,"M","M","M","?","M","R","E","R","T","E","R","M","$","M","R"],"character_chosen":"IRONCLAD","items_purchased":["SteroidPotion","Ice Cream","Feel No Pain"],"campfire_rested":1,"item_purchase_floors":[12,30,30],"current_hp_per_floor":[51,51,57,57,61,61,56,56,56,56,62,62,58,61,61,39,74,69,75,61,61,53,53,52,52,52,9,38,54,54,58,58,0],"gold":22,"neow_bonus":"RANDOM_COMMON_RELIC","is_prod":false,"is_daily":false,"chose_seed":false,"campfire_upgraded":7,"win_rate":0,"timestamp":1540444765,"path_taken":["M","?","M","?","M","R","E","R","T","R","M","$","E","M","R","BOSS","M","M","M","?","M","R","E","R","T","E","R","?","$","M","R","BOSS"],"build_version":"2018-10-18","purchased_purges":0,"victory":false,"max_hp_per_floor":[75,75,75,75,75,75,85,85,85,85,85,85,85,85,85,85,85,85,85,85,85,85,85,99,99,99,99,99,99,99,99,99,99],"card_choices":[{"not_picked":["Hemokinesis","Spot Weakness"],"picked":"Clothesline","floor":1.0},{"not_picked":["Cleave","Armaments"],"picked":"Iron Wave","floor":3.0},{"not_picked":["Shrug It Off","Flex"],"picked":"Anger","floor":5.0},{"not_picked":["Anger","Headbutt"],"picked":"Disarm","floor":7.0},{"not_picked":["Heavy Blade","Iron Wave","Spot Weakness"],"picked":"SKIP","floor":11.0},{"not_picked":["Clash","Wild Strike"],"picked":"Headbutt","floor":13.0},{"not_picked":["Corruption","Clash"],"picked":"True Grit","floor":14.0},{"not_picked":["Double Tap","Berserk"],"picked":"Fiend Fire","floor":16.0},{"not_picked":["Carnage","Wild Strike"],"picked":"Rampage","floor":18.0},{"not_picked":["Perfected Strike+1","Sentinel"],"picked":"Twin Strike","floor":19.0},{"not_picked":["Wild Strike","Bloodletting","Heavy Blade"],"picked":"SKIP","floor":20.0},{"not_picked":["Dropkick+1","Perfected Strike+1"],"picked":"Cleave","floor":22},{"not_picked":["Power Through","Heavy Blade"],"picked":"Impervious","floor":24},{"not_picked":["Perfected Strike","Armaments"],"picked":"Flame Barrier","floor":27},{"not_picked":["Hemokinesis","Clash"],"picked":"Sword Boomerang+1","floor":29},{"not_picked":["Iron Wave","Perfected Strike","Rampage"],"picked":"SKIP","floor":31}],"player_experience":1450012,"relics_obtained":[{"floor":4.0,"key":"Shuriken"},{"floor":7.0,"key":"Pear"},{"floor":9.0,"key":"Darkstone Periapt"},{"floor":13.0,"key":"Pen Nib"},{"floor":24,"key":"Mango"},{"floor":26,"key":"Happy Flower"},{"floor":27,"key":"Meat on the Bone"}],"event_choices":[{"damage_healed":0.0,"max_hp_gain":0.0,"max_hp_loss":0.0,"gold_gain":100.0,"event_name":"Golden Shrine","player_choice":"Pray","floor":2.0,"gold_loss":0.0,"damage_taken":0.0},{"cards_removed":["Strike_R"],"damage_healed":0.0,"max_hp_gain":0.0,"max_hp_loss":0.0,"gold_gain":0.0,"event_name":"Beggar","player_choice":"Gave Gold","floor":21.0,"gold_loss":75.0,"damage_taken":0.0}],"is_beta":false,"boss_relics":[{"not_picked":["Black Blood","Velvet Choker"],"picked":"Mark of Pain"}],"items_purged_floors":[],"is_endless":false,"potions_floor_spawned":[1,11,14,16,22,27,29,31],"killed_by":"Automaton","ascension_level":15}