{"gold_per_floor":[111,111,111,131,144,144,171,171,197,223,20,20,47,63,63,135,135,155,70,20,20,20,20,55,55,55,55,80,80,113,130,130,130],"floor_reached":33,"playtime":1014,"items_purged":[],"score":555,"play_id":"46d9dfc1-4267-4ed2-ba49-239347702913","local_time":"20181109182134","is_ascension_mode":true,"campfire_choices":[{"data":"Hemokinesis","floor":6.0,"key":"SMITH"},{"data":"Immolate","floor":8.0,"key":"SMITH"},{"data":"Corruption","floor":12.0,"key":"SMITH"},{"data":"Shockwave","floor":15.0,"key":"SMITH"},{"data":"Feel No Pain","floor":23.0,"key":"SMITH"},{"data":"True Grit","floor":27.0,"key":"SMITH"},{"floor":32,"key":"REST"}],"neow_cost":"NONE","seed_source_timestamp":36601078493505,"circlet_count":0,"master_deck":["AscendersBane","Strike_R","Defend_R","Defend_R","Defend_R","Defend_R","Bash","Hemokinesis+1","Shockwave+1","Headbutt","Corruption+1","Immolate+1","Anger","Ghostly Armor","Impervious","Searing Blow+1","Sword Boomerang+1","Second Wind+1","Feel No Pain+1","Disarm","True Grit+1","Impervious","Decay","Metallicize+1","Reckless Charge+1"],"special_seed":0,"relics":["Burning Blood","Regal Pillow","Boot","Centennial Puzzle","Medical Kit","Magic Flower","Astrolabe","Shovel","Juzu Bracelet","Vajra","Frozen Egg 2","Anchor","Molten Egg 2"],"potions_floor_usage":[],"damage_taken":[{"damage":5.0,"enemies":"2 Louse","floor":1.0,"turns":2.0},{"damage":7.0,"enemies":"Small Slimes","floor":4.0,"turns":3.0},{"damage":10.0,"enemies":"Jaw Worm","floor":5.0,"turns":4.0},{"damage":27.0,"enemies":"Gremlin Nob","floor":7.0,"turns":4.0},{"damage":10.0,"enemies":"Lagavulin","floor":10.0,"turns":6.0},{"damage":19.0,"enemies":"3 Sentries","floor":13.0,"turns":6.0},{"damage":0.0,"enemies":"2 Fungi Beasts","floor":14.0,"turns":1.0},{"damage":31.0,"enemies":"The Guardian","floor":16.0,"turns":7.0},{"damage":5.0,"enemies":"3 Byrds","floor":18.0,"turns":3.0},{"damage":16.0,"enemies":"Slavers","floor":24.0,"turns":4.0},{"damage":19.0,"enemies":"Gremlin Leader","floor":28.0,"turns":6.0},{"damage":39,"enemies":"Slavers","floor":30,"turns":9},{"damage":2,"enemies":"Spheric Guardian","floor":31,"turns":5},{"damage":98,"enemies":"Collector","floor":33,"turns":12}],"seed_played":"4694117623914146478","potions_obtained":[{"floor":4.0,"key":"Weak Potion"},{"floor":5.0,"key":"PowerPotion"},{"floor":14.0,"key":"SkillPotion"},{"floor":24.0,"key":"AttackPotion"},{"floor":28.0,"key":"FairyPotion"},{"floor":31,"key":"SmokeBomb"}],"is_trial":false,"path_per_floor":["M","?","?","M","M","R","E","R","T","E","$","R","E","M","R","B",null,"M","?","$","?","?","R","E","?","T","R","E","?","E","M","R","B"],"character_chosen":"IRONCLAD","items_purchased":["Medical Kit","PowerPotion"],"campfire_rested":1,"item_purchase_floors":[11,20],"current_hp_per_floor":[69,69,69,68,64,64,43,43,43,39,39,39,26,35,35,13,60,64,64,64,64,64,64,57,57,57,57,47,47,17,24,61,0],"gold":130,"neow_bonus":"TRANSFORM_CARD","is_prod":false,"is_daily":false,"chose_seed":false,"campfire_upgraded":6,"win_rate":0,"timestamp":1541816494,"path_taken":["M","?","?","M","M","R","E","R","T","E","$","R","E","M","R","BOSS","M","?","$","?","?","R","E","?","T","R","E","?","E","M","R","BOSS"],"build_version":"2018-11-08","purchased_purges":0,"victory":false,"max_hp_per_floor":[75,75,75,75,75,75,75,75,75,75,75,75,75,75,75,75,75,75,75,75,75,75,75,75,75,75,75,75,75,75,75,75,75],"card_choices":[{"not_picked":["Perfected Strike","Intimidate"],"picked":"Shockwave","floor":1.0},{"not_picked":["Perfected Strike","Heavy Blade"],"picked":"Headbutt","floor":4.0},{"not_picked":["Pommel Strike","Thunderclap"],"picked":"Corruption","floor":5.0},{"not_picked":["Second Wind","Shrug It Off"],"picked":"Immolate","floor":7.0},{"not_picked":["Body Slam","Intimidate"],"picked":"Anger","floor":10.0},{"not_picked":["Headbutt","Clothesline"],"picked":"Ghostly Armor","floor":13.0},{"not_picked":["Berserk","Headbutt","Infernal Blade"],"picked":"SKIP","floor":14.0},{"not_picked":["Exhume","Dark Embrace"],"picked":"Impervious","floor":16.0},{"not_picked":["Flex","Disarm+1"],"picked":"Feel No Pain","floor":18.0},{"not_picked":["Wild Strike+1","Thunderclap"],"picked":"True Grit","floor":24.0},{"not_picked":["Twin Strike","Iron Wave+1"],"picked":"Impervious","floor":28.0},{"not_picked":["Anger","Blood for Blood"],"picked":"Metallicize+1","floor":30},{"not_picked":["Iron Wave+1","Pommel Strike+1"],"picked":"Reckless Charge+1","floor":31}],"player_experience":1613500,"relics_obtained":[{"floor":7.0,"key":"Regal Pillow"},{"floor":9.0,"key":"Boot"},{"floor":10.0,"key":"Centennial Puzzle"},{"floor":13.0,"key":"Magic Flower"},{"floor":24.0,"key":"Vajra"},{"floor":26.0,"key":"Frozen Egg 2"},{"floor":28.0,"key":"Anchor"},{"floor":30,"key":"Molten Egg 2"}],"event_choices":[{"damage_healed":0.0,"max_hp_gain":0.0,"max_hp_loss":0.0,"gold_gain":0.0,"event_name":"Liars Game","player_choice":"Ignored","floor":2.0,"gold_loss":0.0,"damage_taken":0.0},{"damage_healed":0.0,"max_hp_gain":0.0,"max_hp_loss":0.0,"gold_gain":0.0,"event_name":"Shining Light","player_choice":"Ignored","floor":3.0,"gold_loss":0.0,"damage_taken":0.0},{"damage_healed":0.0,"max_hp_gain":0.0,"max_hp_loss":0.0,"gold_gain":0.0,"event_name":"Addict","player_choice":"Obtained Relic","floor":19.0,"gold_loss":85.0,"damage_taken":0.0,"relics_obtained":["Shovel"]},{"damage_healed":0.0,"max_hp_gain":0.0,"max_hp_loss":0.0,"gold_gain":0.0,"event_name":"WeMeetAgain","player_choice":"Gave Potion","floor":21.0,"gold_loss":0.0,"damage_taken":0.0,"relics_obtained":["Juzu Bracelet"]},{"damage_healed":0.0,"max_hp_gain":0.0,"max_hp_loss":0.0,"gold_gain":0.0,"event_name":"The Library","player_choice":"Read","floor":22.0,"gold_loss":0.0,"damage_taken":0.0,"cards_obtained":["Disarm"]},{"damage_healed":0.0,"max_hp_gain":0.0,"max_hp_loss":0.0,"gold_gain":0.0,"event_name":"Beggar","player_choice":"Ignored","floor":25.0,"gold_loss":0.0,"damage_taken":0.0},{"damage_healed":0.0,"max_hp_gain":0.0,"max_hp_loss":0.0,"gold_gain":0.0,"event_name":"Forgotten Altar","player_choice":"Smashed Altar","floor":29.0,"gold_loss":0.0,"damage_taken":0.0,"cards_obtained":["Decay"]}],"is_beta":false,"boss_relics":[{"not_picked":["Runic Cube","Busted Crown"],"picked":"Astrolabe"}],"items_purged_floors":[],"is_endless":false,"potions_floor_spawned":[4,5,14,24,28,31],"killed_by":"Collector","ascension_level":15}