{"gold_per_floor":[115,135,148,166,184,184,217,237,261,290,309,309,332,402,402,476,476,492,692,704,704,715,715,740,740,740,17,52,63,88,102,102,175,175,190,190,204,22,37,70,70,98,124,124,124,155,172,218,218,218],"floor_reached":51,"playtime":2425,"items_purged":["Strike_R","Strike_R"],"score":1644,"play_id":"a310dae1-e4f9-4eb1-97e1-45cdfba6e4a4","local_time":"20190222120510","is_ascension_mode":true,"campfire_choices":[{"data":"Bash","floor":6.0,"key":"SMITH"},{"data":"Metallicize","floor":12.0,"key":"SMITH"},{"data":"Havoc","floor":15.0,"key":"SMITH"},{"data":"Spot Weakness","floor":23,"key":"SMITH"},{"data":"Flame Barrier","floor":25,"key":"SMITH"},{"data":"Corruption","floor":32,"key":"SMITH"},{"data":"Feel No Pain","floor":41,"key":"SMITH"},{"data":"Spot Weakness","floor":44,"key":"SMITH"},{"data":"Heavy Blade","floor":49,"key":"SMITH"}],"neow_cost":"NONE","seed_source_timestamp":8841279978719,"circlet_count":0,"master_deck":["AscendersBane","Strike_R","Defend_R","Defend_R","Defend_R","Defend_R","Bash+1","Havoc+1","Pommel Strike","Pommel Strike","Metallicize+1","Shrug It Off","Anger","Iron Wave","Shrug It Off","Clothesline","Reaper","Feel No Pain","Spot Weakness+1","Intimidate","Spot Weakness+1","Flame Barrier+1","Shrug It Off","Corruption+1","Apotheosis","Heavy Blade+1","Battle Trance","Offering","Feel No Pain+1","Shrug It Off","Shrug It Off","Dark Embrace","Heavy Blade+1","Metallicize"],"special_seed":0,"relics":["Burning Blood","Singing Bowl","Potion Belt","Mercury Hourglass","Odd Mushroom","Velvet Choker","Anchor","Pantograph","FossilizedHelix","Regal Pillow","Torii","Black Star","Molten Egg 2","Bottled Tornado","Juzu Bracelet","Darkstone Periapt","Bag of Preparation","Pen Nib","Bottled Lightning","Unceasing Top"],"potions_floor_usage":[22,24,28,30,37,40,46,50],"damage_taken":[{"damage":6.0,"enemies":"Cultist","floor":1.0,"turns":4.0},{"damage":3.0,"enemies":"Small Slimes","floor":2.0,"turns":4.0},{"damage":6.0,"enemies":"2 Louse","floor":3.0,"turns":3.0},{"damage":16.0,"enemies":"Exordium Wildlife","floor":4.0,"turns":4.0},{"damage":9.0,"enemies":"Red Slaver","floor":5.0,"turns":5.0},{"damage":34.0,"enemies":"Gremlin Nob","floor":7.0,"turns":4.0},{"damage":6.0,"enemies":"3 Louse","floor":8.0,"turns":4.0},{"damage":17.0,"enemies":"Lagavulin","floor":10.0,"turns":8.0},{"damage":12.0,"enemies":"Exordium Thugs","floor":11.0,"turns":4.0},{"damage":6.0,"enemies":"The Mushroom Lair","floor":13.0,"turns":4.0},{"damage":15.0,"enemies":"The Guardian","floor":16.0,"turns":11.0},{"damage":9.0,"enemies":"Spheric Guardian","floor":18.0,"turns":4.0},{"damage":17.0,"enemies":"Chosen","floor":20.0,"turns":6.0},{"damage":12,"enemies":"Centurion and Healer","floor":22,"turns":6},{"damage":34,"enemies":"Book of Stabbing","floor":24,"turns":5},{"damage":27,"enemies":"Gremlin Leader","floor":28,"turns":7},{"damage":0,"enemies":"Sentry and Sphere","floor":29,"turns":5},{"damage":0,"enemies":"Book of Stabbing","floor":30,"turns":5},{"damage":10,"enemies":"Shelled Parasite and Fungi","floor":31,"turns":5},{"damage":26,"enemies":"Automaton","floor":33,"turns":9},{"damage":6,"enemies":"Orb Walker","floor":35,"turns":4},{"damage":8,"enemies":"3 Darklings","floor":37,"turns":7},{"damage":0,"enemies":"Maw","floor":39,"turns":8},{"damage":11,"enemies":"Nemesis","floor":40,"turns":11},{"damage":23,"enemies":"Giant Head","floor":42,"turns":9},{"damage":0,"enemies":"Nemesis","floor":46,"turns":7},{"damage":0,"enemies":"Jaw Worm Horde","floor":47,"turns":4},{"damage":0,"enemies":"2 Orb Walkers","floor":48,"turns":5},{"damage":6,"enemies":"Time Eater","floor":50,"turns":11}],"seed_played":"-2756203039849348581","potions_obtained":[{"floor":1.0,"key":"Explosive Potion"},{"floor":2.0,"key":"LiquidBronze"},{"floor":8.0,"key":"AttackPotion"},{"floor":11.0,"key":"GamblersBrew"},{"floor":13.0,"key":"SpeedPotion"},{"floor":16.0,"key":"FearPotion"},{"floor":22,"key":"Fire Potion"},{"floor":28,"key":"AttackPotion"},{"floor":29,"key":"LiquidBronze"},{"floor":35,"key":"Weak Potion"},{"floor":40,"key":"PowerPotion"},{"floor":42,"key":"Energy Potion"}],"is_trial":false,"path_per_floor":["M","M","M","M","M","R","E","M","T","E","M","R","?","?","R","B",null,"M","?","M","?","M","R","E","R","T","$","E","M","E","M","R","B",null,"M","?","M","$","M","E","R","E","T","R","?","E","M","?","R","B",null],"character_chosen":"IRONCLAD","items_purchased":["Shrug It Off","Corruption","Apotheosis","Block Potion","FossilizedHelix","Feel No Pain","Shrug It Off"],"campfire_rested":0,"item_purchase_floors":[27,27,27,27,27,38,38],"current_hp_per_floor":[75,78,78,68,65,65,37,37,37,28,22,22,22,22,22,13,66,63,63,56,56,56,56,44,44,44,44,44,56,67,76,76,79,86,90,85,87,87,89,84,84,91,91,91,91,91,91,91,91,91],"gold":218,"neow_bonus":"TEN_PERCENT_HP_BONUS","is_prod":false,"is_daily":false,"chose_seed":false,"campfire_upgraded":9,"win_rate":0,"timestamp":1550865910,"path_taken":["M","M","M","M","?","R","E","?","T","E","M","R","?","?","R","BOSS","M","?","?","?","M","R","E","R","T","$","E","?","E","M","R","BOSS","M","?","M","$","M","E","R","E","T","R","?","E","M","?","R","BOSS"],"build_version":"2019-01-23","purchased_purges":2,"victory":true,"max_hp_per_floor":[82,82,82,82,82,82,82,82,82,84,84,84,84,84,84,84,84,84,84,84,84,84,84,84,84,84,84,84,86,88,88,88,88,88,90,85,87,87,89,89,89,91,91,91,91,91,91,91,91,91],"card_choices":[{"not_picked":["Bloodletting","Combust"],"picked":"Havoc","floor":1.0},{"not_picked":["Twin Strike","Warcry"],"picked":"Pommel Strike","floor":2.0},{"not_picked":["Warcry","Twin Strike"],"picked":"Pommel Strike","floor":3.0},{"not_picked":["Berserk","Reckless Charge"],"picked":"Metallicize","floor":4.0},{"not_picked":["Headbutt","Clash"],"picked":"Shrug It Off","floor":5.0},{"not_picked":["True Grit","Shrug It Off"],"picked":"Anger","floor":7.0},{"not_picked":["Pommel Strike","True Grit"],"picked":"Iron Wave","floor":8.0},{"not_picked":["Clash","Reckless Charge","Body Slam"],"picked":"Singing Bowl","floor":10.0},{"not_picked":["Iron Wave","Evolve"],"picked":"Shrug It Off","floor":11.0},{"not_picked":["Body Slam","Flex"],"picked":"Clothesline","floor":13.0},{"not_picked":["Bludgeon","Double Tap"],"picked":"Reaper","floor":16.0},{"not_picked":["Havoc","Ghostly Armor"],"picked":"Feel No Pain","floor":18.0},{"not_picked":["Evolve","Havoc"],"picked":"Spot Weakness","floor":20.0},{"not_picked":["Pommel Strike+1","Armaments"],"picked":"Spot Weakness","floor":22},{"not_picked":["Corruption","Body Slam"],"picked":"Flame Barrier","floor":24},{"not_picked":["Bloodletting","Wild Strike"],"picked":"Heavy Blade","floor":28},{"not_picked":["Dual Wield","Blood for Blood","Double Tap"],"picked":"Singing Bowl","floor":29},{"not_picked":["Intimidate","Entrench","Perfected Strike"],"picked":"Singing Bowl","floor":30},{"not_picked":["Rampage","Fire Breathing"],"picked":"Battle Trance","floor":31},{"not_picked":["Brutality","Demon Form"],"picked":"Offering","floor":33},{"not_picked":["Wild Strike","Entrench","Armaments"],"picked":"Singing Bowl","floor":35},{"not_picked":["Dual Wield","Entrench","Intimidate"],"picked":"Singing Bowl","floor":37},{"not_picked":["Perfected Strike","Rampage","Evolve"],"picked":"Singing Bowl","floor":39},{"not_picked":["Iron Wave","Clash+1"],"picked":"Shrug It Off","floor":40},{"not_picked":["Havoc","Blood for Blood+1","Infernal Blade"],"picked":"Singing Bowl","floor":42},{"not_picked":["Bloodletting","Anger+1"],"picked":"Dark Embrace","floor":46},{"not_picked":["Thunderclap+1","Twin Strike+1"],"picked":"Heavy Blade+1","floor":47},{"not_picked":["Iron Wave+1","Clash+1"],"picked":"Metallicize","floor":48}],"player_experience":2242987,"relics_obtained":[{"floor":7.0,"key":"Singing Bowl"},{"floor":9.0,"key":"Potion Belt"},{"floor":10.0,"key":"Mercury Hourglass"},{"floor":13.0,"key":"Odd Mushroom"},{"floor":24,"key":"Anchor"},{"floor":26,"key":"Pantograph"},{"floor":28,"key":"Regal Pillow"},{"floor":30,"key":"Torii"},{"floor":40,"key":"Molten Egg 2"},{"floor":40,"key":"Bottled Tornado"},{"floor":42,"key":"Juzu Bracelet"},{"floor":42,"key":"Darkstone Periapt"},{"floor":43,"key":"Bag of Preparation"},{"floor":46,"key":"Pen Nib"},{"floor":46,"key":"Bottled Lightning"},{"floor":48,"key":"Unceasing Top"}],"event_choices":[{"damage_healed":0.0,"max_hp_gain":0.0,"max_hp_loss":0.0,"gold_gain":0.0,"event_name":"Mushrooms","player_choice":"Fought Mushrooms","floor":13.0,"gold_loss":0.0,"damage_taken":0.0},{"damage_healed":0.0,"max_hp_gain":0.0,"max_hp_loss":0.0,"gold_gain":70.0,"event_name":"Golden Wing","player_choice":"Gained Gold","floor":14.0,"gold_loss":0.0,"damage_taken":0.0},{"damage_healed":0.0,"max_hp_gain":0.0,"max_hp_loss":0.0,"gold_gain":250.0,"event_name":"The Joust","player_choice":"Bet on Owner","floor":19.0,"gold_loss":50.0,"damage_taken":0.0},{"damage_healed":0.0,"max_hp_gain":0.0,"max_hp_loss":0.0,"gold_gain":0.0,"cards_transformed":["Strike_R"],"event_name":"Transmorgrifier","player_choice":"Transformed","floor":21.0,"gold_loss":0.0,"damage_taken":0.0,"cards_obtained":["Intimidate"]},{"damage_healed":0,"gold_gain":0,"player_choice":"Max HP","damage_taken":0,"max_hp_gain":0,"max_hp_loss":5,"event_name":"Winding Halls","floor":36,"gold_loss":0},{"cards_removed":["Strike_R"],"damage_healed":0,"gold_gain":0,"player_choice":"Purged","damage_taken":0,"max_hp_gain":0,"max_hp_loss":0,"event_name":"Purifier","floor":45,"gold_loss":0},{"damage_healed":0,"gold_gain":0,"player_choice":"Fight","damage_taken":0,"max_hp_gain":0,"max_hp_loss":0,"event_name":"Mysterious Sphere","floor":48,"gold_loss":0}],"is_beta":false,"boss_relics":[{"not_picked":["Ectoplasm","Runic Cube"],"picked":"Velvet Choker"},{"not_picked":["Cursed Key","Mark of Pain"],"picked":"Black Star"}],"items_purged_floors":[27,38],"is_endless":false,"potions_floor_spawned":[1,2,8,11,13,16,22,28,29,35,40,42],"ascension_level":15}