{"gold_per_floor":[118,131,147,147,72,72,91,109,135,210,210,221,238,258,258,258],"floor_reached":16,"playtime":893,"items_purged":["Strike_R"],"score":96,"play_id":"1872a5de-104d-4aeb-9fdd-447f31e545a7","local_time":"20190322162740","is_ascension_mode":false,"campfire_choices":[{"data":"Warcry","floor":6,"key":"SMITH"},{"data":"Whirlwind","floor":11,"key":"SMITH"},{"floor":15,"key":"REST"}],"neow_cost":"NONE","seed_source_timestamp":633298999512900,"circlet_count":0,"master_deck":["Strike_R","Strike_R","Strike_R","Defend_R","Defend_R","Defend_R","Defend_R","Bash","Headbutt","Warcry+1","Bloodletting","Whirlwind+1","Heavy Blade","Flex"],"relics":["Burning Blood","Orichalcum"],"potions_floor_usage":[16,16,16],"damage_taken":[{"damage":7,"enemies":"2 Louse","floor":1,"turns":3},{"damage":8,"enemies":"Small Slimes","floor":2,"turns":3},{"damage":1,"enemies":"Cultist","floor":3,"turns":3},{"damage":13,"enemies":"Exordium Wildlife","floor":7,"turns":7},{"damage":17,"enemies":"Red Slaver","floor":8,"turns":3},{"damage":12,"enemies":"Blue Slaver","floor":12,"turns":3},{"damage":21,"enemies":"Large Slime","floor":13,"turns":4},{"damage":8,"enemies":"Looter","floor":14,"turns":2},{"damage":57,"enemies":"The Guardian","floor":16,"turns":8}],"seed_played":"-2120622427435782662","potions_obtained":[{"floor":12,"key":"SteroidPotion"},{"floor":13,"key":"Swift Potion"},{"floor":14,"key":"SteroidPotion"}],"is_trial":false,"path_per_floor":["M","M","M","?","$","R","M","M","T","?","R","M","M","M","R","B"],"character_chosen":"IRONCLAD","items_purchased":[],"campfire_rested":1,"item_purchase_floors":[],"current_hp_per_floor":[87,85,88,81,81,81,74,63,63,52,52,46,31,29,55,0],"gold":258,"neow_bonus":"TEN_PERCENT_HP_BONUS","is_prod":false,"is_daily":false,"chose_seed":false,"campfire_upgraded":2,"win_rate":0.0,"timestamp":1553264860,"path_taken":["M","M","M","?","$","R","M","M","T","?","R","M","M","M","R","BOSS"],"build_version":"2019-01-23","purchased_purges":1,"victory":false,"max_hp_per_floor":[88,88,88,88,88,88,88,88,88,88,88,88,88,88,88,88],"card_choices":[{"not_picked":["Havoc","Disarm"],"picked":"Headbutt","floor":1},{"not_picked":["Rampage","True Grit"],"picked":"Warcry","floor":2},{"not_picked":["Intimidate","Perfected Strike"],"picked":"Bloodletting","floor":3},{"not_picked":["Intimidate","Cleave"],"picked":"Whirlwind","floor":7},{"not_picked":["Havoc","Combust"],"picked":"Heavy Blade","floor":8},{"not_picked":["Reckless Charge","Ghostly Armor","Rupture"],"picked":"SKIP","floor":12},{"not_picked":["Rampage","Berserk","Rupture"],"picked":"SKIP","floor":13},{"not_picked":["Shrug It Off","Sword Boomerang"],"picked":"Flex","floor":14}],"player_experience":43733,"relics_obtained":[{"floor":9,"key":"Orichalcum"}],"event_choices":[{"cards_removed":["Strike_R"],"damage_healed":0,"gold_gain":0,"player_choice":"Card Removal","damage_taken":7,"max_hp_gain":0,"max_hp_loss":0,"event_name":"Golden Wing","floor":4,"gold_loss":0},{"damage_healed":0,"gold_gain":75,"player_choice":"Gather Gold","damage_taken":11,"max_hp_gain":0,"max_hp_loss":0,"event_name":"World of Goop","floor":10,"gold_loss":0}],"is_beta":false,"boss_relics":[],"items_purged_floors":[5],"is_endless":false,"potions_floor_spawned":[12,13,14],"killed_by":"The Guardian","ascension_level":0}