{"gold_per_floor":[280,280,296,296,11,11,37,50,50,66,66,66,89,102,102,233,233,233],"floor_reached":18,"playtime":699,"items_purged":["hubris:Despair"],"score":243,"play_id":"1294132e-d9ad-4536-828a-72837d0fb663","local_time":"25620120184834","is_ascension_mode":true,"campfire_choices":[{"data":"Glacier","floor":6,"key":"SMITH"},{"floor":15,"key":"REST"}],"neow_cost":"NONE","seed_source_timestamp":26759207895249,"circlet_count":0,"master_deck":["AscendersBane","Strike_B","Strike_B","Defend_B","Zap","Dualcast","Panic Button","Go for the Eyes","Glacier+1","Glacier","Static Discharge","Defragment","Conserve Battery","Gash+1","hubris:DoWhile"],"relics":["Kintsugi","Molten Egg 2","infinitespire:Lucky Rock","The Courier","Replay:WaspNest","Golden Idol","hubris:Towel","hubris:HollowSoul"],"potions_floor_usage":[13,16],"damage_taken":[{"damage":15,"enemies":"Small Slimes","floor":1,"turns":3},{"damage":7,"enemies":"Jaw Worm","floor":3,"turns":3},{"damage":29,"enemies":"Gremlin Nob","floor":7,"turns":6},{"damage":4,"enemies":"2 Louse","floor":8,"turns":3},{"damage":0,"enemies":"Large Slime","floor":10,"turns":9},{"damage":11,"enemies":"Exordium Thugs","floor":13,"turns":6},{"damage":0,"enemies":"Red Slaver","floor":14,"turns":8},{"damage":20,"enemies":"Hexaghost","floor":16,"turns":13},{"damage":0,"enemies":"Chosen","floor":18,"turns":1}],"seed_played":"7002634094191785962","potions_obtained":[{"floor":7,"key":"SkillPotion"},{"floor":8,"key":"Fire Potion"},{"floor":13,"key":"SpeedPotion"},{"floor":14,"key":"Dexterity Potion"}],"is_trial":false,"path_per_floor":["M","?","M","T","$","R","E","M","T","M","?","?","M","M","R","B",null,"M"],"character_chosen":"DEFECT","items_purchased":["Glacier","infinitespire:Lucky Rock"],"campfire_rested":1,"item_purchase_floors":[5,5],"current_hp_per_floor":[53,53,46,46,46,46,17,13,13,13,13,13,2,2,22,2,52,52],"gold":233,"neow_bonus":"BOSS_RELIC","is_prod":false,"is_daily":false,"chose_seed":false,"campfire_upgraded":1,"win_rate":0,"timestamp":1547984914,"path_taken":["M","?","M","?","$","R","E","M","T","M","?","?","?","M","R","BOSS","M"],"build_version":"2019-01-17v2","purchased_purges":1,"victory":false,"max_hp_per_floor":[75,75,75,75,75,75,75,75,75,75,69,69,69,69,69,69,69,69],"card_choices":[{"not_picked":["ReplayTheSpireMod:Repulse","Stack"],"picked":"Panic Button","floor":1},{"not_picked":["BasicCrystalCard","Gash"],"picked":"Go for the Eyes","floor":3},{"not_picked":["Conserve Battery","Auto Shields"],"picked":"Static Discharge","floor":7},{"not_picked":["ReplayTheSpireMod:Reroute Power","ReplayRNGCard"],"picked":"Defragment","floor":8},{"not_picked":["Rebound+1","Scrape+1","Panic Button"],"picked":"SKIP","floor":10},{"not_picked":["All For One+1","Redo"],"picked":"Conserve Battery","floor":13},{"not_picked":["Panic Button","Hologram"],"picked":"Gash+1","floor":14},{"not_picked":["ReplayTheSpireMod:Omega Cannon+1","Multi-Cast"],"picked":"hubris:DoWhile","floor":16}],"player_experience":257467,"relics_obtained":[{"floor":4,"key":"Molten Egg 2"},{"floor":7,"key":"The Courier"},{"floor":9,"key":"Replay:WaspNest"}],"event_choices":[{"damage_healed":0,"gold_gain":0,"player_choice":"Lose Max HP","damage_taken":0,"relics_obtained":["Golden Idol"],"max_hp_gain":0,"max_hp_loss":6,"event_name":"Golden Idol","floor":11,"gold_loss":0}],"is_beta":false,"boss_relics":[{"not_picked":["Replay:Drink Me","Honey Jar"],"picked":"hubris:HollowSoul"}],"items_purged_floors":[5],"is_endless":false,"potions_floor_spawned":[7,8,13,14],"killed_by":"Chosen","ascension_level":10}