{"gold_per_floor":[218,234,252,327,344,371,9,9,9,9,9,9],"floor_reached":12,"playtime":378,"items_purged":["Strike_B"],"score":137,"play_id":"bc7d7bb0-3a2b-4ac7-8ae8-98d38f36cb89","local_time":"20190317160511","is_ascension_mode":true,"campfire_choices":[{"data":"Self Repair","floor":8,"key":"SMITH"},{"floor":10,"key":"REST"}],"neow_cost":"NONE","seed_source_timestamp":0,"circlet_count":0,"master_deck":["AscendersBane","Strike_B","Strike_B","Strike_B","Defend_B","Defend_B","Defend_B","Defend_B","Zap","Dualcast","Skim","Ball Lightning","Auto Shields","Self Repair+1"],"relics":["Cracked Core","Shuriken","Membership Card","Mummified Hand","Letter Opener"],"potions_floor_usage":[6],"damage_taken":[{"damage":1,"enemies":"Cultist","floor":1,"turns":3},{"damage":7,"enemies":"Jaw Worm","floor":2,"turns":3},{"damage":6,"enemies":"2 Louse","floor":3,"turns":2},{"damage":4,"enemies":"Large Slime","floor":5,"turns":5},{"damage":22,"enemies":"Gremlin Nob","floor":6,"turns":4},{"damage":35,"enemies":"3 Sentries","floor":12,"turns":8}],"seed_played":"2660669796183901026","potions_obtained":[{"floor":2,"key":"Swift Potion"}],"is_trial":false,"path_per_floor":["M","M","M","?","M","E","$","R","T","R","$","E"],"character_chosen":"DEFECT","items_purchased":["Membership Card","Mummified Hand"],"campfire_rested":1,"item_purchase_floors":[7,7],"current_hp_per_floor":[63,56,50,39,35,13,13,13,13,34,34,0],"gold":9,"neow_bonus":"HUNDRED_GOLD","is_prod":false,"is_daily":false,"chose_seed":true,"campfire_upgraded":1,"win_rate":0,"timestamp":1552809911,"path_taken":["M","?","M","?","M","E","$","R","T","R","$","E"],"build_version":"2019-01-23","purchased_purges":1,"victory":false,"max_hp_per_floor":[71,71,71,71,71,71,71,71,71,71,71,71],"card_choices":[{"not_picked":["Sweeping Beam","Steam"],"picked":"Skim","floor":1},{"not_picked":["Leap","Fusion"],"picked":"Ball Lightning","floor":2},{"not_picked":["Go for the Eyes","Conserve Battery"],"picked":"Auto Shields","floor":3},{"not_picked":["Melter","Aggregate","Hologram"],"picked":"SKIP","floor":5},{"not_picked":["Melter","Aggregate","Hologram"],"picked":"SKIP","floor":5},{"not_picked":["Compile Driver","Core Surge"],"picked":"Self Repair","floor":6}],"player_experience":2846239,"relics_obtained":[{"floor":6,"key":"Shuriken"},{"floor":9,"key":"Letter Opener"}],"event_choices":[{"damage_healed":0,"gold_gain":75,"player_choice":"Gather Gold","damage_taken":11,"max_hp_gain":0,"max_hp_loss":0,"event_name":"World of Goop","floor":4,"gold_loss":0}],"is_beta":false,"boss_relics":[],"items_purged_floors":[7],"is_endless":false,"potions_floor_spawned":[2],"killed_by":"3 Sentries","ascension_level":15}