{"gold_per_floor":[116,2,2,14,31,31,60,80,103,103,123,123,123,136,136,208,208,226,238,252,284,284,313,313,347,347,347,347,377,388,246,246,317,317,330,330,205,305,321,353,369,369,396,425,425,442,68,88,88,88,88,88,88,88,121,121],"floor_reached":57,"playtime":3780,"items_purged":["Strike_G","Defend_G","Setup+1","Defend_G+1"],"score":3540,"play_id":"666ad5cb-c2fd-4279-bf1b-96240d5cc767","local_time":"20190309182757","is_ascension_mode":true,"campfire_choices":[{"data":"Bouncing Flask","floor":6.0,"key":"SMITH"},{"data":"Acrobatics","floor":10.0,"key":"SMITH"},{"data":"Tactician","floor":12.0,"key":"SMITH"},{"data":"Concentrate","floor":15.0,"key":"SMITH"},{"data":"Calculated Gamble","floor":24.0,"key":"SMITH"},{"data":"Adrenaline","floor":27.0,"key":"SMITH"},{"data":"Reflex","floor":32.0,"key":"SMITH"},{"data":"Backflip","floor":42,"key":"SMITH"},{"floor":49,"key":"RECALL"},{"data":"Survivor","floor":53,"key":"SMITH"}],"neow_cost":"TEN_PERCENT_HP_LOSS","seed_source_timestamp":7618834178500,"circlet_count":0,"master_deck":["AscendersBane","Defend_G+1","Survivor+1","Acrobatics+1","Bouncing Flask+1","Concentrate+1","Tactician+1","Backstab","Backflip+1","Malaise","Adrenaline+1","Masterful Stab+1","Crippling Poison+1","Calculated Gamble+1","Prepared+1","Reflex+1"],"special_seed":0,"relics":["Ring of the Snake","War Paint","Anchor","Orichalcum","Astrolabe","Red Mask","Art of War","Bird Faced Urn","Ginger","CultistMask","Ornamental Fan","Busted Crown","Nunchaku","Pantograph","Strawberry","PrismaticShard","Paper Crane"],"potions_floor_usage":[56,56,56,56],"damage_taken":[{"damage":4.0,"enemies":"Jaw Worm","floor":1.0,"turns":3.0},{"damage":0.0,"enemies":"Small Slimes","floor":4.0,"turns":4.0},{"damage":5.0,"enemies":"Cultist","floor":5.0,"turns":6.0},{"damage":12.0,"enemies":"Lagavulin","floor":7.0,"turns":6.0},{"damage":1.0,"enemies":"Gremlin Gang","floor":8.0,"turns":4.0},{"damage":0.0,"enemies":"Blue Slaver","floor":11.0,"turns":2.0},{"damage":0.0,"enemies":"Looter","floor":14.0,"turns":3.0},{"damage":0.0,"enemies":"Hexaghost","floor":16.0,"turns":10.0},{"damage":0.0,"enemies":"Shell Parasite","floor":18.0,"turns":3.0},{"damage":0.0,"enemies":"2 Thieves","floor":19.0,"turns":3.0},{"damage":0.0,"enemies":"Cultist and Chosen","floor":20.0,"turns":5.0},{"damage":0.0,"enemies":"Masked Bandits","floor":21.0,"turns":3.0},{"damage":0.0,"enemies":"Gremlin Leader","floor":23.0,"turns":5.0},{"damage":0.0,"enemies":"Book of Stabbing","floor":25.0,"turns":5.0},{"damage":0.0,"enemies":"Slavers","floor":29.0,"turns":5.0},{"damage":0.0,"enemies":"Centurion and Healer","floor":30.0,"turns":3.0},{"damage":0,"enemies":"Automaton","floor":33,"turns":2},{"damage":0,"enemies":"Orb Walker","floor":35,"turns":2},{"damage":0,"enemies":"Mind Bloom Boss Battle","floor":38,"turns":2},{"damage":0,"enemies":"3 Darklings","floor":39,"turns":1},{"damage":0,"enemies":"Giant Head","floor":40,"turns":1},{"damage":0,"enemies":"Jaw Worm Horde","floor":41,"turns":1},{"damage":0,"enemies":"Nemesis","floor":44,"turns":3},{"damage":0,"enemies":"Maw","floor":46,"turns":2},{"damage":0,"enemies":"3 Darklings","floor":48,"turns":1},{"damage":0,"enemies":"Donu and Deca","floor":50,"turns":1},{"damage":0,"enemies":"Awakened One","floor":51,"turns":2},{"damage":0,"enemies":"Shield and Spear","floor":55,"turns":1},{"damage":28,"enemies":"The Heart","floor":56,"turns":3}],"seed_played":"-568664891744108540","potions_obtained":[{"floor":7.0,"key":"PowerPotion"},{"floor":11.0,"key":"Swift Potion"},{"floor":16.0,"key":"Weak Potion"},{"floor":23.0,"key":"GamblersBrew"},{"floor":25.0,"key":"AttackPotion"},{"floor":39,"key":"EntropicBrew"}],"is_trial":false,"path_per_floor":["M","$","?","M","M","R","E","M","T","R","M","R","?","M","R","B",null,"M","M","M","?","?","E","R","E","T","R","?","E","M","$","R","B",null,"M","?","$","?","M","E","M","R","T","E","?","M","$","M","R","B","B",null,"R","$","E","B",null],"character_chosen":"THE_SILENT","items_purchased":["Concentrate","Reflex","PrismaticShard"],"campfire_rested":0,"item_purchase_floors":[2,31,47],"current_hp_per_floor":[55,55,50,50,45,45,33,32,32,32,32,32,32,32,32,32,53,53,53,53,53,53,53,53,53,53,53,53,53,53,53,53,53,58,58,58,58,58,58,58,58,58,58,65,64,64,64,64,64,64,64,64,64,64,64,36],"gold":121,"neow_bonus":"TRANSFORM_TWO_CARDS","is_prod":false,"is_daily":false,"chose_seed":false,"campfire_upgraded":9,"win_rate":0,"timestamp":1552127277,"path_taken":["M","$","?","M","M","R","E","M","T","R","M","R","?","?","R","BOSS","M","?","M","?","?","E","R","E","T","R","?","E","?","$","R","BOSS","M","?","$","?","M","E","M","R","T","E","?","M","?","M","R","BOSS","BOSS","R","$","E","BOSS"],"build_version":"2019-01-23","purchased_purges":4,"victory":true,"max_hp_per_floor":[60,60,60,60,60,60,60,60,60,60,60,60,60,60,60,60,60,60,60,60,60,60,60,60,60,60,60,60,60,60,60,60,60,60,60,60,60,60,60,60,60,60,60,67,64,64,64,64,64,64,64,64,64,64,64,64],"card_choices":[{"not_picked":["Underhanded Strike","Deflect","Flying Knee"],"picked":"SKIP","floor":1.0},{"not_picked":["Accuracy","Outmaneuver"],"picked":"Tactician","floor":4.0},{"not_picked":["Backflip","Flechettes"],"picked":"Backstab","floor":5.0},{"not_picked":["Deadly Poison","Tactician","Leg Sweep"],"picked":"SKIP","floor":7.0},{"not_picked":["Blade Dance","Riddle With Holes"],"picked":"Backflip","floor":8.0},{"not_picked":["Dodge and Roll","PiercingWail","Dagger Throw"],"picked":"SKIP","floor":11.0},{"not_picked":["Backflip","Underhanded Strike"],"picked":"Malaise","floor":14.0},{"not_picked":["Tools of the Trade","After Image"],"picked":"Adrenaline","floor":16.0},{"not_picked":["Blade Dance","Deadly Poison","Crippling Poison"],"picked":"SKIP","floor":18.0},{"not_picked":["PiercingWail+1","Noxious Fumes","Slice"],"picked":"SKIP","floor":19.0},{"not_picked":["Sucker Punch","Backstab","Endless Agony+1"],"picked":"SKIP","floor":20.0},{"not_picked":["Venomology","Acrobatics"],"picked":"Calculated Gamble","floor":23.0},{"not_picked":["Bouncing Flask","Masterful Stab"],"picked":"Prepared+1","floor":25.0},{"not_picked":["Dodge and Roll","Concentrate","Endless Agony"],"picked":"SKIP","floor":29.0},{"not_picked":["Flying Knee","PiercingWail","Slice+1"],"picked":"SKIP","floor":30.0},{"not_picked":["Sucker Punch"],"picked":"SKIP","floor":35},{"not_picked":["Prepared"],"picked":"SKIP","floor":39},{"not_picked":["Bullet Time"],"picked":"SKIP","floor":40},{"not_picked":["Slice"],"picked":"SKIP","floor":41},{"not_picked":["Quick Slash"],"picked":"SKIP","floor":44},{"not_picked":["Masterful Stab"],"picked":"SKIP","floor":46},{"not_picked":["Aggregate"],"picked":"SKIP","floor":48},{"not_picked":["Stack+1"],"picked":"SKIP","floor":55}],"player_experience":2763566,"relics_obtained":[{"floor":7.0,"key":"Anchor"},{"floor":9.0,"key":"Orichalcum"},{"floor":21.0,"key":"Red Mask"},{"floor":23.0,"key":"Art of War"},{"floor":25.0,"key":"Bird Faced Urn"},{"floor":26.0,"key":"Ginger"},{"floor":29.0,"key":"Ornamental Fan"},{"floor":38,"key":"Nunchaku"},{"floor":40,"key":"Pantograph"},{"floor":44,"key":"Strawberry"},{"floor":55,"key":"Paper Crane"}],"event_choices":[{"damage_healed":0.0,"max_hp_gain":0.0,"max_hp_loss":0.0,"gold_gain":0.0,"event_name":"Scrap Ooze","player_choice":"Success","floor":3.0,"gold_loss":0.0,"damage_taken":5.0,"relics_obtained":["War Paint"]},{"cards_removed":["Strike_G"],"damage_healed":0.0,"max_hp_gain":0.0,"max_hp_loss":0.0,"gold_gain":0.0,"event_name":"Wheel of Change","player_choice":"Card Removal","floor":13.0,"gold_loss":0.0,"damage_taken":0.0},{"damage_healed":0.0,"max_hp_gain":0.0,"max_hp_loss":0.0,"gold_gain":0.0,"event_name":"Masked Bandits","player_choice":"Fought Bandits","floor":21.0,"gold_loss":0.0,"damage_taken":0.0},{"damage_healed":0.0,"max_hp_gain":0.0,"max_hp_loss":0.0,"gold_gain":0.0,"event_name":"Vampires","player_choice":"Ignored","floor":22.0,"gold_loss":0.0,"damage_taken":0.0},{"damage_healed":0.0,"max_hp_gain":0.0,"max_hp_loss":0.0,"gold_gain":0.0,"event_name":"FaceTrader","player_choice":"Trade","floor":28.0,"gold_loss":0.0,"damage_taken":0.0,"relics_obtained":["CultistMask"]},{"cards_removed":["Neutralize"],"damage_healed":0,"gold_gain":0,"player_choice":"Removed Attack","damage_taken":0,"max_hp_gain":0,"max_hp_loss":0,"event_name":"Falling","floor":36,"gold_loss":0},{"damage_healed":0,"gold_gain":0,"player_choice":"Fight","damage_taken":0,"max_hp_gain":0,"max_hp_loss":0,"event_name":"MindBloom","floor":38,"gold_loss":0},{"damage_healed":0,"gold_gain":0,"player_choice":"Max HP","damage_taken":0,"max_hp_gain":0,"max_hp_loss":3,"event_name":"Winding Halls","floor":45,"gold_loss":0}],"is_beta":false,"boss_relics":[{"not_picked":["Sozu","Fusion Hammer"],"picked":"Astrolabe"},{"not_picked":["Ring of the Serpent","Lizard Tail"],"picked":"Busted Crown"}],"items_purged_floors":[2,31,37,47],"is_endless":false,"potions_floor_spawned":[7,11,16,20,21,23,25,30,35,39,41,46,48],"ascension_level":20}