{"gold_per_floor":[214,229,249,107,117,143,143,143,143,176,189,189,203,216,216,294,294,311,311,323,323,238,238,19,19,46,62,91,104,29,41,41,116,116,129,129,147,147,147,147,172,182,182,182,17,17,17,29,29,29],"floor_reached":51,"playtime":2160,"items_purged":["Strike_G","Strike_G","Strike_G"],"score":1244,"play_id":"3cbc4644-2388-498b-ae0c-015898d6e48d","local_time":"20180804131118","is_ascension_mode":true,"campfire_choices":[{"data":"Bouncing Flask","floor":8,"key":"SMITH"},{"data":"Catalyst","floor":12,"key":"SMITH"},{"data":"Neutralize","floor":15,"key":"SMITH"},{"floor":23,"key":"REST"},{"floor":25,"key":"REST"},{"floor":32,"key":"REST"},{"floor":40,"key":"REST"},{"floor":44,"key":"REST"},{"floor":47,"key":"REST"},{"floor":49,"key":"REST"}],"neow_cost":"NONE","seed_source_timestamp":16357281435109,"circlet_count":0,"master_deck":["Defend_G","Defend_G","Defend_G","Defend_G","Strike_G","Survivor","Neutralize+1","AscendersBane","Crippling Poison","Bouncing Flask+1","Backstab","Backstab","Dagger Spray","Footwork","Burst","Catalyst+1","Tools of the Trade","Blur","Crippling Poison+1","Noxious Fumes","Noxious Fumes","Backflip","Night Terror","Madness","Madness","Escape Plan","Deflect+1"],"relics":["Ring of the Snake","Paper Crane","Darkstone Periapt","Meat on the Bone","Fusion Hammer","Happy Flower","Blood Vial","Bottled Tornado","Lizard Tail","Juzu Bracelet","Pen Nib"],"potions_floor_usage":[6,28,41,50,50],"damage_taken":[{"damage":6,"enemies":"Cultist","floor":1,"turns":5},{"damage":3,"enemies":"Jaw Worm","floor":2,"turns":5},{"damage":5,"enemies":"Small Slimes","floor":3,"turns":3},{"damage":6,"enemies":"2 Fungi Beasts","floor":5,"turns":4},{"damage":19,"enemies":"Lagavulin","floor":6,"turns":8},{"damage":13,"enemies":"3 Sentries","floor":10,"turns":7},{"damage":0,"enemies":"Lots of Slimes","floor":11,"turns":3},{"damage":23,"enemies":"Exordium Thugs","floor":13,"turns":4},{"damage":1,"enemies":"2 Fungi Beasts","floor":14,"turns":2},{"damage":21,"enemies":"The Guardian","floor":16,"turns":9},{"damage":2,"enemies":"Shell Parasite","floor":18,"turns":4},{"damage":5,"enemies":"2 Thieves","floor":20,"turns":4},{"damage":9,"enemies":"Sentry and Sphere","floor":27,"turns":3},{"damage":9,"enemies":"Book of Stabbing","floor":28,"turns":5},{"damage":2,"enemies":"3 Cultists","floor":29,"turns":5},{"damage":0,"enemies":"Snake Plant","floor":31,"turns":3},{"damage":37,"enemies":"Automaton","floor":33,"turns":7},{"damage":18,"enemies":"3 Darklings","floor":35,"turns":5},{"damage":16,"enemies":"Orb Walker","floor":37,"turns":4},{"damage":38,"enemies":"2 Orb Walkers","floor":41,"turns":5},{"damage":22,"enemies":"Transient","floor":42,"turns":5},{"damage":13,"enemies":"Flame Bruiser 2 Orb","floor":48,"turns":5},{"damage":40,"enemies":"Donu and Deca","floor":50,"turns":10}],"seed_played":"-7547282094615608042","potions_obtained":[{"floor":2,"key":"SpeedPotion"},{"floor":5,"key":"Swift Potion"},{"floor":11,"key":"Strength Potion"},{"floor":14,"key":"SkillPotion"},{"floor":28,"key":"Dexterity Potion"},{"floor":41,"key":"Dexterity Potion"}],"is_trial":false,"path_per_floor":["M","M","M","$","M","E","?","R","T","E","M","R","M","M","R","B",null,"M","?","M","?","?","R","$","R","T","M","E","M","?","M","R","B",null,"M","?","M","?","?","R","E","M","T","R","$","?","R","M","R","B"],"character_chosen":"THE_SILENT","items_purchased":["Backstab","Noxious Fumes","Block Potion","Escape Plan"],"campfire_rested":7,"item_purchase_floors":[4,24,24,45],"current_hp_per_floor":[53,50,45,45,39,20,42,42,42,29,41,41,30,41,41,32,58,56,56,51,51,51,66,66,66,66,57,50,50,50,52,66,41,60,44,32,30,30,30,49,25,17,17,36,36,36,55,44,63,37],"gold":29,"neow_bonus":"HUNDRED_GOLD","is_prod":false,"is_daily":false,"chose_seed":false,"campfire_upgraded":3,"win_rate":0,"timestamp":1533413478,"path_taken":["M","M","?","$","M","E","?","R","T","E","M","R","?","M","R","BOSS","M","?","M","?","?","R","$","R","T","?","E","M","?","M","R","BOSS","M","?","M","?","?","R","E","M","T","R","?","?","R","M","R","BOSS"],"build_version":"2018-08-02","purchased_purges":3,"victory":true,"max_hp_per_floor":[66,66,66,66,66,66,66,66,66,66,66,66,66,66,66,66,66,66,66,66,66,66,66,66,66,66,66,66,66,66,66,66,66,66,66,66,66,66,66,66,66,66,66,66,66,66,66,66,66,66],"card_choices":[{"not_picked":["Deflect","Backflip"],"picked":"Crippling Poison","floor":1},{"not_picked":["Tactician","Expertise"],"picked":"Bouncing Flask","floor":2},{"not_picked":["Acrobatics","Dash"],"picked":"Backstab","floor":3},{"not_picked":["Reflex","Prepared"],"picked":"Dagger Spray","floor":5},{"not_picked":["Dagger Spray","Tactician"],"picked":"Footwork","floor":6},{"not_picked":["Unload","Flying Knee"],"picked":"Burst","floor":10},{"not_picked":["Underhanded Strike","Bane"],"picked":"Catalyst","floor":11},{"not_picked":["Calculated Gamble","Deadly Poison","Caltrops"],"picked":"SKIP","floor":13},{"not_picked":["Infinite Blades","Dagger Throw","Deadly Poison"],"picked":"SKIP","floor":14},{"not_picked":["Glass Knife","Venomology"],"picked":"Tools of the Trade","floor":16},{"not_picked":["Underhanded Strike","Skewer"],"picked":"Blur","floor":18},{"not_picked":["Outmaneuver+1","Slice"],"picked":"Crippling Poison+1","floor":20},{"not_picked":["Dagger Spray","Backstab"],"picked":"Noxious Fumes","floor":27},{"not_picked":["Choke","PiercingWail","Slice"],"picked":"SKIP","floor":28},{"not_picked":["Blade Dance+1","PiercingWail"],"picked":"Backflip","floor":29},{"not_picked":["PiercingWail","Cloak And Dagger","Bane"],"picked":"SKIP","floor":31},{"not_picked":["Envenom","Glass Knife"],"picked":"Night Terror","floor":33},{"not_picked":["Deadly Poison","Poisoned Stab","Heel Hook"],"picked":"SKIP","floor":35},{"not_picked":["Skewer","All Out Attack+1","Slice"],"picked":"SKIP","floor":37},{"not_picked":["Outmaneuver","Flying Knee","Prepared"],"picked":"SKIP","floor":41},{"not_picked":["Dagger Spray","Deflect","Sucker Punch"],"picked":"SKIP","floor":42},{"not_picked":["Eviscerate","Choke"],"picked":"Deflect+1","floor":48}],"player_experience":1002752,"relics_obtained":[{"floor":6,"key":"Paper Crane"},{"floor":9,"key":"Darkstone Periapt"},{"floor":10,"key":"Meat on the Bone"},{"floor":26,"key":"Blood Vial"},{"floor":28,"key":"Bottled Tornado"},{"floor":41,"key":"Juzu Bracelet"},{"floor":43,"key":"Pen Nib"}],"event_choices":[{"event_name":"Big Fish","player_choice":"Banana","floor":7,"damage_taken":0},{"event_name":"Cursed Tome","player_choice":"Ignored","floor":19,"damage_taken":0},{"event_name":"Drug Dealer","player_choice":"Ignored","floor":21,"damage_taken":0},{"event_name":"Addict","player_choice":"Obtained Relic","floor":22,"damage_taken":0},{"event_name":"Beggar","player_choice":"Gave Gold","floor":30,"damage_taken":0},{"event_name":"Winding Halls","player_choice":"Embrace Madness","floor":36,"damage_taken":0},{"event_name":"Mysterious Sphere","player_choice":"Ignore","floor":38,"damage_taken":0},{"event_name":"The Moai Head","player_choice":"Ignored","floor":39,"damage_taken":0},{"event_name":"Falling","player_choice":"Removed Skill","floor":46,"damage_taken":0}],"is_beta":false,"boss_relics":[{"not_picked":["Empty Cage","Eternal Feather"],"picked":"Fusion Hammer"},{"not_picked":["Orrery","Coffee Dripper"],"picked":"Lizard Tail"}],"items_purged_floors":[4,24,45],"is_endless":false,"potions_floor_spawned":[2,5,11,13,14,18,28,29,31,37,41],"ascension_level":15}