{"gold_per_floor":[109,109,109,124,49,49,62,62,89,115,115,135,135,165,165,240,240,256,256,275,275,275,309,309,342,342,342,21,21,37,70,82,172,184,208,236,248,42,42,69,84,84,84,118,118,118,118,118,118,118,118],"floor_reached":52,"playtime":3421,"items_purged":["Strike_G","Strike_G"],"score":2219,"play_id":"e1e1bf37-8159-4d68-b780-668c9056a22c","local_time":"20190305215509","is_ascension_mode":true,"campfire_choices":[{"data":"All Out Attack","floor":6.0,"key":"SMITH"},{"data":"Cloak And Dagger","floor":11.0,"key":"SMITH"},{"floor":13.0,"key":"REST"},{"data":"Neutralize","floor":15.0,"key":"SMITH"},{"floor":24.0,"key":"REST"},{"floor":27.0,"key":"REST"},{"floor":32.0,"key":"REST"},{"data":"Burst","floor":42.0,"key":"SMITH"},{"data":"Adrenaline","floor":45.0,"key":"SMITH"},{"data":"Magnetism","floor":49.0,"key":"SMITH"}],"neow_cost":"NONE","seed_source_timestamp":0,"circlet_count":0,"master_deck":["AscendersBane","Defend_G+1","Defend_G+1","Defend_G+1","Defend_G+1","Defend_G+1","Survivor+1","Neutralize+1","All Out Attack+1","Cloak And Dagger+1","Well Laid Plans+1","Distraction+1","Burst+1","Concentrate+1","Masterful Stab+1","Endless Agony+1","Cloak And Dagger+1","Night Terror+1","Backflip+1","Footwork+1","Infinite Blades+1","Escape Plan+1","Adrenaline+1","Magnetism+1"],"special_seed":0,"relics":["Lizard Tail","War Paint","Strawberry","Dead Branch","Potion Belt","Black Star","Juzu Bracelet","Question Card","Regal Pillow","Smiling Mask","Happy Flower","Gambling Chip","MawBank","Shuriken","Cursed Key","Bag of Preparation","Dream Catcher","Singing Bowl","Oddly Smooth Stone","Mummified Hand","Mark of the Bloom"],"potions_floor_usage":[],"damage_taken":[{"damage":4.0,"enemies":"Small Slimes","floor":1.0,"turns":6.0},{"damage":4.0,"enemies":"2 Louse","floor":4.0,"turns":2.0},{"damage":4.0,"enemies":"Jaw Worm","floor":7.0,"turns":5.0},{"damage":25.0,"enemies":"3 Sentries","floor":10.0,"turns":6.0},{"damage":4.0,"enemies":"Blue Slaver","floor":12.0,"turns":5.0},{"damage":0.0,"enemies":"Lagavulin","floor":14.0,"turns":7.0},{"damage":0.0,"enemies":"The Guardian","floor":16.0,"turns":14.0},{"damage":14.0,"enemies":"Spheric Guardian","floor":18.0,"turns":4.0},{"damage":14.0,"enemies":"Chosen","floor":20.0,"turns":9.0},{"damage":0.0,"enemies":"Sentry and Sphere","floor":21.0,"turns":3.0},{"damage":36.0,"enemies":"Slavers","floor":23.0,"turns":5.0},{"damage":34.0,"enemies":"Book of Stabbing","floor":25.0,"turns":7.0},{"damage":13.0,"enemies":"Cultist and Chosen","floor":30.0,"turns":6.0},{"damage":34.0,"enemies":"Slavers","floor":31.0,"turns":4.0},{"damage":46.0,"enemies":"Collector","floor":33.0,"turns":6.0},{"damage":1.0,"enemies":"3 Shapes","floor":35.0,"turns":5.0},{"damage":0.0,"enemies":"3 Darklings","floor":36.0,"turns":4.0},{"damage":0.0,"enemies":"Giant Head","floor":40.0,"turns":9.0},{"damage":1.0,"enemies":"4 Shapes","floor":41.0,"turns":4.0},{"damage":22.0,"enemies":"Reptomancer","floor":44.0,"turns":8.0},{"damage":0,"enemies":"Donu and Deca","floor":50,"turns":6},{"damage":20,"enemies":"Awakened One","floor":51,"turns":7}],"seed_played":"-2413702728663399476","potions_obtained":[{"floor":1.0,"key":"Poison Potion"},{"floor":4.0,"key":"Explosive Potion"},{"floor":16.0,"key":"LiquidBronze"},{"floor":18.0,"key":"SmokeBomb"},{"floor":20.0,"key":"LiquidBronze"},{"floor":23.0,"key":"FearPotion"},{"floor":30.0,"key":"Explosive Potion"},{"floor":35.0,"key":"SteroidPotion"},{"floor":36.0,"key":"Regen Potion"},{"floor":37.0,"key":"Fruit Juice"},{"floor":37.0,"key":"SmokeBomb"}],"is_trial":false,"path_per_floor":["M","?","?","M","$","R","M","?","T","E","R","M","R","E","R","B",null,"M","?","M","M","?","E","R","E","T","R","$","?","M","E","R","B",null,"M","M","?","$","?","E","M","R","T","E","R","?","?","?","R","B","B",null],"character_chosen":"THE_SILENT","items_purchased":["Gambling Chip","Bag of Preparation"],"campfire_rested":4,"item_purchase_floors":[28,38],"current_hp_per_floor":[55,55,50,46,46,46,42,42,49,24,24,20,41,41,41,41,65,51,51,37,37,37,1,22,28,28,64,64,64,51,17,53,7,57,56,56,61,61,61,61,60,60,60,53,53,53,53,53,53,53,33],"gold":118,"neow_bonus":"BOSS_RELIC","is_prod":false,"is_daily":false,"chose_seed":false,"campfire_upgraded":6,"win_rate":0,"timestamp":1551794109,"path_taken":["M","?","?","M","$","R","M","?","T","E","R","M","R","E","R","BOSS","M","?","M","M","?","E","R","E","T","R","$","?","M","E","R","BOSS","M","M","?","$","?","E","M","R","T","E","R","?","?","?","R","BOSS","BOSS"],"build_version":"2019-01-23","purchased_purges":2,"victory":true,"max_hp_per_floor":[66,66,66,66,66,66,66,66,73,73,73,73,73,73,73,73,73,73,73,73,73,73,73,73,73,73,73,73,73,73,73,73,73,73,73,73,78,78,78,78,78,78,78,78,78,78,78,74,74,74,74],"card_choices":[{"not_picked":["Choke","Reflex"],"picked":"All Out Attack","floor":1.0},{"not_picked":["Flying Knee","Reflex","Prepared"],"picked":"SKIP","floor":4.0},{"not_picked":["PiercingWail","Sucker Punch"],"picked":"Cloak And Dagger","floor":7.0},{"not_picked":["Cloak And Dagger","Predator","Finisher"],"picked":"SKIP","floor":10.0},{"not_picked":["Crippling Poison","Cloak And Dagger"],"picked":"Well Laid Plans","floor":12.0},{"not_picked":["Underhanded Strike","Quick Slash"],"picked":"Distraction","floor":14.0},{"not_picked":["Grand Finale","Phantasmal Killer"],"picked":"Burst","floor":16.0},{"not_picked":["Dash","Masterful Stab","Sucker Punch"],"picked":"SKIP","floor":18.0},{"not_picked":["Deflect","Underhanded Strike+1"],"picked":"Concentrate","floor":20.0},{"not_picked":["Escape Plan","Footwork"],"picked":"Endless Agony","floor":23.0},{"not_picked":["Bane","All Out Attack","Heel Hook"],"picked":"Cloak And Dagger","floor":25.0},{"not_picked":["Slice","Leg Sweep","Prepared","Noxious Fumes"],"picked":"SKIP","floor":30.0},{"not_picked":["Sucker Punch","Deadly Poison","Bane","Slice"],"picked":"SKIP","floor":31.0},{"not_picked":["Storm of Steel","Burst","Die Die Die"],"picked":"Night Terror","floor":33.0},{"not_picked":["Deadly Poison","Dagger Throw","Slice"],"picked":"Backflip+1","floor":35.0},{"not_picked":["Tactician","Outmaneuver","Dodge and Roll+1"],"picked":"Footwork","floor":36.0},{"not_picked":["Quick Slash+1","Concentrate","Heel Hook"],"picked":"Infinite Blades","floor":40.0},{"not_picked":["Dodge and Roll+1","Dagger Throw+1","Quick Slash"],"picked":"Escape Plan","floor":41.0},{"not_picked":["Poisoned Stab","Quick Slash+1","Bullet Time"],"picked":"Adrenaline","floor":44.0},{"not_picked":["Chrysalis","Blind","Good Instincts"],"picked":"Magnetism","floor":47.0}],"player_experience":2740727,"relics_obtained":[{"floor":9.0,"key":"Strawberry"},{"floor":10.0,"key":"Dead Branch"},{"floor":14.0,"key":"Potion Belt"},{"floor":23.0,"key":"Juzu Bracelet"},{"floor":23.0,"key":"Question Card"},{"floor":25.0,"key":"Regal Pillow"},{"floor":25.0,"key":"Smiling Mask"},{"floor":26.0,"key":"Happy Flower"},{"floor":31.0,"key":"MawBank"},{"floor":31.0,"key":"Shuriken"},{"floor":40.0,"key":"Dream Catcher"},{"floor":40.0,"key":"Singing Bowl"},{"floor":44.0,"key":"Oddly Smooth Stone"},{"floor":44.0,"key":"Mummified Hand"}],"event_choices":[{"damage_healed":0.0,"max_hp_gain":0.0,"max_hp_loss":0.0,"gold_gain":0.0,"event_name":"Liars Game","player_choice":"Ignored","floor":2.0,"gold_loss":0.0,"damage_taken":0.0},{"damage_healed":0.0,"max_hp_gain":0.0,"max_hp_loss":0.0,"gold_gain":0.0,"event_name":"Scrap Ooze","player_choice":"Success","floor":3.0,"gold_loss":0.0,"damage_taken":5.0,"relics_obtained":["War Paint"]},{"damage_healed":0.0,"max_hp_gain":0.0,"max_hp_loss":0.0,"gold_gain":0.0,"event_name":"The Cleric","player_choice":"Leave","floor":8.0,"gold_loss":0.0,"damage_taken":0.0},{"cards_removed":["Strike_G"],"damage_healed":0.0,"max_hp_gain":0.0,"max_hp_loss":0.0,"gold_gain":0.0,"event_name":"Back to Basics","player_choice":"Elegance","floor":19.0,"gold_loss":0.0,"damage_taken":0.0},{"damage_healed":0.0,"max_hp_gain":0.0,"max_hp_loss":0.0,"gold_gain":0.0,"cards_transformed":["Strike_G","Strike_G"],"event_name":"Drug Dealer","player_choice":"Became Test Subject","floor":22.0,"gold_loss":0.0,"damage_taken":0.0,"cards_obtained":["Masterful Stab","Well Laid Plans"]},{"damage_healed":0.0,"max_hp_gain":0.0,"max_hp_loss":0.0,"gold_gain":0.0,"event_name":"Vampires","player_choice":"Ignored","floor":29.0,"gold_loss":0.0,"damage_taken":0.0},{"damage_healed":0.0,"max_hp_gain":0.0,"max_hp_loss":0.0,"gold_gain":0.0,"event_name":"Lab","player_choice":"Got Potions","floor":37.0,"gold_loss":0.0,"damage_taken":0.0},{"cards_removed":["Well Laid Plans"],"damage_healed":0.0,"max_hp_gain":0.0,"max_hp_loss":0.0,"gold_gain":0.0,"event_name":"Falling","player_choice":"Removed Power","floor":39.0,"gold_loss":0.0,"damage_taken":0.0},{"damage_healed":0.0,"max_hp_gain":0.0,"max_hp_loss":0.0,"gold_gain":0.0,"event_name":"MindBloom","player_choice":"Upgrade","floor":46.0,"gold_loss":0.0,"damage_taken":0.0,"cards_upgraded":["Defend_G","Defend_G","Defend_G","Defend_G","Well Laid Plans","Distraction","Concentrate","Masterful Stab","Endless Agony","Cloak And Dagger","Night Terror","Footwork","Infinite Blades","Escape Plan"],"relics_obtained":["Mark of the Bloom"]},{"damage_healed":0.0,"max_hp_gain":0.0,"max_hp_loss":0.0,"gold_gain":0.0,"event_name":"SensoryStone","player_choice":"Memory 1","floor":47.0,"gold_loss":0.0,"damage_taken":0.0},{"damage_healed":0.0,"max_hp_gain":0.0,"max_hp_loss":4.0,"gold_gain":0.0,"event_name":"Winding Halls","player_choice":"Max HP","floor":48.0,"gold_loss":0.0,"damage_taken":0.0}],"is_beta":false,"boss_relics":[{"not_picked":["HoveringKite","Empty Cage"],"picked":"Black Star"},{"not_picked":["Busted Crown","Runic Dome"],"picked":"Cursed Key"}],"items_purged_floors":[5,38],"is_endless":false,"potions_floor_spawned":[1,4,16,18,20,23,30,35,36],"ascension_level":20}