{"gold_per_floor":[217,237,312,19,37,63,63,24,24,24,24,34,34,61,61,137,137,157,177,177,17,17,17,17],"floor_reached":24,"playtime":2785,"items_purged":[],"score":394,"play_id":"92f2a46c-1d61-4f5d-b0b8-ecb34138ddd2","local_time":"20190503144518","is_ascension_mode":true,"campfire_choices":[{"floor":13,"key":"REST"},{"data":"True Grit","floor":15,"key":"SMITH"},{"floor":23,"key":"REST"}],"neow_cost":"NONE","seed_source_timestamp":604041146377000,"circlet_count":0,"master_deck":["AscendersBane","Strike_R","Strike_R","Strike_R","Defend_R","Defend_R","Defend_R","Defend_R","Bash","Clothesline","Inflame","Cleave","Shrug It Off","Carnage","Metallicize","Headbutt","True Grit+1","Demon Form","Necronomicurse","Warcry"],"relics":["Burning Blood","Mercury Hourglass","Sundial","Paper Frog","Gremlin Horn","Pear","Black Star","Necronomicon","Oddly Smooth Stone"],"potions_floor_usage":[12,14,18,24],"damage_taken":[{"damage":14,"enemies":"Small Slimes","floor":1,"turns":5},{"damage":6,"enemies":"2 Louse","floor":2,"turns":3},{"damage":7,"enemies":"Jaw Worm","floor":5,"turns":3},{"damage":32,"enemies":"Gremlin Nob","floor":6,"turns":4},{"damage":2,"enemies":"Blue Slaver","floor":12,"turns":5},{"damage":17,"enemies":"3 Sentries","floor":14,"turns":4},{"damage":37,"enemies":"The Guardian","floor":16,"turns":12},{"damage":26,"enemies":"3 Byrds","floor":18,"turns":3},{"damage":31,"enemies":"Shell Parasite","floor":19,"turns":7},{"damage":38,"enemies":"Book of Stabbing","floor":24,"turns":3}],"seed_played":"-6510135087376810805","potions_obtained":[{"floor":1,"key":"LiquidBronze"},{"floor":6,"key":"Regen Potion"},{"floor":16,"key":"LiquidBronze"},{"floor":19,"key":"Fire Potion"}],"is_trial":false,"path_per_floor":["M","M","?","$","M","E","?","$","T","T","$","M","R","E","R","B",null,"M","M","?","$","?","R","E"],"character_chosen":"IRONCLAD","items_purchased":["Mercury Hourglass","Cleave","Metallicize","Oddly Smooth Stone"],"campfire_rested":2,"item_purchase_floors":[4,4,8,21],"current_hp_per_floor":[60,60,49,49,48,22,15,15,15,15,15,33,55,54,54,23,70,50,25,4,4,4,29,0],"gold":17,"neow_bonus":"HUNDRED_GOLD","is_prod":false,"is_daily":false,"chose_seed":false,"campfire_upgraded":1,"win_rate":0,"timestamp":1556883918,"path_taken":["M","M","?","$","M","E","?","?","T","?","$","?","R","E","R","BOSS","M","M","?","$","?","R","E"],"build_version":"2019-01-23","purchased_purges":0,"victory":false,"max_hp_per_floor":[75,75,75,75,75,75,75,75,75,75,75,75,75,85,85,85,85,85,85,85,85,85,85,85],"card_choices":[{"not_picked":["Battle Trance","Pummel"],"picked":"Clothesline","floor":1},{"not_picked":["Anger","Intimidate"],"picked":"Inflame","floor":2},{"not_picked":["Perfected Strike","Headbutt"],"picked":"Shrug It Off","floor":5},{"not_picked":["Thunderclap","Perfected Strike"],"picked":"Carnage","floor":6},{"not_picked":["Dark Embrace","Cleave"],"picked":"Headbutt","floor":12},{"not_picked":["Anger","Perfected Strike"],"picked":"True Grit","floor":14},{"not_picked":["Exhume","Double Tap"],"picked":"Demon Form","floor":16},{"not_picked":["Sever Soul","Rage","Fire Breathing"],"picked":"SKIP","floor":18},{"not_picked":["Cleave","Twin Strike","Clothesline"],"picked":"SKIP","floor":19}],"player_experience":366763,"relics_obtained":[{"floor":6,"key":"Sundial"},{"floor":9,"key":"Paper Frog"},{"floor":10,"key":"Gremlin Horn"},{"floor":14,"key":"Pear"},{"floor":20,"key":"Necronomicon"}],"event_choices":[{"damage_healed":0,"gold_gain":75,"player_choice":"Gather Gold","damage_taken":11,"max_hp_gain":0,"max_hp_loss":0,"event_name":"World of Goop","floor":3,"gold_loss":0},{"cards_removed":["Strike_R"],"damage_healed":0,"gold_gain":0,"player_choice":"Card Removal","damage_taken":7,"max_hp_gain":0,"max_hp_loss":0,"event_name":"Golden Wing","floor":7,"gold_loss":0},{"damage_healed":0,"gold_gain":0,"player_choice":"Obtained Book","damage_taken":21,"max_hp_gain":0,"max_hp_loss":0,"event_name":"Cursed Tome","floor":20,"gold_loss":0},{"damage_healed":0,"gold_gain":0,"cards_transformed":["Strike_R"],"player_choice":"Transformed","damage_taken":0,"max_hp_gain":0,"max_hp_loss":0,"event_name":"Transmorgrifier","floor":22,"gold_loss":0,"cards_obtained":["Warcry"]}],"is_beta":false,"boss_relics":[{"not_picked":["Tiny House","Black Blood"],"picked":"Black Star"}],"items_purged_floors":[],"is_endless":false,"potions_floor_spawned":[1,6,16,19],"killed_by":"Book of Stabbing","ascension_level":19}