{"gold_per_floor":[113,132,145,162,162,162,188,188,211,211,231,231,251,277,277,352,352,352,352,352,24,24,24,24,24,24,24,24,24,24,24,24,24,24,24,24,24,24,24,24,24,24,24,24,24,24,24,24,24,24,24,24,24,24,24,24],"floor_reached":56,"playtime":4315,"items_purged":[],"score":2031,"play_id":"6a12b2dc-f25c-47e4-bb36-a672f6fb0bb8","local_time":"20190404115414","is_ascension_mode":true,"campfire_choices":[{"data":"Spot Weakness","floor":6,"key":"SMITH"},{"data":"Shrug It Off","floor":8,"key":"SMITH"},{"data":"Sword Boomerang","floor":15,"key":"SMITH"},{"data":"Shrug It Off","floor":24,"key":"SMITH"},{"data":"Shrug It Off","floor":28,"key":"SMITH"},{"data":"Spot Weakness","floor":32,"key":"SMITH"},{"floor":40,"key":"RECALL"},{"floor":42,"key":"REST"},{"floor":49,"key":"REST"},{"data":"Limit Break","floor":53,"key":"SMITH"}],"neow_cost":"NONE","seed_source_timestamp":1311716953869100,"circlet_count":0,"master_deck":["AscendersBane","Strike_R","Strike_R","Strike_R","Strike_R","Defend_R","Defend_R","Defend_R","Defend_R","Bash+1","Spot Weakness+1","Twin Strike","Shrug It Off+1","Sword Boomerang+1","Shrug It Off+1","Headbutt","Burning Pact","Impervious","Reaper","Spot Weakness+1","Shrug It Off+1","Battle Trance","Sword Boomerang+1","Thunderclap+1","Limit Break+1","Inflame","Intimidate+1","Shrug It Off","Inflame","Reaper","True Grit+1","Intimidate+1"],"relics":["Burning Blood","Smiling Mask","Blood Vial","Anchor","Regal Pillow","Ectoplasm","Bird Faced Urn","Meat on the Bone","Shuriken","Lantern","Bag of Preparation","Bottled Lightning","Ancient Tea Set","Black Star","Ice Cream","Dream Catcher","Ornamental Fan","Red Skull","Pen Nib","Singing Bowl","Toxic Egg 2","Boot","Pear"],"potions_floor_usage":[7,18,23,33,47,50,56],"damage_taken":[{"damage":1,"enemies":"Cultist","floor":1,"turns":3},{"damage":4,"enemies":"Small Slimes","floor":2,"turns":3},{"damage":16,"enemies":"2 Louse","floor":3,"turns":2},{"damage":10,"enemies":"Looter","floor":4,"turns":4},{"damage":12,"enemies":"3 Sentries","floor":7,"turns":5},{"damage":0,"enemies":"Blue Slaver","floor":11,"turns":5},{"damage":0,"enemies":"Large Slime","floor":13,"turns":3},{"damage":11,"enemies":"Gremlin Nob","floor":14,"turns":3},{"damage":31,"enemies":"Slime Boss","floor":16,"turns":10},{"damage":6,"enemies":"Shell Parasite","floor":18,"turns":3},{"damage":20,"enemies":"Colosseum Slavers","floor":19,"turns":8},{"damage":19,"enemies":"Colosseum Nobs","floor":19,"turns":4},{"damage":0,"enemies":"3 Byrds","floor":22,"turns":4},{"damage":11,"enemies":"Slavers","floor":23,"turns":4},{"damage":62,"enemies":"Gremlin Leader","floor":27,"turns":7},{"damage":0,"enemies":"Book of Stabbing","floor":29,"turns":3},{"damage":14,"enemies":"Sentry and Sphere","floor":30,"turns":5},{"damage":0,"enemies":"Centurion and Healer","floor":31,"turns":4},{"damage":106,"enemies":"Collector","floor":33,"turns":10},{"damage":28,"enemies":"Orb Walker","floor":35,"turns":4},{"damage":0,"enemies":"3 Shapes","floor":36,"turns":5},{"damage":7,"enemies":"Jaw Worm Horde","floor":37,"turns":4},{"damage":11,"enemies":"Mind Bloom Boss Battle","floor":39,"turns":7},{"damage":60,"enemies":"Reptomancer","floor":41,"turns":8},{"damage":40,"enemies":"Nemesis","floor":44,"turns":5},{"damage":30,"enemies":"Writhing Mass","floor":46,"turns":6},{"damage":62,"enemies":"Reptomancer","floor":47,"turns":6},{"damage":109,"enemies":"Donu and Deca","floor":50,"turns":7},{"damage":41,"enemies":"Time Eater","floor":51,"turns":8},{"damage":83,"enemies":"Shield and Spear","floor":55,"turns":6},{"damage":75,"enemies":"The Heart","floor":56,"turns":5}],"seed_played":"6433522989828572672","potions_obtained":[{"floor":1,"key":"Dexterity Potion"},{"floor":3,"key":"Energy Potion"},{"floor":16,"key":"Dexterity Potion"},{"floor":23,"key":"SpeedPotion"},{"floor":37,"key":"Dexterity Potion"},{"floor":55,"key":"SkillPotion"}],"is_trial":false,"path_per_floor":["M","M","M","M","?","R","E","R","T","?","M","?","M","E","R","B",null,"M","?","?","$","M","E","R","?","T","E","R","E","M","M","R","B",null,"M","M","M","?","?","R","E","R","T","E","?","M","E","$","R","B","B",null,"R","$","E","B"],"character_chosen":"IRONCLAD","items_purchased":["Shuriken","Strength Potion"],"campfire_rested":2,"item_purchase_floors":[21,21],"current_hp_per_floor":[73,75,65,61,66,66,60,60,60,42,50,43,51,48,48,25,66,68,78,78,78,80,75,75,75,75,68,68,76,79,80,80,27,67,53,80,80,70,69,69,31,70,70,52,52,76,54,54,76,53,56,71,71,71,56,0],"gold":24,"neow_bonus":"UPGRADE_CARD","is_prod":false,"is_daily":false,"chose_seed":false,"campfire_upgraded":7,"win_rate":0,"timestamp":1554375254,"path_taken":["M","M","?","M","?","R","E","R","T","?","M","?","M","E","R","BOSS","M","?","?","$","M","E","R","?","T","E","R","E","M","M","R","BOSS","M","M","M","?","?","R","E","R","T","E","?","?","E","?","R","BOSS","BOSS","R","$","E","BOSS"],"build_version":"2019-01-23","purchased_purges":0,"victory":false,"max_hp_per_floor":[75,75,75,75,80,80,80,80,80,80,80,80,80,80,80,80,80,80,80,80,80,80,80,80,80,80,80,80,80,80,80,80,80,80,80,80,80,80,80,80,80,80,80,80,76,76,76,76,76,76,76,76,76,76,86,86],"card_choices":[{"not_picked":["Whirlwind","Metallicize"],"picked":"Spot Weakness","floor":1},{"not_picked":["Second Wind","Dual Wield"],"picked":"Twin Strike","floor":2},{"not_picked":["Havoc","Power Through"],"picked":"Shrug It Off","floor":3},{"not_picked":["Clothesline","Twin Strike"],"picked":"Sword Boomerang","floor":4},{"not_picked":["Twin Strike","Heavy Blade"],"picked":"Shrug It Off","floor":7},{"not_picked":["Havoc","Twin Strike"],"picked":"Headbutt","floor":11},{"not_picked":["Havoc","Twin Strike"],"picked":"Burning Pact","floor":13},{"not_picked":["Armaments","Burning Pact"],"picked":"Impervious","floor":14},{"not_picked":["Demon Form","Fiend Fire"],"picked":"Reaper","floor":16},{"not_picked":["Pommel Strike","Warcry"],"picked":"Spot Weakness","floor":18},{"not_picked":["Flex","Power Through"],"picked":"Shrug It Off","floor":19},{"not_picked":["True Grit","Twin Strike","Body Slam"],"picked":"SKIP","floor":22},{"not_picked":["Combust+1","Brutality","Carnage"],"picked":"SKIP","floor":23},{"not_picked":["Body Slam","Clothesline","Pommel Strike"],"picked":"SKIP","floor":27},{"not_picked":["Burning Pact","Wild Strike"],"picked":"Thunderclap+1","floor":29},{"not_picked":["Headbutt","Entrench","Wild Strike"],"picked":"SKIP","floor":30},{"not_picked":["Rampage","Dropkick","Flame Barrier"],"picked":"SKIP","floor":31},{"not_picked":["Demon Form","Dark Embrace"],"picked":"Limit Break","floor":33},{"not_picked":["Sword Boomerang","True Grit"],"picked":"Inflame","floor":35},{"not_picked":["Iron Wave+1","Shrug It Off","Anger+1"],"picked":"SKIP","floor":36},{"not_picked":["Dropkick","Sword Boomerang"],"picked":"Intimidate+1","floor":37},{"not_picked":["Second Wind","Ghostly Armor"],"picked":"Shrug It Off","floor":39},{"not_picked":["Sever Soul","Clothesline","Flex"],"picked":"SKIP","floor":41},{"not_picked":["Clash+1","Burning Pact"],"picked":"Inflame","floor":44},{"not_picked":["Infernal Blade+1","Armaments","Anger"],"picked":"SKIP","floor":46},{"not_picked":["Headbutt+1","Spot Weakness+1"],"picked":"Reaper","floor":47},{"not_picked":["Twin Strike","Sever Soul"],"picked":"True Grit+1","floor":49},{"not_picked":["Anger","Flex+1"],"picked":"Intimidate+1","floor":55}],"player_experience":2492599,"relics_obtained":[{"floor":7,"key":"Smiling Mask"},{"floor":9,"key":"Blood Vial"},{"floor":14,"key":"Regal Pillow"},{"floor":19,"key":"Bird Faced Urn"},{"floor":19,"key":"Meat on the Bone"},{"floor":23,"key":"Lantern"},{"floor":26,"key":"Bag of Preparation"},{"floor":27,"key":"Bottled Lightning"},{"floor":29,"key":"Ancient Tea Set"},{"floor":39,"key":"Ice Cream"},{"floor":41,"key":"Dream Catcher"},{"floor":41,"key":"Ornamental Fan"},{"floor":44,"key":"Red Skull"},{"floor":44,"key":"Pen Nib"},{"floor":47,"key":"Singing Bowl"},{"floor":47,"key":"Toxic Egg 2"},{"floor":55,"key":"Boot"},{"floor":55,"key":"Pear"}],"event_choices":[{"damage_healed":0,"gold_gain":0,"player_choice":"Donut","damage_taken":0,"max_hp_gain":5,"max_hp_loss":0,"event_name":"Big Fish","floor":5,"gold_loss":0},{"damage_healed":0,"gold_gain":0,"player_choice":"Success","damage_taken":18,"relics_obtained":["Anchor"],"max_hp_gain":0,"max_hp_loss":0,"event_name":"Scrap Ooze","floor":10,"gold_loss":0},{"cards_removed":["Strike_R"],"damage_healed":0,"gold_gain":0,"player_choice":"Card Removal","damage_taken":7,"max_hp_gain":0,"max_hp_loss":0,"event_name":"Golden Wing","floor":12,"gold_loss":0},{"damage_healed":0,"gold_gain":0,"player_choice":"Fight","damage_taken":0,"max_hp_gain":0,"max_hp_loss":0,"event_name":"Colosseum","floor":19,"gold_loss":0},{"damage_healed":0,"gold_gain":0,"player_choice":"Fought Nobs","damage_taken":0,"max_hp_gain":0,"max_hp_loss":0,"event_name":"Colosseum","floor":19,"gold_loss":0},{"damage_healed":0,"gold_gain":0,"player_choice":"Read","damage_taken":0,"max_hp_gain":0,"max_hp_loss":0,"event_name":"The Library","floor":20,"gold_loss":0,"cards_obtained":["Battle Trance"]},{"damage_healed":0,"gold_gain":0,"player_choice":"Copied","damage_taken":0,"max_hp_gain":0,"max_hp_loss":0,"event_name":"Duplicator","floor":25,"gold_loss":0,"cards_obtained":["Sword Boomerang"]},{"damage_healed":0,"gold_gain":0,"player_choice":"Memory 3","damage_taken":10,"max_hp_gain":0,"max_hp_loss":0,"event_name":"SensoryStone","floor":38,"gold_loss":0},{"damage_healed":0,"gold_gain":0,"player_choice":"Fight","damage_taken":0,"max_hp_gain":0,"max_hp_loss":0,"event_name":"MindBloom","floor":39,"gold_loss":0},{"damage_healed":0,"gold_gain":0,"player_choice":"Max HP","damage_taken":0,"max_hp_gain":0,"max_hp_loss":4,"event_name":"Winding Halls","floor":45,"gold_loss":0}],"is_beta":false,"boss_relics":[{"not_picked":["Astrolabe","Coffee Dripper"],"picked":"Ectoplasm"},{"not_picked":["Snecko Eye","Runic Dome"],"picked":"Black Star"}],"items_purged_floors":[],"is_endless":false,"potions_floor_spawned":[1,3,4,16,19,23,29,30,37,39,44,46,55],"killed_by":"The Heart","ascension_level":20}