{"gold_per_floor":[218,234,178,74,91,91,126,137,137,62,124,143,159,179,179,256,256,256,256,256,256,256,256,256,256,256,256,256,256,256,256],"floor_reached":31,"playtime":1579,"items_purged":[],"score":474,"play_id":"b13c08d9-ecb0-4fa4-9e6c-8c17d18af0f3","local_time":"20190417170503","is_ascension_mode":true,"campfire_choices":[{"data":"Bash","floor":6.0,"key":"SMITH"},{"data":"Uppercut","floor":15.0,"key":"SMITH"},{"data":"Armaments","floor":23.0,"key":"SMITH"},{"floor":28.0,"key":"REST"}],"neow_cost":"NONE","seed_source_timestamp":32642051570458,"circlet_count":0,"master_deck":["AscendersBane","Strike_R+1","Strike_R+1","Strike_R+1","Strike_R+1","Defend_R+1","Defend_R+1","Defend_R+1","Defend_R+1","Bash+1","Reckless Charge","Pommel Strike","Armaments+1","Flame Barrier","Shockwave","Anger","Metallicize","Disarm","Uppercut+1","Iron Wave","Exhume","Flame Barrier","Havoc+1","Corruption","True Grit","Offering","Rampage"],"special_seed":0,"relics":["Burning Blood","Question Card","Meat on the Bone","Pantograph","Tiny Chest","Ectoplasm","Blood Vial","Regal Pillow","Turnip","Bottled Flame","Dream Catcher"],"potions_floor_usage":[],"damage_taken":[{"damage":10.0,"enemies":"2 Louse","floor":1.0,"turns":4.0},{"damage":5.0,"enemies":"Cultist","floor":2.0,"turns":4.0},{"damage":12.0,"enemies":"Small Slimes","floor":5.0,"turns":3.0},{"damage":15.0,"enemies":"3 Sentries","floor":7.0,"turns":11.0},{"damage":8.0,"enemies":"Looter","floor":8.0,"turns":3.0},{"damage":24.0,"enemies":"Gremlin Nob","floor":11.0,"turns":5.0},{"damage":23.0,"enemies":"Exordium Thugs","floor":12.0,"turns":6.0},{"damage":3.0,"enemies":"Gremlin Gang","floor":13.0,"turns":6.0},{"damage":0.0,"enemies":"2 Fungi Beasts","floor":14.0,"turns":3.0},{"damage":32.0,"enemies":"Hexaghost","floor":16.0,"turns":12.0},{"damage":21.0,"enemies":"Chosen","floor":18.0,"turns":6.0},{"damage":4.0,"enemies":"Shell Parasite","floor":20.0,"turns":6.0},{"damage":17.0,"enemies":"Chosen and Byrds","floor":22.0,"turns":7.0},{"damage":11.0,"enemies":"Centurion and Healer","floor":24.0,"turns":8.0},{"damage":31.0,"enemies":"Snecko","floor":25.0,"turns":7.0},{"damage":18.0,"enemies":"Colosseum Slavers","floor":27.0,"turns":5.0},{"damage":19.0,"enemies":"Colosseum Nobs","floor":27.0,"turns":7.0},{"damage":46.0,"enemies":"Slavers","floor":29.0,"turns":9.0},{"damage":36,"enemies":"Cultist and Chosen","floor":30,"turns":9},{"damage":39,"enemies":"Gremlin Leader","floor":31,"turns":5}],"seed_played":"605743473815015997","potions_obtained":[{"floor":1.0,"key":"Strength Potion"},{"floor":11.0,"key":"EssenceOfSteel"},{"floor":12.0,"key":"SteroidPotion"},{"floor":16.0,"key":"PowerPotion"}],"is_trial":false,"path_per_floor":["M","M","?","$","M","R","E","M","T","?","E","M","M","M","R","B",null,"M","?","M","T","M","R","M","M","T","?","R","E","M","E"],"character_chosen":"IRONCLAD","items_purchased":["Armaments","Flame Barrier"],"campfire_rested":1,"item_purchase_floors":[4,4],"current_hp_per_floor":[64,65,65,65,59,59,50,48,48,48,42,37,52,58,58,49,69,54,54,56,56,47,47,44,33,33,36,73,47,31,0],"gold":256,"neow_bonus":"HUNDRED_GOLD","is_prod":false,"is_daily":false,"chose_seed":false,"campfire_upgraded":3,"win_rate":0,"timestamp":1555545903,"path_taken":["M","M","?","$","M","R","E","?","T","?","E","M","M","M","R","BOSS","M","?","M","?","M","R","M","?","T","?","R","E","M","E"],"build_version":"2019-01-23","purchased_purges":0,"victory":false,"max_hp_per_floor":[75,75,75,75,75,75,75,75,75,75,75,75,75,75,75,75,75,75,75,75,75,75,75,75,75,75,75,75,75,75,75],"card_choices":[{"not_picked":["Blood for Blood","Combust"],"picked":"Reckless Charge","floor":1.0},{"not_picked":["Warcry","Blood for Blood"],"picked":"Pommel Strike","floor":2.0},{"not_picked":["Pommel Strike","Warcry","Power Through"],"picked":"Shockwave","floor":5.0},{"not_picked":["Corruption","Clash","Entrench"],"picked":"Anger","floor":7.0},{"not_picked":["Perfected Strike","Flex","Whirlwind"],"picked":"Metallicize","floor":8.0},{"not_picked":["Feel No Pain","Reckless Charge","Wild Strike"],"picked":"Disarm","floor":11.0},{"not_picked":["Clothesline","Flex","Sentinel"],"picked":"Uppercut","floor":12.0},{"not_picked":["Body Slam","Berserk","Flex","Fire Breathing"],"picked":"SKIP","floor":13.0},{"not_picked":["Armaments","Thunderclap","Warcry"],"picked":"Iron Wave","floor":14.0},{"not_picked":["Double Tap","Barricade","Demon Form"],"picked":"Exhume","floor":16.0},{"not_picked":["Pummel","Heavy Blade","Iron Wave","Body Slam"],"picked":"SKIP","floor":18.0},{"not_picked":["Second Wind","Reckless Charge","Metallicize","Perfected Strike"],"picked":"SKIP","floor":20.0},{"not_picked":["Clash","Dual Wield","Warcry"],"picked":"Flame Barrier","floor":22.0},{"not_picked":["Body Slam","Ghostly Armor","Rampage"],"picked":"Havoc+1","floor":24.0},{"not_picked":["Searing Blow+1","Burning Pact","Pommel Strike"],"picked":"Corruption","floor":25.0},{"not_picked":["Heavy Blade","Anger","Twin Strike"],"picked":"True Grit","floor":27.0},{"not_picked":["Body Slam","Double Tap","Rage"],"picked":"Offering","floor":29.0},{"not_picked":["Warcry","Flex","Heavy Blade"],"picked":"Rampage","floor":30}],"player_experience":2459789,"relics_obtained":[{"floor":7.0,"key":"Meat on the Bone"},{"floor":9.0,"key":"Pantograph"},{"floor":11.0,"key":"Tiny Chest"},{"floor":21.0,"key":"Blood Vial"},{"floor":26.0,"key":"Regal Pillow"},{"floor":27.0,"key":"Turnip"},{"floor":27.0,"key":"Bottled Flame"},{"floor":29.0,"key":"Dream Catcher"}],"event_choices":[{"damage_healed":0.0,"max_hp_gain":0.0,"max_hp_loss":0.0,"gold_gain":0.0,"event_name":"WeMeetAgain","player_choice":"Paid Gold","floor":3.0,"gold_loss":56.0,"damage_taken":0.0,"relics_obtained":["Question Card"]},{"cards_removed":["Strike_R"],"damage_healed":0.0,"max_hp_gain":0.0,"max_hp_loss":0.0,"gold_gain":0.0,"event_name":"The Cleric","player_choice":"Card Removal","floor":10.0,"gold_loss":75.0,"damage_taken":0.0},{"damage_healed":0.0,"max_hp_gain":0.0,"max_hp_loss":0.0,"gold_gain":0.0,"event_name":"Back to Basics","player_choice":"Simplicity","floor":19.0,"gold_loss":0.0,"damage_taken":0.0,"cards_upgraded":["Strike_R","Strike_R","Strike_R","Strike_R","Defend_R","Defend_R","Defend_R","Defend_R"]},{"damage_healed":0.0,"max_hp_gain":0.0,"max_hp_loss":0.0,"gold_gain":0.0,"event_name":"Colosseum","player_choice":"Fight","floor":27.0,"gold_loss":0.0,"damage_taken":0.0},{"damage_healed":0.0,"max_hp_gain":0.0,"max_hp_loss":0.0,"gold_gain":0.0,"event_name":"Colosseum","player_choice":"Fought Nobs","floor":27.0,"gold_loss":0.0,"damage_taken":0.0}],"is_beta":false,"boss_relics":[{"not_picked":["Eternal Feather","Black Star"],"picked":"Ectoplasm"}],"items_purged_floors":[],"is_endless":false,"potions_floor_spawned":[1,11,12,16,22,24,25],"killed_by":"Gremlin Leader","ascension_level":15}