{"gold_per_floor":[5119,5119,5131,5145,5159,5184,5184,5198,5198,5215,5215,5215,5234,5234,5234,5338,5338,5350,5350,5350,5360,5370,5401,5401,5401,5427,5427,5474,145],"floor_reached":29,"playtime":2075,"items_purged":[],"score":564,"play_id":"3b9ecdfe-81a2-4d63-900d-b0cd031cd97e","local_time":"20190429200342","daily_mods":["SealedDeck","Vintage","Flight"],"is_ascension_mode":true,"campfire_choices":[{"floor":15.0,"key":"REST"},{"floor":27,"key":"REST"}],"neow_cost":"","seed_source_timestamp":0,"circlet_count":3,"master_deck":["Noxious Fumes","Deflect+1","Flying Knee","Prepared","Masterful Stab","Escape Plan","Acrobatics","Finisher","Acrobatics+1","Masterful Stab","Adrenaline","Leg Sweep+1","Injury","Clumsy"],"special_seed":0,"relics":["Ring of the Snake","Bag of Marbles","Pear","Thread and Needle","Paper Crane","Circlet","The Courier","Sundial","Mango","Turnip","Juzu Bracelet","Pantograph","Incense Burner","Dodecahedron","Mercury Hourglass","Cursed Key","Bag of Preparation","Ancient Tea Set","Vajra","Torii","Potion Belt","Pen Nib","PreservedInsect","Peace Pipe","Juzu Bracelet","Centennial Puzzle","Lantern","Tiny Chest","Matryoshka","Prayer Wheel","Calipers","Regal Pillow","Ninja Scroll","Bird Faced Urn","Blood Vial","Pocketwatch","Oddly Smooth Stone","Gambling Chip","Toxic Egg 2","Girya","Ice Cream","Strawberry","Omamori","Snake Skull","Art of War","PrismaticShard","Bronze Scales","Blue Candle","Boot","War Paint","Dead Branch","Anchor","Happy Flower","Molten Egg 2"],"potions_floor_usage":[],"damage_taken":[{"damage":0.0,"enemies":"2 Louse","floor":1.0,"turns":1.0},{"damage":0.0,"enemies":"Small Slimes","floor":3.0,"turns":1.0},{"damage":0.0,"enemies":"Cultist","floor":4.0,"turns":1.0},{"damage":0.0,"enemies":"Gremlin Gang","floor":5.0,"turns":1.0},{"damage":0.0,"enemies":"3 Sentries","floor":6.0,"turns":1.0},{"damage":0.0,"enemies":"Exordium Thugs","floor":8.0,"turns":1.0},{"damage":0.0,"enemies":"Blue Slaver","floor":10.0,"turns":1.0},{"damage":0.0,"enemies":"3 Louse","floor":13.0,"turns":1.0},{"damage":0.0,"enemies":"Hexaghost","floor":16.0,"turns":1.0},{"damage":0.0,"enemies":"2 Thieves","floor":18.0,"turns":1.0},{"damage":0.0,"enemies":"Spheric Guardian","floor":21.0,"turns":1.0},{"damage":0.0,"enemies":"Shelled Parasite and Fungi","floor":22.0,"turns":1.0},{"damage":0.0,"enemies":"Slavers","floor":23.0,"turns":1.0}],"seed_played":"8235118797285792670","potions_obtained":[{"floor":4.0,"key":"FearPotion"},{"floor":5.0,"key":"Weak Potion"},{"floor":7.0,"key":"EntropicBrew"}],"is_trial":true,"path_per_floor":["M","?","M","M","M","E","?","M","T","M","T","T","M","?","R","B",null,"M","?","$","M","M","E","$","?","T","R","T","$"],"character_chosen":"THE_SILENT","items_purchased":["PreservedInsect","Peace Pipe","Juzu Bracelet","Centennial Puzzle","Lantern","Tiny Chest","Matryoshka","Prayer Wheel","Calipers","Regal Pillow","Ninja Scroll","Bird Faced Urn","Blood Vial","Pocketwatch","Oddly Smooth Stone","Gambling Chip","Toxic Egg 2","Girya","Ice Cream","Strawberry","Omamori","Snake Skull","Art of War","PrismaticShard","Bronze Scales","Blue Candle","Boot","War Paint","Dead Branch","Anchor","Happy Flower","Molten Egg 2"],"campfire_rested":2,"item_purchase_floors":[29,29,29,29,29,29,29,29,29,29,29,29,29,29,29,29,29,29,29,29,29,29,29,29,29,29,29,29,29,29,29,29],"current_hp_per_floor":[70,70,80,80,80,80,80,94,94,94,94,94,94,94,94,94,94,94,94,94,94,94,94,94,94,94,94,94,101],"gold":145,"neow_bonus":"","is_prod":false,"is_daily":false,"chose_seed":false,"campfire_upgraded":0,"win_rate":0,"timestamp":1556539422,"path_taken":["M","?","M","M","M","E","?","?","T","?","?","?","M","?","R","BOSS","M","?","$","M","M","E","$","?","T","R","?","$"],"build_version":"2019-01-23","purchased_purges":0,"victory":false,"max_hp_per_floor":[70,70,80,80,80,80,80,94,94,94,94,94,94,94,94,94,94,94,94,94,94,94,94,94,94,94,94,94,101],"card_choices":[{"not_picked":["Blur","Deadly Poison"],"picked":"Masterful Stab","floor":6.0},{"not_picked":["Corpse Explosion","Night Terror"],"picked":"Adrenaline","floor":16.0},{"not_picked":["Escape Plan","Sucker Punch"],"picked":"Leg Sweep+1","floor":23.0}],"player_experience":3059267,"relics_obtained":[{"floor":1.0,"key":"Bag of Marbles"},{"floor":3.0,"key":"Pear"},{"floor":4.0,"key":"Thread and Needle"},{"floor":5.0,"key":"Paper Crane"},{"floor":6.0,"key":"Sundial"},{"floor":8.0,"key":"Mango"},{"floor":9.0,"key":"Turnip"},{"floor":10.0,"key":"Pantograph"},{"floor":11.0,"key":"Incense Burner"},{"floor":12.0,"key":"Dodecahedron"},{"floor":13.0,"key":"Mercury Hourglass"},{"floor":18.0,"key":"Bag of Preparation"},{"floor":21.0,"key":"Ancient Tea Set"},{"floor":22.0,"key":"Vajra"},{"floor":23.0,"key":"Torii"},{"floor":26,"key":"Potion Belt"},{"floor":28,"key":"Pen Nib"}],"event_choices":[{"damage_healed":0.0,"max_hp_gain":0.0,"max_hp_loss":0.0,"gold_gain":0.0,"event_name":"Liars Game","player_choice":"Ignored","floor":2.0,"gold_loss":0.0,"damage_taken":0.0},{"damage_healed":0.0,"max_hp_gain":0.0,"max_hp_loss":0.0,"gold_gain":0.0,"event_name":"Lab","player_choice":"Got Potions","floor":7.0,"gold_loss":0.0,"damage_taken":0.0},{"damage_healed":0.0,"max_hp_gain":0.0,"max_hp_loss":0.0,"gold_gain":0.0,"event_name":"The Cleric","player_choice":"Leave","floor":14.0,"gold_loss":0.0,"damage_taken":0.0},{"damage_healed":0.0,"max_hp_gain":0.0,"max_hp_loss":0.0,"gold_gain":0.0,"event_name":"Vampires","player_choice":"Ignored","floor":19.0,"gold_loss":0.0,"damage_taken":0.0},{"cards_removed":["Dodge and Roll"],"damage_healed":0,"gold_gain":0,"player_choice":"Elegance","damage_taken":0,"max_hp_gain":0,"max_hp_loss":0,"event_name":"Back to Basics","floor":25,"gold_loss":0}],"is_beta":false,"boss_relics":[{"not_picked":["Astrolabe","HoveringKite"],"picked":"Cursed Key"}],"items_purged_floors":[],"is_endless":false,"potions_floor_spawned":[4,5,8,13,18,23],"ascension_level":1}