{"gold_per_floor":[112,112,127,52,68,101,113,32,32,42,42,42,53,71,71,175,175,189,201,201,201,201,201,221,26,50,61,61,20,37,37,37,37],"floor_reached":33,"playtime":2567,"items_purged":["Clumsy"],"score":274,"play_id":"6d4cc1e6-6a45-48c6-b99d-207b1ef5fefd","local_time":"20190401003319","is_ascension_mode":true,"campfire_choices":[{"floor":11,"key":"RECALL"},{"floor":15,"key":"REST"},{"data":"Phantasmal Killer","floor":23,"key":"SMITH"},{"floor":28,"key":"REST"},{"floor":32,"key":"REST"}],"neow_cost":"NONE","seed_source_timestamp":6940170799955,"circlet_count":0,"master_deck":["Defend_G+1","Defend_G+1","Defend_G+1","Defend_G+1","Defend_G+1","Strike_G+1","Strike_G+1","Strike_G+1","Strike_G+1","Survivor","Neutralize","Outmaneuver","Quick Slash","Phantasmal Killer+1","Caltrops","Backstab","Bandage Up","Flying Knee","PiercingWail","Terror","Unload","Blade Dance","Bouncing Flask+1","Deadly Poison+1","Caltrops"],"relics":["Ring of the Snake","NeowsBlessing","Strawberry","WristBlade","TwistedFunnel","Omamori"],"potions_floor_usage":[6,6,14,14,16,16,18,30],"damage_taken":[{"damage":0,"enemies":"Small Slimes","floor":1,"turns":1},{"damage":0,"enemies":"Cultist","floor":3,"turns":1},{"damage":0,"enemies":"Jaw Worm","floor":5,"turns":1},{"damage":20,"enemies":"Lagavulin","floor":6,"turns":8},{"damage":2,"enemies":"2 Fungi Beasts","floor":7,"turns":4},{"damage":9,"enemies":"Blue Slaver","floor":10,"turns":4},{"damage":1,"enemies":"Looter","floor":13,"turns":3},{"damage":5,"enemies":"Exordium Wildlife","floor":14,"turns":6},{"damage":67,"enemies":"Slime Boss","floor":16,"turns":16},{"damage":22,"enemies":"Shell Parasite","floor":18,"turns":6},{"damage":20,"enemies":"2 Thieves","floor":19,"turns":5},{"damage":34,"enemies":"Sentry and Sphere","floor":24,"turns":7},{"damage":24,"enemies":"Snake Plant","floor":27,"turns":4},{"damage":21,"enemies":"Snecko","floor":30,"turns":3},{"damage":55,"enemies":"Champ","floor":33,"turns":9}],"seed_played":"1063366910183650205","potions_obtained":[{"floor":1,"key":"Strength Potion"},{"floor":5,"key":"GamblersBrew"},{"floor":13,"key":"EntropicBrew"},{"floor":14,"key":"Ancient Potion"},{"floor":16,"key":"SpeedPotion"},{"floor":19,"key":"FearPotion"},{"floor":30,"key":"GamblersBrew"}],"is_trial":false,"path_per_floor":["M","?","M","$","M","E","M","$","T","M","R","?","M","M","R","B",null,"M","M","?","?","?","R","M","$","T","M","R","$","M","$","R","B"],"character_chosen":"THE_SILENT","items_purchased":["Bandage Up","TwistedFunnel","Caltrops"],"campfire_rested":3,"item_purchase_floors":[8,25,29],"current_hp_per_floor":[70,70,70,70,70,57,55,55,55,50,50,50,49,48,71,8,77,59,43,43,68,68,68,38,38,38,14,37,37,20,20,43,0],"gold":37,"neow_bonus":"THREE_ENEMY_KILL","is_prod":false,"is_daily":false,"chose_seed":false,"campfire_upgraded":1,"win_rate":0,"timestamp":1554075199,"path_taken":["M","?","?","$","M","E","M","$","T","M","R","?","M","?","R","BOSS","M","M","?","?","?","R","M","?","T","M","R","$","M","?","R","BOSS"],"build_version":"2019-01-23","purchased_purges":1,"victory":false,"max_hp_per_floor":[70,70,70,70,70,77,77,77,77,77,77,77,77,77,77,77,77,77,77,77,77,77,77,77,77,77,77,77,77,77,77,77,77],"card_choices":[{"not_picked":["Masterful Stab","Distraction"],"picked":"Outmaneuver","floor":1},{"not_picked":["Backstab","PiercingWail"],"picked":"Caltrops","floor":3},{"not_picked":["Bane","Finisher"],"picked":"Backstab","floor":5},{"not_picked":["Catalyst","Backflip","Dodge and Roll"],"picked":"SKIP","floor":6},{"not_picked":["Sucker Punch","PiercingWail","Dagger Throw"],"picked":"SKIP","floor":7},{"not_picked":["Slice","Accuracy"],"picked":"Flying Knee","floor":10},{"not_picked":["Eviscerate","Dagger Throw"],"picked":"Terror","floor":13},{"not_picked":["Night Terror","Backflip","Outmaneuver"],"picked":"SKIP","floor":14},{"not_picked":["Grand Finale","Phantasmal Killer"],"picked":"Unload","floor":16},{"not_picked":["Prepared","Slice"],"picked":"Blade Dance","floor":18},{"not_picked":["Quick Slash","Backflip"],"picked":"Bouncing Flask+1","floor":19},{"not_picked":["Sucker Punch","Footwork","Outmaneuver"],"picked":"SKIP","floor":24},{"not_picked":["Flying Knee","Wraith Form v2"],"picked":"Deadly Poison+1","floor":27},{"not_picked":["Skewer","Outmaneuver","Eviscerate+1"],"picked":"SKIP","floor":30}],"player_experience":461636,"relics_obtained":[{"floor":6,"key":"Strawberry"},{"floor":26,"key":"Omamori"}],"event_choices":[{"damage_healed":0,"gold_gain":0,"player_choice":"3 cards matched","damage_taken":0,"max_hp_gain":0,"max_hp_loss":0,"event_name":"Match and Keep!","floor":2,"gold_loss":0,"cards_obtained":["Quick Slash","Phantasmal Killer","Clumsy"]},{"damage_healed":0,"gold_gain":0,"cards_transformed":["Strike_G"],"player_choice":"Transformed","damage_taken":0,"max_hp_gain":0,"max_hp_loss":0,"event_name":"Transmorgrifier","floor":12,"gold_loss":0,"cards_obtained":["PiercingWail"]},{"damage_healed":0,"gold_gain":0,"player_choice":"Ignored","damage_taken":0,"max_hp_gain":0,"max_hp_loss":0,"event_name":"Ghosts","floor":20,"gold_loss":0},{"damage_healed":25,"gold_gain":0,"player_choice":"Heal","damage_taken":0,"max_hp_gain":0,"max_hp_loss":0,"event_name":"The Library","floor":21,"gold_loss":0},{"damage_healed":0,"gold_gain":0,"player_choice":"Simplicity","damage_taken":0,"max_hp_gain":0,"max_hp_loss":0,"event_name":"Back to Basics","floor":22,"gold_loss":0,"cards_upgraded":["Defend_G","Defend_G","Defend_G","Defend_G","Defend_G","Strike_G","Strike_G","Strike_G","Strike_G"]}],"is_beta":false,"boss_relics":[{"not_picked":["Black Star","Orrery"],"picked":"WristBlade"}],"items_purged_floors":[4],"is_endless":false,"potions_floor_spawned":[1,5,13,14,16,19,30],"killed_by":"Champ","ascension_level":2}