{"gold_per_floor":[20,40,51,51,70,103,122,122,122,134,162,162,162,179,179,282,282,299,299,314,332,349,349],"floor_reached":23,"playtime":1732,"items_purged":[],"score":207,"play_id":"dd5c9451-c63d-41cb-bb41-cbdd01a0044f","local_time":"20181003173754","is_ascension_mode":false,"campfire_choices":[{"floor":8,"key":"REST"},{"floor":13,"key":"REST"},{"data":"Catalyst","floor":15,"key":"SMITH"}],"neow_cost":"NO_GOLD","seed_source_timestamp":1454962176410348,"circlet_count":0,"master_deck":["Defend_G","Defend_G","Defend_G","Defend_G","Defend_G","Strike_G","Strike_G","Strike_G","Strike_G+1","Strike_G","Survivor","Neutralize+1","Infinite Blades","Outmaneuver","Catalyst+1","Prepared","Poisoned Stab","Bouncing Flask","Quick Slash","Corpse Explosion","Dodge and Roll","Die Die Die","Dagger Spray","Blade Dance+1","Bouncing Flask","Masterful Stab+1"],"relics":["Ring of the Snake","Nunchaku","Bottled Tornado","Matryoshka","Letter Opener","Cursed Key","Nilry\u0027s Codex"],"potions_floor_usage":[6,7,7,22,22],"damage_taken":[{"damage":0,"enemies":"Jaw Worm","floor":1,"turns":6},{"damage":2,"enemies":"Small Slimes","floor":2,"turns":4},{"damage":4,"enemies":"2 Louse","floor":3,"turns":4},{"damage":13,"enemies":"Gremlin Gang","floor":5,"turns":7},{"damage":26,"enemies":"Lagavulin","floor":6,"turns":12},{"damage":0,"enemies":"2 Fungi Beasts","floor":7,"turns":2},{"damage":5,"enemies":"Looter","floor":10,"turns":3},{"damage":22,"enemies":"Gremlin Nob","floor":11,"turns":4},{"damage":7,"enemies":"Blue Slaver","floor":14,"turns":3},{"damage":20,"enemies":"Hexaghost","floor":16,"turns":8},{"damage":14,"enemies":"Spheric Guardian","floor":18,"turns":4},{"damage":14,"enemies":"2 Thieves","floor":20,"turns":3},{"damage":0,"enemies":"Centurion and Healer","floor":21,"turns":4},{"damage":39,"enemies":"Cultist and Chosen","floor":22,"turns":7},{"damage":34,"enemies":"Book of Stabbing","floor":23,"turns":4}],"seed_played":"3369168974100400087","potions_obtained":[{"floor":1,"key":"Block Potion"},{"floor":3,"key":"SteroidPotion"},{"floor":6,"key":"FearPotion"},{"floor":11,"key":"SteroidPotion"},{"floor":14,"key":"FearPotion"},{"floor":16,"key":"Regen Potion"},{"floor":20,"key":"Regen Potion"}],"is_trial":false,"path_per_floor":["M","M","M","?","M","E","M","R","T","M","E","?","R","M","R","B",null,"M","?","M","M","M"],"character_chosen":"THE_SILENT","items_purchased":[],"campfire_rested":2,"item_purchase_floors":[],"current_hp_per_floor":[70,68,64,50,37,11,11,32,32,27,5,28,49,42,42,22,70,56,40,26,26,32,0],"gold":349,"neow_bonus":"ONE_RARE_RELIC","is_prod":false,"is_daily":false,"chose_seed":false,"campfire_upgraded":1,"win_rate":0.0,"timestamp":1538581074,"path_taken":["M","M","M","?","M","E","M","R","T","?","E","?","R","M","R","BOSS","M","?","?","M","M","E"],"build_version":"2018-09-27","purchased_purges":0,"victory":false,"max_hp_per_floor":[70,70,70,70,70,70,70,70,70,70,70,70,70,70,70,70,70,70,70,70,70,70,70],"card_choices":[{"not_picked":["Dash","Heel Hook"],"picked":"Infinite Blades","floor":1},{"not_picked":["Footwork","Deflect"],"picked":"Outmaneuver","floor":2},{"not_picked":["Dash","Dagger Throw"],"picked":"Catalyst","floor":3},{"not_picked":["Skewer","Underhanded Strike"],"picked":"Prepared","floor":5},{"not_picked":["Prepared","Acrobatics"],"picked":"Poisoned Stab","floor":6},{"not_picked":["Poisoned Stab","Outmaneuver"],"picked":"Bouncing Flask","floor":7},{"not_picked":["Dodge and Roll","Deflect"],"picked":"Quick Slash","floor":10},{"not_picked":["Endless Agony","Terror"],"picked":"Corpse Explosion","floor":11},{"not_picked":["Underhanded Strike","Quick Slash"],"picked":"Dodge and Roll","floor":14},{"not_picked":["Phantasmal Killer","Wraith Form v2"],"picked":"Die Die Die","floor":16},{"not_picked":["All Out Attack","Acrobatics"],"picked":"Dagger Spray","floor":18},{"not_picked":["Dagger Spray","Outmaneuver+1"],"picked":"Blade Dance+1","floor":20},{"not_picked":["PiercingWail","Backstab"],"picked":"Bouncing Flask","floor":21},{"not_picked":["Prepared+1","Flying Knee"],"picked":"Masterful Stab+1","floor":22}],"player_experience":46994,"relics_obtained":[{"floor":6,"key":"Bottled Tornado"},{"floor":9,"key":"Matryoshka"},{"floor":11,"key":"Letter Opener"},{"floor":19,"key":"Nilry\u0027s Codex"}],"event_choices":[{"event_name":"Shining Light","player_choice":"Entered Light","floor":4,"damage_taken":0},{"event_name":"Big Fish","player_choice":"Banana","floor":12,"damage_taken":0},{"event_name":"Cursed Tome","player_choice":"Obtained Book","floor":19,"damage_taken":0}],"is_beta":false,"boss_relics":[{"not_picked":["HoveringKite","Coffee Dripper"],"picked":"Cursed Key"}],"items_purged_floors":[],"is_endless":false,"potions_floor_spawned":[1,3,6,11,14,16,20,21],"killed_by":"Book of Stabbing","ascension_level":0}