{"gold_per_floor":[119,44,119,132,132,161,161,179,205,205,205,205,219,252,252,252],"floor_reached":16,"playtime":313,"items_purged":[],"score":266,"play_id":"f9d22477-2eb2-49ea-9b3a-ef88ec8cf10e","local_time":"20190111200925","is_ascension_mode":true,"campfire_choices":[{"data":"Zap","floor":7,"key":"SMITH"},{"data":"Sweeping Beam","floor":10,"key":"SMITH"},{"data":"Chaos","floor":15,"key":"SMITH"}],"neow_cost":"NONE","seed_source_timestamp":93165994834937,"circlet_count":0,"master_deck":["AscendersBane","Strike_B","Strike_B+1","Strike_B","Defend_B","Defend_B","Defend_B","Defend_B","Zap+1","Dualcast","Sweeping Beam+1","Genetic Algorithm+1","Chaos+1","Gash"],"relics":["Cracked Core","NeowsBlessing","Lantern","Anchor","Golden Idol","Mercury Hourglass"],"potions_floor_usage":[16,16],"damage_taken":[{"damage":0,"enemies":"Cultist","floor":1,"turns":1},{"damage":0,"enemies":"Small Slimes","floor":4,"turns":1},{"damage":0,"enemies":"Gremlin Nob","floor":6,"turns":1},{"damage":4,"enemies":"2 Louse","floor":8,"turns":3},{"damage":12,"enemies":"Large Slime","floor":13,"turns":4},{"damage":42,"enemies":"Lagavulin","floor":14,"turns":8},{"damage":22,"enemies":"Hexaghost","floor":16,"turns":9}],"seed_played":"-1876503754536147859","potions_obtained":[{"floor":1,"key":"Weak Potion"},{"floor":4,"key":"SpeedPotion"},{"floor":6,"key":"FocusPotion"},{"floor":8,"key":"Block Potion"}],"is_trial":false,"path_per_floor":["M","?","?","M","?","E","R","M","T","R","?","?","M","E","R","B"],"character_chosen":"DEFECT","items_purchased":[],"campfire_rested":0,"item_purchase_floors":[],"current_hp_per_floor":[64,64,53,53,32,32,32,28,28,28,28,74,62,20,20,0],"gold":252,"neow_bonus":"THREE_ENEMY_KILL","is_prod":false,"is_daily":false,"chose_seed":false,"campfire_upgraded":3,"win_rate":0,"timestamp":1547255365,"path_taken":["M","?","?","M","?","E","R","M","T","R","?","?","?","E","R","BOSS"],"build_version":"2019-01-10","purchased_purges":0,"victory":false,"max_hp_per_floor":[71,71,71,71,71,71,71,71,71,71,64,74,74,74,74,74],"card_choices":[{"not_picked":["Recycle","Consume"],"picked":"Sweeping Beam","floor":1},{"not_picked":["Cold Snap","Coolheaded"],"picked":"Genetic Algorithm","floor":4},{"not_picked":["Leap","Fusion"],"picked":"Creative AI","floor":6},{"not_picked":["Hologram","Fusion","Barrage"],"picked":"SKIP","floor":8},{"not_picked":["Beam Cell","Heatsinks"],"picked":"Chaos","floor":13},{"not_picked":["Hologram","Steam"],"picked":"Gash","floor":14}],"player_experience":1612897,"relics_obtained":[{"floor":6,"key":"Lantern"},{"floor":9,"key":"Anchor"},{"floor":14,"key":"Mercury Hourglass"}],"event_choices":[{"cards_removed":["Strike_B"],"damage_healed":0,"gold_gain":0,"player_choice":"Card Removal","damage_taken":0,"max_hp_gain":0,"max_hp_loss":0,"event_name":"The Cleric","floor":2,"gold_loss":75},{"damage_healed":0,"gold_gain":75,"player_choice":"Gather Gold","damage_taken":11,"max_hp_gain":0,"max_hp_loss":0,"event_name":"World of Goop","floor":3,"gold_loss":0},{"damage_healed":0,"gold_gain":0,"player_choice":"Entered Light","damage_taken":21,"max_hp_gain":0,"max_hp_loss":0,"event_name":"Shining Light","floor":5,"gold_loss":0,"cards_upgraded":["Strike_B","Genetic Algorithm"]},{"damage_healed":0,"gold_gain":0,"player_choice":"Lose Max HP","damage_taken":0,"relics_obtained":["Golden Idol"],"max_hp_gain":0,"max_hp_loss":7,"event_name":"Golden Idol","floor":11,"gold_loss":0},{"cards_removed":["Creative AI"],"damage_healed":36,"gold_gain":0,"player_choice":"Offered Rare","damage_taken":0,"max_hp_gain":10,"max_hp_loss":0,"event_name":"Bonfire Elementals","floor":12,"gold_loss":0}],"is_beta":true,"boss_relics":[],"items_purged_floors":[],"is_endless":false,"potions_floor_spawned":[1,4,6,8,14],"killed_by":"Hexaghost","ascension_level":20}