{"gold_per_floor":[114,114,127,152,152,152,192,207,207,207],"floor_reached":10,"playtime":882,"items_purged":[],"score":75,"play_id":"4bd7a2d1-8f16-419d-954a-a747821673cb","local_time":"20181115211330","is_ascension_mode":true,"campfire_choices":[{"data":"Catalyst","floor":6,"key":"SMITH"}],"neow_cost":"NONE","seed_source_timestamp":2795958838970757,"circlet_count":0,"master_deck":["Defend_G","Defend_G","Defend_G","Defend_G","Defend_G","Strike_G","Strike_G","Strike_G","Strike_G","Strike_G","Survivor","Neutralize","Catalyst+1","Deadly Poison","Blur","Escape Plan","Quick Slash"],"relics":["Ring of the Snake","Golden Idol","Smiling Mask","Molten Egg 2"],"potions_floor_usage":[7],"damage_taken":[{"damage":0,"enemies":"2 Louse","floor":1,"turns":3},{"damage":4,"enemies":"Small Slimes","floor":3,"turns":5},{"damage":6,"enemies":"Cultist","floor":4,"turns":5},{"damage":12,"enemies":"Lagavulin","floor":7,"turns":8},{"damage":36,"enemies":"Large Slime","floor":8,"turns":9},{"damage":13,"enemies":"Gremlin Nob","floor":10,"turns":3}],"seed_played":"6127209755470144147","potions_obtained":[{"floor":4,"key":"Weak Potion"}],"is_trial":false,"path_per_floor":["M","?","M","M","?","R","E","M","T","E"],"character_chosen":"THE_SILENT","items_purchased":[],"campfire_rested":0,"item_purchase_floors":[],"current_hp_per_floor":[77,77,73,67,67,67,55,19,19,6],"gold":207,"neow_bonus":"TEN_PERCENT_HP_BONUS","is_prod":false,"is_daily":false,"chose_seed":false,"campfire_upgraded":1,"win_rate":0,"timestamp":1542334410,"path_taken":["M","?","M","M","?","R","E","?","T","E"],"build_version":"2018-11-08","purchased_purges":0,"victory":false,"max_hp_per_floor":[77,77,77,77,77,77,77,77,77,77],"card_choices":[{"not_picked":["Blade Dance","Dagger Throw"],"picked":"Catalyst","floor":1},{"not_picked":["Acrobatics","Deflect"],"picked":"Deadly Poison","floor":3},{"not_picked":["Cloak And Dagger","Dagger Throw"],"picked":"Blur","floor":4},{"not_picked":["Flying Knee","All Out Attack"],"picked":"Escape Plan","floor":7},{"not_picked":["Accuracy","Distraction"],"picked":"Quick Slash","floor":8}],"player_experience":145660,"relics_obtained":[{"floor":7,"key":"Smiling Mask"},{"floor":9,"key":"Molten Egg 2"}],"event_choices":[{"damage_healed":0,"gold_gain":0,"player_choice":"Take Wound","damage_taken":0,"relics_obtained":["Golden Idol"],"max_hp_gain":0,"max_hp_loss":0,"event_name":"Golden Idol","floor":2,"gold_loss":0,"cards_obtained":["Injury"]},{"cards_removed":["Injury"],"damage_healed":0,"gold_gain":0,"player_choice":"Purged","damage_taken":0,"max_hp_gain":0,"max_hp_loss":0,"event_name":"Purifier","floor":5,"gold_loss":0}],"is_beta":false,"boss_relics":[],"items_purged_floors":[],"is_endless":false,"potions_floor_spawned":[4],"killed_by":"Gremlin Nob","ascension_level":2}