{"gold_per_floor":[119,134,150,169,169,200,200,231,279,279,298,61,74,99,99,173,173,188,215,215,228,73,99,99,134,202,214,227,227,261,277,277,350,350,360,371,155,155,174,174],"floor_reached":40,"playtime":1808,"items_purged":["Strike_R","Defend_R"],"score":912,"play_id":"5916f8ec-e734-40ca-98c7-1215a02fede5","local_time":"20190128224135","is_ascension_mode":true,"campfire_choices":[{"data":"Metallicize","floor":7.0,"key":"SMITH"},{"data":"Immolate","floor":10.0,"key":"SMITH"},{"data":"Armaments","floor":15.0,"key":"SMITH"},{"floor":24.0,"key":"REST"},{"floor":29.0,"key":"REST"},{"data":"Fiend Fire","floor":32.0,"key":"SMITH"}],"neow_cost":"NONE","seed_source_timestamp":0,"circlet_count":0,"master_deck":["AscendersBane","Strike_R","Strike_R","Strike_R","Strike_R+1","Defend_R","Defend_R","Defend_R","Bash","Clothesline+1","Twin Strike","Metallicize+1","Pommel Strike","Intimidate","Immolate+1","Armaments+1","Carnage","Fiend Fire+1","Necronomicurse","Warcry+1","Evolve","Shrug It Off","Headbutt","Double Tap","Sever Soul+1","Madness","Madness","Disarm"],"special_seed":0,"relics":["Black Blood","PreservedInsect","Dodecahedron","Strawberry","Potion Belt","Sling","Bottled Tornado","Red Mask","Necronomicon","Bag of Marbles","Anchor","Sundial","Whetstone","Runic Pyramid"],"potions_floor_usage":[33,33,39,39],"damage_taken":[{"damage":20.0,"enemies":"Jaw Worm","floor":1.0,"turns":7.0},{"damage":0.0,"enemies":"Cultist","floor":2.0,"turns":3.0},{"damage":1.0,"enemies":"2 Louse","floor":3.0,"turns":3.0},{"damage":4.0,"enemies":"Exordium Wildlife","floor":4.0,"turns":4.0},{"damage":24.0,"enemies":"Lagavulin","floor":6.0,"turns":7.0},{"damage":24.0,"enemies":"3 Sentries","floor":8.0,"turns":6.0},{"damage":0.0,"enemies":"Large Slime","floor":11.0,"turns":4.0},{"damage":0.0,"enemies":"3 Louse","floor":13.0,"turns":2.0},{"damage":15.0,"enemies":"Lagavulin","floor":14.0,"turns":3.0},{"damage":21.0,"enemies":"Slime Boss","floor":16.0,"turns":10.0},{"damage":40.0,"enemies":"Shell Parasite","floor":18.0,"turns":12.0},{"damage":25.0,"enemies":"Masked Bandits","floor":19.0,"turns":4.0},{"damage":0.0,"enemies":"Chosen","floor":21.0,"turns":2.0},{"damage":9.0,"enemies":"Gremlin Leader","floor":23.0,"turns":4.0},{"damage":15.0,"enemies":"Slavers","floor":25.0,"turns":2.0},{"damage":32.0,"enemies":"Shelled Parasite and Fungi","floor":27.0,"turns":4.0},{"damage":4.0,"enemies":"Snake Plant","floor":28.0,"turns":2.0},{"damage":0.0,"enemies":"Gremlin Leader","floor":30.0,"turns":3.0},{"damage":7.0,"enemies":"3 Cultists","floor":31.0,"turns":4.0},{"damage":64,"enemies":"Champ","floor":33,"turns":11},{"damage":17,"enemies":"3 Shapes","floor":35,"turns":4},{"damage":0,"enemies":"Orb Walker","floor":36,"turns":2},{"damage":39,"enemies":"Maw","floor":39,"turns":7},{"damage":36,"enemies":"Nemesis","floor":40,"turns":2}],"seed_played":"5815873890999024354","potions_obtained":[{"floor":1.0,"key":"Ancient Potion"},{"floor":2.0,"key":"SpeedPotion"},{"floor":8.0,"key":"LiquidBronze"},{"floor":13.0,"key":"SteroidPotion"},{"floor":14.0,"key":"EssenceOfSteel"},{"floor":16.0,"key":"Poison Potion"},{"floor":18.0,"key":"Explosive Potion"},{"floor":23.0,"key":"LiquidBronze"},{"floor":25.0,"key":"Energy Potion"},{"floor":27.0,"key":"SteroidPotion"},{"floor":30.0,"key":"BloodPotion"},{"floor":33,"key":"SkillPotion"},{"floor":35,"key":"Energy Potion"}],"is_trial":false,"path_per_floor":["M","M","M","M","?","E","R","E","T","R","M","$","M","E","R","B",null,"M","?","?","M","$","E","R","E","T","M","M","R","E","M","R","B",null,"M","M","$","?","M","E"],"character_chosen":"IRONCLAD","items_purchased":["Sling","Armaments","BloodPotion","Fruit Juice"],"campfire_rested":2,"item_purchase_floors":[12,12,22,37],"current_hp_per_floor":[61,67,72,74,74,56,56,45,45,45,51,51,57,48,48,33,75,45,30,9,19,19,28,54,49,49,27,33,59,69,80,80,26,73,66,76,76,60,36,0],"gold":174,"neow_bonus":"TEN_PERCENT_HP_BONUS","is_prod":false,"is_daily":false,"chose_seed":false,"campfire_upgraded":4,"win_rate":0,"timestamp":1548711695,"path_taken":["M","M","M","M","?","E","R","E","T","R","M","$","M","E","R","BOSS","M","?","?","M","$","E","R","E","T","M","M","R","E","M","R","BOSS","M","M","$","?","M","E"],"build_version":"2019-01-23","purchased_purges":2,"victory":false,"max_hp_per_floor":[82,82,82,82,82,82,82,89,89,89,89,89,89,89,89,89,89,89,89,89,89,89,89,89,89,89,89,89,89,89,89,89,89,89,89,89,89,89,94,94],"card_choices":[{"not_picked":["Havoc","Burning Pact"],"picked":"Clothesline","floor":1.0},{"not_picked":["Battle Trance","Sword Boomerang"],"picked":"Twin Strike","floor":2.0},{"not_picked":["Flex","Rage"],"picked":"Metallicize","floor":3.0},{"not_picked":["Second Wind","Anger"],"picked":"Pommel Strike","floor":4.0},{"not_picked":["Combust","Burning Pact"],"picked":"Intimidate","floor":6.0},{"not_picked":["Shrug It Off","Evolve"],"picked":"Immolate","floor":8.0},{"not_picked":["Heavy Blade","Rampage","Havoc"],"picked":"SKIP","floor":11.0},{"not_picked":["Rage","Sword Boomerang"],"picked":"Carnage","floor":13.0},{"not_picked":["Armaments","Body Slam","Whirlwind"],"picked":"SKIP","floor":14.0},{"not_picked":["Dark Embrace","Brutality"],"picked":"Fiend Fire","floor":16.0},{"not_picked":["Wild Strike","Rupture","Pommel Strike"],"picked":"SKIP","floor":18.0},{"not_picked":["Sword Boomerang","Reckless Charge"],"picked":"Warcry+1","floor":21.0},{"not_picked":["Bloodletting","Warcry","Rupture"],"picked":"SKIP","floor":23.0},{"not_picked":["Clash","Havoc"],"picked":"Evolve","floor":25.0},{"not_picked":["Armaments","Sever Soul"],"picked":"Shrug It Off","floor":27.0},{"not_picked":["Rage","Evolve","Body Slam"],"picked":"SKIP","floor":28.0},{"not_picked":["Feel No Pain","Flex","Hemokinesis"],"picked":"SKIP","floor":30.0},{"not_picked":["Havoc","Warcry"],"picked":"Headbutt","floor":31.0},{"not_picked":["Offering","Dark Embrace"],"picked":"Double Tap","floor":33},{"not_picked":["Dropkick+1","Intimidate","Hemokinesis"],"picked":"SKIP","floor":35},{"not_picked":["Searing Blow","Headbutt"],"picked":"Sever Soul+1","floor":36},{"not_picked":["Burning Pact","Inflame"],"picked":"Disarm","floor":39}],"player_experience":487596,"relics_obtained":[{"floor":6.0,"key":"Dodecahedron"},{"floor":8.0,"key":"Strawberry"},{"floor":9.0,"key":"Potion Belt"},{"floor":14.0,"key":"Bottled Tornado"},{"floor":19.0,"key":"Red Mask"},{"floor":20.0,"key":"Necronomicon"},{"floor":23.0,"key":"Bag of Marbles"},{"floor":25.0,"key":"Anchor"},{"floor":26.0,"key":"Sundial"},{"floor":30.0,"key":"Whetstone"}],"event_choices":[{"damage_healed":0.0,"max_hp_gain":0.0,"max_hp_loss":0.0,"gold_gain":0.0,"event_name":"WeMeetAgain","player_choice":"Gave Potion","floor":5.0,"gold_loss":0.0,"damage_taken":0.0,"relics_obtained":["PreservedInsect"]},{"damage_healed":0.0,"max_hp_gain":0.0,"max_hp_loss":0.0,"gold_gain":0.0,"event_name":"Masked Bandits","player_choice":"Fought Bandits","floor":19.0,"gold_loss":0.0,"damage_taken":0.0},{"damage_healed":0.0,"max_hp_gain":0.0,"max_hp_loss":0.0,"gold_gain":0.0,"event_name":"Cursed Tome","player_choice":"Obtained Book","floor":20.0,"gold_loss":0.0,"damage_taken":21.0},{"damage_healed":0,"gold_gain":0,"player_choice":"Embrace Madness","damage_taken":16,"max_hp_gain":0,"max_hp_loss":0,"event_name":"Winding Halls","floor":38,"gold_loss":0,"cards_obtained":["Madness","Madness"]}],"is_beta":false,"boss_relics":[{"not_picked":["Tiny House","Pandora\u0027s Box"],"picked":"Black Blood"},{"not_picked":["Astrolabe","Lizard Tail"],"picked":"Runic Pyramid"}],"items_purged_floors":[22,37],"is_endless":false,"potions_floor_spawned":[1,2,8,13,14,16,18,23,25,27,30,33,35],"killed_by":"Nemesis","ascension_level":17}