{"gold_per_floor":[113,130,280,42,42,42,60,77,100,132,32,66,116,146,146,146],"floor_reached":16,"playtime":503,"items_purged":["Doubt","Strike_R"],"score":236,"play_id":"4e3a848a-3374-4971-9b37-e3b650940e9b","local_time":"20181227170156","is_ascension_mode":true,"campfire_choices":[{"data":"Wild Strike","floor":6.0,"key":"SMITH"},{"data":"Pommel Strike","floor":15,"key":"SMITH"}],"neow_cost":"PERCENT_DAMAGE","seed_source_timestamp":0,"circlet_count":0,"master_deck":["AscendersBane","Strike_R","Defend_R","Defend_R","Defend_R","Defend_R","Bash","Wild Strike+1","Pommel Strike+1","Ghostly Armor","Dual Wield"],"special_seed":0,"relics":["Burning Blood","Lantern","Oddly Smooth Stone","Anchor","Ornamental Fan","Gremlin Horn"],"potions_floor_usage":[16],"damage_taken":[{"damage":0.0,"enemies":"2 Louse","floor":1.0,"turns":2.0},{"damage":6.0,"enemies":"Cultist","floor":2.0,"turns":3.0},{"damage":0.0,"enemies":"Small Slimes","floor":7.0,"turns":3.0},{"damage":2.0,"enemies":"3 Louse","floor":8.0,"turns":4.0},{"damage":20.0,"enemies":"3 Sentries","floor":10.0,"turns":7.0},{"damage":8.0,"enemies":"Gremlin Nob","floor":12.0,"turns":3.0},{"damage":28,"enemies":"Lagavulin","floor":14,"turns":6},{"damage":24,"enemies":"Hexaghost","floor":16,"turns":9}],"seed_played":"-8014855979872107444","potions_obtained":[{"floor":2.0,"key":"EntropicBrew"},{"floor":7.0,"key":"LiquidBronze"}],"is_trial":false,"path_per_floor":["M","M","?","$","?","R","M","T","E","$","E","R","B"],"character_chosen":"IRONCLAD","items_purchased":["Lantern"],"campfire_rested":0,"item_purchase_floors":[4],"current_hp_per_floor":[56,56,56,56,56,56,62,66,66,52,52,50,43,21,21,0],"gold":146,"neow_bonus":"REMOVE_TWO","is_prod":false,"is_daily":false,"chose_seed":false,"campfire_upgraded":2,"win_rate":0,"timestamp":1545901316,"path_taken":["M","M","?","$","?","R","?","?","T","E","?","E","?","E","R","BOSS"],"build_version":"2018-12-25","purchased_purges":2,"victory":false,"max_hp_per_floor":[75,75,75,75,75,75,75,75,75,75,75,75,75,75,75,75],"card_choices":[{"not_picked":["Iron Wave","Clash"],"picked":"Wild Strike","floor":1.0},{"not_picked":["Searing Blow","Cleave"],"picked":"Pommel Strike","floor":2.0},{"not_picked":["Infernal Blade","Blood for Blood","Clothesline"],"picked":"SKIP","floor":7.0},{"not_picked":["Intimidate","True Grit"],"picked":"Ghostly Armor","floor":8.0},{"not_picked":["Reckless Charge","Warcry","Pummel"],"picked":"SKIP","floor":10.0},{"not_picked":["Wild Strike","Brutality","Carnage"],"picked":"SKIP","floor":12.0},{"not_picked":["Bloodletting","Hemokinesis"],"picked":"Dual Wield","floor":14}],"player_experience":1189865,"relics_obtained":[{"floor":9.0,"key":"Oddly Smooth Stone"},{"floor":10.0,"key":"Anchor"},{"floor":12.0,"key":"Ornamental Fan"},{"floor":14,"key":"Gremlin Horn"}],"event_choices":[{"damage_healed":0.0,"max_hp_gain":0.0,"max_hp_loss":0.0,"gold_gain":150.0,"event_name":"Liars Game","player_choice":"AGREE","floor":3.0,"gold_loss":0.0,"damage_taken":0.0,"cards_obtained":["Doubt"]},{"cards_removed":["Strike_R"],"damage_healed":0.0,"max_hp_gain":0.0,"max_hp_loss":0.0,"gold_gain":0.0,"event_name":"Bonfire Elementals","player_choice":"Offered Basic","floor":5.0,"gold_loss":0.0,"damage_taken":0.0},{"damage_healed":0.0,"max_hp_gain":0.0,"max_hp_loss":0.0,"gold_gain":50.0,"event_name":"FaceTrader","player_choice":"Touch","floor":13.0,"gold_loss":0.0,"damage_taken":7.0}],"is_beta":true,"boss_relics":[],"items_purged_floors":[4,11],"is_endless":false,"potions_floor_spawned":[2,7],"killed_by":"Hexaghost","ascension_level":20}