{"gold_per_floor":[113,32,43,118,21,47,47,81,104,6,6,25,50,65,65,139,139,158,83,100,119,7,7,7],"floor_reached":24,"playtime":851,"items_purged":["Strike_R"],"score":478,"play_id":"155112e2-3cde-4f33-82fc-ea1968cece27","local_time":"20190115112021","is_ascension_mode":true,"campfire_choices":[{"data":"Uppercut","floor":7.0,"key":"SMITH"},{"data":"Metallicize","floor":11.0,"key":"SMITH"},{"data":"True Grit","floor":15.0,"key":"SMITH"},{"floor":23.0,"key":"REST"}],"neow_cost":"NONE","seed_source_timestamp":3719111511555,"circlet_count":0,"master_deck":["AscendersBane","Strike_R","Strike_R","Strike_R","Defend_R","Defend_R","Defend_R","Defend_R","Bash","Uppercut+1","Metallicize+1","Flash of Steel","Flash of Steel","True Grit+1","Second Wind","Offering","Evolve","Rage+1"],"special_seed":0,"relics":["Burning Blood","NeowsBlessing","Boot","Dream Catcher","Pen Nib","Champion Belt","Sozu"],"potions_floor_usage":[24],"damage_taken":[{"damage":0.0,"enemies":"Cultist","floor":1.0,"turns":1.0},{"damage":0.0,"enemies":"Jaw Worm","floor":3.0,"turns":1.0},{"damage":0.0,"enemies":"Gremlin Nob","floor":6.0,"turns":1.0},{"damage":30.0,"enemies":"Lagavulin","floor":8.0,"turns":9.0},{"damage":5.0,"enemies":"2 Louse","floor":12.0,"turns":3.0},{"damage":21.0,"enemies":"Gremlin Nob","floor":13.0,"turns":4.0},{"damage":15.0,"enemies":"Lots of Slimes","floor":14.0,"turns":5.0},{"damage":14.0,"enemies":"The Guardian","floor":16.0,"turns":14.0},{"damage":6.0,"enemies":"Chosen","floor":18.0,"turns":5.0},{"damage":17.0,"enemies":"2 Thieves","floor":20.0,"turns":4.0},{"damage":34.0,"enemies":"Snake Plant","floor":21.0,"turns":5.0},{"damage":48,"enemies":"Slavers","floor":24,"turns":4}],"seed_played":"-60637824868410495","potions_obtained":[{"floor":3.0,"key":"SpeedPotion"},{"floor":8.0,"key":"SteroidPotion"},{"floor":13.0,"key":"Strength Potion"}],"is_trial":false,"path_per_floor":["M","$","M","?","$","E","R","E","T","$","R","M","E","M","R","B",null,"M","?","M","M","$","R","E"],"character_chosen":"IRONCLAD","items_purchased":["Uppercut","Flash of Steel","Flash of Steel","Evolve"],"campfire_rested":1,"item_purchase_floors":[2,5,10,22],"current_hp_per_floor":[74,74,75,64,64,70,70,46,46,46,46,47,32,23,23,15,60,60,60,49,21,21,43,0],"gold":7,"neow_bonus":"THREE_ENEMY_KILL","is_prod":false,"is_daily":false,"chose_seed":false,"campfire_upgraded":3,"win_rate":0,"timestamp":1547522421,"path_taken":["M","$","?","?","$","E","R","E","T","?","R","?","E","M","R","BOSS","M","?","?","?","$","R","E"],"build_version":"2019-01-10","purchased_purges":1,"victory":false,"max_hp_per_floor":[75,75,75,75,75,75,75,75,75,75,75,75,75,75,75,75,75,75,75,75,75,75,75,75],"card_choices":[{"not_picked":["Clash","Iron Wave","Hemokinesis"],"picked":"SKIP","floor":1.0},{"not_picked":["Warcry","True Grit"],"picked":"Metallicize","floor":3.0},{"not_picked":["Thunderclap","Armaments","Pommel Strike"],"picked":"SKIP","floor":6.0},{"not_picked":["Wild Strike","Intimidate","Iron Wave"],"picked":"SKIP","floor":8.0},{"not_picked":["Wild Strike","Clash"],"picked":"True Grit","floor":12.0},{"not_picked":["Infernal Blade","Fire Breathing"],"picked":"Second Wind","floor":13.0},{"not_picked":["Twin Strike","Rampage","Thunderclap"],"picked":"SKIP","floor":14.0},{"not_picked":["Twin Strike","Rampage","Thunderclap"],"picked":"SKIP","floor":14.0},{"not_picked":["Double Tap","Limit Break"],"picked":"Offering","floor":16.0},{"not_picked":["Perfected Strike","Anger","True Grit"],"picked":"SKIP","floor":18.0},{"not_picked":["Clothesline","Spot Weakness","Pommel Strike"],"picked":"SKIP","floor":20.0},{"not_picked":["Armaments","Warcry","Entrench"],"picked":"SKIP","floor":21.0},{"not_picked":["Whirlwind","Bloodletting"],"picked":"Rage+1","floor":23.0}],"player_experience":2534728,"relics_obtained":[{"floor":6.0,"key":"Boot"},{"floor":8.0,"key":"Dream Catcher"},{"floor":9.0,"key":"Pen Nib"},{"floor":13.0,"key":"Champion Belt"}],"event_choices":[{"damage_healed":0.0,"max_hp_gain":0.0,"max_hp_loss":0.0,"gold_gain":75.0,"event_name":"World of Goop","player_choice":"Gather Gold","floor":4.0,"gold_loss":0.0,"damage_taken":11.0},{"cards_removed":["Strike_R"],"damage_healed":0.0,"max_hp_gain":0.0,"max_hp_loss":0.0,"gold_gain":0.0,"event_name":"Designer","player_choice":"Single Remove","floor":19.0,"gold_loss":75.0,"damage_taken":0.0}],"is_beta":false,"boss_relics":[{"not_picked":["Pandora\u0027s Box","Cursed Key"],"picked":"Sozu"}],"items_purged_floors":[22],"is_endless":false,"potions_floor_spawned":[3,8,13,14,21],"killed_by":"Slavers","ascension_level":20}