{"gold_per_floor":[115,115,115,140,163,175,39,57,57,57,73,73],"floor_reached":12,"playtime":335,"items_purged":[],"score":123,"play_id":"75025f00-ac0d-47a4-bd37-dc87e111308c","local_time":"20180927011252","is_ascension_mode":true,"campfire_choices":[{"data":"Berserk","floor":6,"key":"SMITH"},{"data":"Metallicize","floor":10,"key":"SMITH"}],"neow_cost":"NONE","seed_source_timestamp":13341229851278,"circlet_count":0,"master_deck":["Strike_R","Strike_R","Strike_R","Strike_R","Defend_R","Defend_R","Defend_R","Defend_R","Bash","AscendersBane","Berserk+1","Flex","Metallicize+1","Cleave","Power Through","Clothesline"],"relics":["Burning Blood","MawBank","Bronze Scales","The Courier"],"potions_floor_usage":[12],"damage_taken":[{"damage":5,"enemies":"2 Louse","floor":1,"turns":4},{"damage":9,"enemies":"Jaw Worm","floor":4,"turns":4},{"damage":13,"enemies":"Cultist","floor":5,"turns":4},{"damage":16,"enemies":"Blue Slaver","floor":8,"turns":5},{"damage":9,"enemies":"Red Slaver","floor":11,"turns":5},{"damage":20,"enemies":"Exordium Wildlife","floor":12,"turns":5}],"seed_played":"-3351990887830301154","potions_obtained":[{"floor":1,"key":"SpeedPotion"},{"floor":8,"key":"Weak Potion"}],"is_trial":false,"path_per_floor":["M","?","?","M","M","R","$","M","T","R","M"],"character_chosen":"IRONCLAD","items_purchased":["Bronze Scales"],"campfire_rested":0,"item_purchase_floors":[7],"current_hp_per_floor":[69,62,36,33,26,26,26,16,16,16,13,0],"gold":73,"neow_bonus":"ONE_RANDOM_RARE_CARD","is_prod":false,"is_daily":false,"chose_seed":false,"campfire_upgraded":2,"win_rate":0,"timestamp":1538003572,"path_taken":["M","?","?","M","M","R","?","M","T","R","?","M"],"build_version":"2018-09-20","purchased_purges":0,"victory":false,"max_hp_per_floor":[75,75,75,75,75,75,75,75,75,75,75,75],"card_choices":[{"not_picked":["Sever Soul","Headbutt"],"picked":"Flex","floor":1},{"not_picked":["Whirlwind","Headbutt"],"picked":"Metallicize","floor":4},{"not_picked":["Sword Boomerang","Second Wind"],"picked":"Cleave","floor":5},{"not_picked":["Anger","Shrug It Off"],"picked":"Power Through","floor":8},{"not_picked":["True Grit","Uppercut"],"picked":"Clothesline","floor":11}],"player_experience":270764,"relics_obtained":[{"floor":9,"key":"The Courier"}],"event_choices":[{"event_name":"Golden Wing","player_choice":"Card Removal","floor":2,"damage_taken":0},{"event_name":"Scrap Ooze","player_choice":"success","floor":3,"damage_taken":26}],"is_beta":false,"boss_relics":[],"items_purged_floors":[],"is_endless":false,"potions_floor_spawned":[1,8],"killed_by":"Exordium Wildlife","ascension_level":15}