{"gold_per_floor":[11,86,86,9,9,9,32,32,32,68,92,17,37,51,51,146,146,171,86,100,114,127,127,402,24,76,114,137,137,137,155,155,155],"floor_reached":33,"playtime":1266,"items_purged":["Regret"],"score":467,"play_id":"27c09b57-7426-4c09-addb-999cb0700238","local_time":"25611123192628","is_ascension_mode":true,"campfire_choices":[{"data":"Armaments","floor":6.0,"key":"SMITH"},{"data":"Hemokinesis","floor":8.0,"key":"SMITH"},{"floor":15.0,"key":"REST"},{"data":"Corruption","floor":23,"key":"SMITH"},{"floor":32,"key":"REST"}],"neow_cost":"NO_GOLD","seed_source_timestamp":13357054837328,"circlet_count":0,"master_deck":["AscendersBane","Strike_R","Strike_R","Strike_R","Strike_R","Strike_R","Defend_R","Defend_R","Defend_R","Hemokinesis+1","Armaments+1","Whirlwind","Clothesline","Corruption+1","True Grit","Flame Barrier","Second Wind","Immolate","Shrug It Off+1","Double Tap","Feel No Pain","Power Through","Sentinel","Shrug It Off+1","Armaments+1","Master of Strategy","Body Slam","Madness","Infernal Blade","Sentinel","Warcry","Writhe"],"special_seed":0,"relics":["Burning Blood","Prayer Wheel","Golden Idol","Orichalcum","Thread and Needle","Sozu","Happy Flower","Membership Card","Potion Belt","Bird Faced Urn","Darkstone Periapt","Singing Bowl"],"potions_floor_usage":[20,22],"damage_taken":[{"damage":8.0,"enemies":"Small Slimes","floor":1.0,"turns":4.0},{"damage":0.0,"enemies":"2 Louse","floor":7.0,"turns":3.0},{"damage":29.0,"enemies":"Lagavulin","floor":10.0,"turns":8.0},{"damage":3.0,"enemies":"Jaw Worm","floor":11.0,"turns":4.0},{"damage":9.0,"enemies":"Large Slime","floor":13.0,"turns":6.0},{"damage":5.0,"enemies":"Red Slaver","floor":14.0,"turns":4.0},{"damage":60.0,"enemies":"Slime Boss","floor":16.0,"turns":11.0},{"damage":2.0,"enemies":"Shell Parasite","floor":18.0,"turns":5.0},{"damage":10,"enemies":"Spheric Guardian","floor":20,"turns":4},{"damage":12,"enemies":"3 Cultists","floor":21,"turns":5},{"damage":0,"enemies":"Snake Plant","floor":22,"turns":6},{"damage":39,"enemies":"Book of Stabbing","floor":27,"turns":7},{"damage":2,"enemies":"Centurion and Healer","floor":28,"turns":4},{"damage":15,"enemies":"Cultist and Chosen","floor":31,"turns":9},{"damage":92,"enemies":"Collector","floor":33,"turns":10}],"seed_played":"8707963934646090222","potions_obtained":[{"floor":7.0,"key":"Regen Potion"},{"floor":11.0,"key":"Ancient Potion"},{"floor":14.0,"key":"Ancient Potion"}],"is_trial":false,"path_per_floor":["M","?","?","$","?","R","M","R","T","E","M","?","M","M","R","B",null,"M","?","M","M","M","R","?","$","T","E","M","?","T","M","R","B"],"character_chosen":"IRONCLAD","items_purchased":["Armaments","PowerPotion","Membership Card","Master of Strategy","Body Slam","Madness"],"campfire_rested":2,"item_purchase_floors":[4,4,25,25,25,25],"current_hp_per_floor":[66,55,50,50,50,50,56,56,56,48,51,51,48,49,71,17,61,65,65,61,55,61,61,61,61,61,28,36,42,42,41,66,0],"gold":155,"neow_bonus":"REMOVE_TWO","is_prod":false,"is_daily":false,"chose_seed":false,"campfire_upgraded":3,"win_rate":0,"timestamp":1542975988,"path_taken":["M","?","?","$","?","R","M","R","T","E","M","?","M","?","R","BOSS","M","?","M","M","M","R","?","$","T","E","?","?","?","M","R","BOSS"],"build_version":"2018-11-15","purchased_purges":1,"victory":false,"max_hp_per_floor":[75,75,75,75,75,75,75,75,75,75,75,75,75,75,75,75,75,75,75,75,75,75,75,75,75,75,75,75,81,81,85,85,85],"card_choices":[{"not_picked":["Warcry","Ghostly Armor"],"picked":"Hemokinesis","floor":1.0},{"not_picked":["Flex","Cleave"],"picked":"Whirlwind","floor":7.0},{"not_picked":["Combust","Heavy Blade","Sword Boomerang"],"picked":"SKIP","floor":7.0},{"not_picked":["Dual Wield","Perfected Strike","Flex"],"picked":"SKIP","floor":10.0},{"not_picked":["Berserk","Rampage"],"picked":"Clothesline","floor":11.0},{"not_picked":["Havoc","Thunderclap","Disarm"],"picked":"SKIP","floor":11.0},{"not_picked":["Sword Boomerang","Battle Trance"],"picked":"Corruption","floor":13.0},{"not_picked":["Heavy Blade","Havoc"],"picked":"True Grit","floor":13.0},{"not_picked":["Flex","Clash"],"picked":"Flame Barrier","floor":14.0},{"not_picked":["Perfected Strike","Combust"],"picked":"Second Wind","floor":14.0},{"not_picked":["Fiend Fire","Juggernaut"],"picked":"Immolate","floor":16.0},{"not_picked":["Heavy Blade","Thunderclap"],"picked":"Shrug It Off+1","floor":18.0},{"not_picked":["Twin Strike","Heavy Blade"],"picked":"Double Tap","floor":18.0},{"not_picked":["Metallicize","Warcry"],"picked":"Feel No Pain","floor":20},{"not_picked":["Whirlwind","Disarm"],"picked":"Power Through","floor":20},{"not_picked":["Armaments","Headbutt"],"picked":"Sentinel","floor":21},{"not_picked":["Flame Barrier+1","Warcry"],"picked":"Shrug It Off+1","floor":21},{"not_picked":["Combust","Reckless Charge"],"picked":"Armaments+1","floor":22},{"not_picked":["Iron Wave","Sword Boomerang","Armaments"],"picked":"SKIP","floor":22},{"not_picked":["Headbutt","Anger"],"picked":"Infernal Blade","floor":27},{"not_picked":["Sever Soul","Seeing Red"],"picked":"Sentinel","floor":28},{"not_picked":["Thunderclap","True Grit"],"picked":"Warcry","floor":28},{"not_picked":["Body Slam","Brutality","Flex"],"picked":"Singing Bowl","floor":31},{"not_picked":["Disarm","Blood for Blood","Pommel Strike"],"picked":"Singing Bowl","floor":31}],"player_experience":170897,"relics_obtained":[{"floor":9.0,"key":"Orichalcum"},{"floor":10.0,"key":"Thread and Needle"},{"floor":26,"key":"Potion Belt"},{"floor":27,"key":"Bird Faced Urn"},{"floor":30,"key":"Singing Bowl"}],"event_choices":[{"damage_healed":0.0,"max_hp_gain":0.0,"max_hp_loss":0.0,"gold_gain":75.0,"event_name":"World of Goop","player_choice":"Gather Gold","floor":2.0,"gold_loss":0.0,"damage_taken":11.0},{"damage_healed":0.0,"max_hp_gain":0.0,"max_hp_loss":0.0,"gold_gain":0.0,"event_name":"Scrap Ooze","player_choice":"Success","floor":3.0,"gold_loss":0.0,"damage_taken":5.0,"relics_obtained":["Prayer Wheel"]},{"damage_healed":0.0,"max_hp_gain":0.0,"max_hp_loss":0.0,"gold_gain":0.0,"event_name":"Golden Idol","player_choice":"Take Wound","floor":5.0,"gold_loss":0.0,"damage_taken":0.0,"relics_obtained":["Golden Idol"],"cards_obtained":["Injury"]},{"cards_removed":["Injury"],"damage_healed":0.0,"max_hp_gain":0.0,"max_hp_loss":0.0,"gold_gain":0.0,"event_name":"The Cleric","player_choice":"Card Removal","floor":12.0,"gold_loss":75.0,"damage_taken":0.0},{"damage_healed":0.0,"max_hp_gain":0.0,"max_hp_loss":0.0,"gold_gain":0.0,"event_name":"Addict","player_choice":"Obtained Relic","floor":19.0,"gold_loss":85.0,"damage_taken":0.0,"relics_obtained":["Happy Flower"]},{"damage_healed":0,"gold_gain":275,"player_choice":"Desecrate","damage_taken":0,"max_hp_gain":0,"max_hp_loss":0,"event_name":"Golden Shrine","floor":24,"gold_loss":0,"cards_obtained":["Regret"]},{"damage_healed":0,"gold_gain":0,"player_choice":"Opened","damage_taken":0,"relics_obtained":["Darkstone Periapt"],"max_hp_gain":0,"max_hp_loss":0,"event_name":"The Mausoleum","floor":29,"gold_loss":0,"cards_obtained":["Writhe"]}],"is_beta":false,"boss_relics":[{"not_picked":["Lizard Tail","Cursed Key"],"picked":"Sozu"}],"items_purged_floors":[25],"is_endless":false,"potions_floor_spawned":[7,11,14,18,22,27],"killed_by":"Collector","ascension_level":15}