{"gold_per_floor":[109,109,133,133,35,35,53,53,53,66,80,94,94],"floor_reached":13,"playtime":326,"items_purged":[],"score":154,"play_id":"4a6fc11a-d058-41df-adff-5e7588f2fde3","local_time":"20181209200725","is_ascension_mode":true,"campfire_choices":[{"data":"Zap","floor":6,"key":"SMITH"},{"data":"Genetic Algorithm","floor":8,"key":"SMITH"}],"neow_cost":"NONE","seed_source_timestamp":2225987448000,"circlet_count":0,"master_deck":["AscendersBane","Strike_B","Strike_B","Strike_B","Strike_B","Defend_B","Defend_B","Defend_B","Defend_B","Zap+1","Dualcast","Barrage","Auto Shields","Panacea","Genetic Algorithm+1","Rip and Tear","Reinforced Body"],"relics":["Busted Crown","Golden Idol","Sundial"],"potions_floor_usage":[11,13],"damage_taken":[{"damage":7,"enemies":"Small Slimes","floor":1,"turns":3},{"damage":6,"enemies":"Jaw Worm","floor":3,"turns":5},{"damage":4,"enemies":"2 Louse","floor":7,"turns":3},{"damage":6,"enemies":"Blue Slaver","floor":10,"turns":5},{"damage":16,"enemies":"Lots of Slimes","floor":11,"turns":4},{"damage":0,"enemies":"Exordium Wildlife","floor":12,"turns":4},{"damage":43,"enemies":"Gremlin Nob","floor":13,"turns":4}],"seed_played":"-1824021284455961517","potions_obtained":[{"floor":7,"key":"PowerPotion"},{"floor":11,"key":"FocusPotion"},{"floor":12,"key":"Dexterity Potion"}],"is_trial":false,"path_per_floor":["M","?","M","?","$","R","M","R","T","M","M","M","E"],"character_chosen":"DEFECT","items_purchased":["Panacea"],"campfire_rested":0,"item_purchase_floors":[5],"current_hp_per_floor":[57,57,51,56,56,56,52,52,52,46,30,30,0],"gold":94,"neow_bonus":"BOSS_RELIC","is_prod":false,"is_daily":false,"chose_seed":false,"campfire_upgraded":2,"win_rate":0,"timestamp":1544357245,"path_taken":["M","?","M","?","$","R","M","R","T","M","M","M","E"],"build_version":"2018-12-06","purchased_purges":0,"victory":false,"max_hp_per_floor":[71,64,64,69,69,69,69,69,69,69,69,69,69],"card_choices":[{"not_picked":[],"picked":"Barrage","floor":1},{"not_picked":[],"picked":"Auto Shields","floor":3},{"not_picked":[],"picked":"Genetic Algorithm","floor":7},{"not_picked":["Recycle"],"picked":"SKIP","floor":10},{"not_picked":[],"picked":"Rip and Tear","floor":11},{"not_picked":[],"picked":"Reinforced Body","floor":12}],"player_experience":2336493,"relics_obtained":[{"floor":9,"key":"Sundial"}],"event_choices":[{"damage_healed":0,"gold_gain":0,"player_choice":"Lose Max HP","damage_taken":0,"relics_obtained":["Golden Idol"],"max_hp_gain":0,"max_hp_loss":7,"event_name":"Golden Idol","floor":2,"gold_loss":0},{"damage_healed":0,"gold_gain":0,"player_choice":"Donut","damage_taken":0,"max_hp_gain":5,"max_hp_loss":0,"event_name":"Big Fish","floor":4,"gold_loss":0}],"is_beta":false,"boss_relics":[],"items_purged_floors":[],"is_endless":false,"potions_floor_spawned":[7,11,12],"killed_by":"Gremlin Nob","ascension_level":20}