{"gold_per_floor":[114,114,33,44,94,94,127,127,151,182,194,222,194],"floor_reached":13,"playtime":466,"items_purged":[],"score":158,"play_id":"a9173ad3-1886-470a-8ac2-33514d9ea40b","local_time":"20190428183837","is_ascension_mode":true,"campfire_choices":[{"data":"Whirlwind","floor":6,"key":"SMITH"},{"data":"Body Slam","floor":8,"key":"SMITH"}],"neow_cost":"NONE","seed_source_timestamp":188358222760200,"circlet_count":0,"master_deck":["AscendersBane","Strike_R","Strike_R","Strike_R","Strike_R","Defend_R","Defend_R","Defend_R","Defend_R","Bash","Flame Barrier","Whirlwind+1","Body Slam+1","Pommel Strike","Fiend Fire"],"relics":["Burning Blood","Regal Pillow","Pocketwatch","MawBank"],"potions_floor_usage":[7,12],"damage_taken":[{"damage":16,"enemies":"Jaw Worm","floor":1,"turns":6},{"damage":1,"enemies":"Cultist","floor":4,"turns":4},{"damage":41,"enemies":"Lagavulin","floor":7,"turns":10},{"damage":12,"enemies":"Small Slimes","floor":10,"turns":2},{"damage":9,"enemies":"2 Fungi Beasts","floor":12,"turns":3},{"damage":18,"enemies":"Exordium Thugs","floor":13,"turns":2}],"seed_played":"7626675123783188374","potions_obtained":[{"floor":4,"key":"Block Potion"},{"floor":10,"key":"Dexterity Potion"}],"is_trial":false,"path_per_floor":["M","?","$","M","?","R","E","R","T","M","?","M","M"],"character_chosen":"IRONCLAD","items_purchased":["Whirlwind"],"campfire_rested":0,"item_purchase_floors":[3],"current_hp_per_floor":[58,51,51,56,56,56,21,21,21,15,15,12,0],"gold":194,"neow_bonus":"RANDOM_COMMON_RELIC","is_prod":false,"is_daily":false,"chose_seed":false,"campfire_upgraded":2,"win_rate":0,"timestamp":1556465917,"path_taken":["M","?","$","M","?","R","E","R","T","?","?","M","M"],"build_version":"2019-01-23","purchased_purges":0,"victory":false,"max_hp_per_floor":[75,75,75,75,75,75,75,75,75,75,75,75,75],"card_choices":[{"not_picked":["Twin Strike","Warcry"],"picked":"Flame Barrier","floor":1},{"not_picked":["Cleave","Warcry"],"picked":"Body Slam","floor":4},{"not_picked":["Rampage","Clothesline"],"picked":"Pommel Strike","floor":7},{"not_picked":["Hemokinesis","Corruption"],"picked":"Fiend Fire","floor":10},{"not_picked":["Thunderclap","Blood for Blood","Twin Strike"],"picked":"SKIP","floor":12}],"player_experience":347096,"relics_obtained":[{"floor":7,"key":"Pocketwatch"},{"floor":9,"key":"MawBank"}],"event_choices":[{"cards_removed":["Strike_R"],"damage_healed":0,"gold_gain":0,"player_choice":"Card Removal","damage_taken":7,"max_hp_gain":0,"max_hp_loss":0,"event_name":"Golden Wing","floor":2,"gold_loss":0},{"damage_healed":0,"gold_gain":50,"player_choice":"Pray","damage_taken":0,"max_hp_gain":0,"max_hp_loss":0,"event_name":"Golden Shrine","floor":5,"gold_loss":0},{"damage_healed":0,"gold_gain":0,"player_choice":"Ignored","damage_taken":0,"max_hp_gain":0,"max_hp_loss":0,"event_name":"Golden Idol","floor":11,"gold_loss":0}],"is_beta":false,"boss_relics":[],"items_purged_floors":[],"is_endless":false,"potions_floor_spawned":[4,10],"killed_by":"Exordium Thugs","ascension_level":18}