{"gold_per_floor":[119,139,158,177,193,222,222,222,222,322,322,322,6,30,30,30],"floor_reached":16,"playtime":601,"items_purged":["Defend_R"],"score":102,"play_id":"5aee1e79-c76f-4726-a5a5-b9f435c3dee9","local_time":"20190506195445","is_ascension_mode":false,"campfire_choices":[{"floor":7,"key":"RECALL"},{"data":"Pommel Strike","floor":12,"key":"SMITH"},{"floor":15,"key":"REST"}],"neow_cost":"NONE","seed_source_timestamp":1473193131652617,"circlet_count":0,"master_deck":["Strike_R","Strike_R","Strike_R","Strike_R","Strike_R","Defend_R","Defend_R","Defend_R","Bash","Wild Strike","Bloodletting","Pommel Strike+1","Dropkick","Flex","Havoc","Perfected Strike","Clash","Havoc","Wild Strike"],"relics":["Burning Blood","Ancient Tea Set","Juzu Bracelet","Golden Idol","Tiny Chest"],"potions_floor_usage":[16],"damage_taken":[{"damage":10,"enemies":"2 Louse","floor":1,"turns":3},{"damage":0,"enemies":"Small Slimes","floor":2,"turns":2},{"damage":3,"enemies":"Cultist","floor":3,"turns":2},{"damage":5,"enemies":"Large Slime","floor":4,"turns":4},{"damage":9,"enemies":"Exordium Wildlife","floor":5,"turns":5},{"damage":28,"enemies":"Gremlin Nob","floor":6,"turns":4},{"damage":5,"enemies":"Lots of Slimes","floor":14,"turns":3},{"damage":56,"enemies":"The Guardian","floor":16,"turns":6}],"seed_played":"-8960088822428520899","potions_obtained":[{"floor":4,"key":"SpeedPotion"},{"floor":14,"key":"Energy Potion"}],"is_trial":false,"path_per_floor":["M","M","M","M","M","E","R","?","T","?","?","R","$","M","R","B"],"character_chosen":"IRONCLAD","items_purchased":["Perfected Strike","Tiny Chest","Clash","Havoc"],"campfire_rested":1,"item_purchase_floors":[13,13,13,13],"current_hp_per_floor":[84,88,88,88,85,63,63,51,51,51,29,29,29,30,56,0],"gold":30,"neow_bonus":"TEN_PERCENT_HP_BONUS","is_prod":false,"is_daily":false,"chose_seed":false,"campfire_upgraded":1,"win_rate":0,"timestamp":1557165285,"path_taken":["M","M","M","M","M","E","R","?","T","?","?","R","$","M","R","BOSS"],"build_version":"2019-01-23","purchased_purges":1,"victory":false,"max_hp_per_floor":[88,88,88,88,88,88,88,88,88,88,88,88,88,88,88,88],"card_choices":[{"not_picked":["Clothesline","Anger"],"picked":"Wild Strike","floor":1},{"not_picked":["Warcry","Headbutt"],"picked":"Bloodletting","floor":2},{"not_picked":["Thunderclap","Wild Strike"],"picked":"Pommel Strike","floor":3},{"not_picked":["Dual Wield","Warcry"],"picked":"Dropkick","floor":4},{"not_picked":["Sword Boomerang","Burning Pact"],"picked":"Flex","floor":5},{"not_picked":["Thunderclap","Intimidate"],"picked":"Havoc","floor":6},{"not_picked":["Pummel","Headbutt"],"picked":"Wild Strike","floor":14}],"player_experience":68325,"relics_obtained":[{"floor":6,"key":"Ancient Tea Set"}],"event_choices":[{"damage_healed":0,"gold_gain":0,"player_choice":"Success","damage_taken":12,"relics_obtained":["Juzu Bracelet"],"max_hp_gain":0,"max_hp_loss":0,"event_name":"Scrap Ooze","floor":8,"gold_loss":0},{"damage_healed":0,"gold_gain":100,"player_choice":"Pray","damage_taken":0,"max_hp_gain":0,"max_hp_loss":0,"event_name":"Golden Shrine","floor":10,"gold_loss":0},{"damage_healed":0,"gold_gain":0,"player_choice":"Take Damage","damage_taken":22,"relics_obtained":["Golden Idol"],"max_hp_gain":0,"max_hp_loss":0,"event_name":"Golden Idol","floor":11,"gold_loss":0}],"is_beta":false,"boss_relics":[],"items_purged_floors":[13],"is_endless":false,"potions_floor_spawned":[4,14],"killed_by":"The Guardian","ascension_level":0}