{"gold_per_floor":[112,124,124,49,63,63,63,73,96,122,122,154,172,201,201,275,275,285,300,334,334,349,378,167,167,194,224,8,34,34,84,84,158,158,177,177,177,177,177,177,208,222,249,249,471,500,500,514,514,514,514,514,514,19,52,52],"floor_reached":57,"playtime":3295,"items_purged":["Strike_R","Defend_R","Strike_R+1"],"score":2889,"play_id":"5fd52778-2131-43bc-8cb8-e245bddc4130","local_time":"20190320194448","is_ascension_mode":true,"campfire_choices":[{"data":"Twin Strike","floor":6.0,"key":"SMITH"},{"data":"True Grit","floor":11.0,"key":"SMITH"},{"data":"Demon Form","floor":15.0,"key":"SMITH"},{"data":"Whirlwind","floor":25.0,"key":"SMITH"},{"data":"Exhume","floor":30.0,"key":"SMITH"},{"data":"Power Through","floor":32.0,"key":"SMITH"},{"data":"Heavy Blade","floor":40.0,"key":"SMITH"},{"data":"Disarm","floor":44.0,"key":"SMITH"},{"data":"Battle Trance","floor":47.0,"key":"SMITH"},{"floor":49.0,"key":"RECALL"},{"data":"Limit Break","floor":53.0,"key":"SMITH"}],"neow_cost":"TEN_PERCENT_HP_LOSS","seed_source_timestamp":429036606600,"circlet_count":0,"master_deck":["AscendersBane","Defend_R","Defend_R","Bash+1","Reaper","True Grit+1","Twin Strike+1","Disarm+1","Demon Form+1","Power Through+1","Whirlwind+1","Exhume+1","Battle Trance+1","Feed","Heavy Blade+1","Mayhem","Limit Break+1","Corruption","Second Wind"],"special_seed":0,"relics":["Burning Blood","Happy Flower","Whetstone","Orichalcum","Anchor","Coffee Dripper","Red Mask","Pantograph","Juzu Bracelet","Shuriken","Strange Spoon","Potion Belt","Snecko Eye","Art of War","Centennial Puzzle","OrangePellets","Strawberry"],"potions_floor_usage":[56,56,56,56],"damage_taken":[{"damage":12.0,"enemies":"Jaw Worm","floor":1.0,"turns":4.0},{"damage":7.0,"enemies":"2 Louse","floor":2.0,"turns":3.0},{"damage":6.0,"enemies":"Cultist","floor":5.0,"turns":3.0},{"damage":16.0,"enemies":"Exordium Thugs","floor":8.0,"turns":7.0},{"damage":31.0,"enemies":"Lagavulin","floor":10.0,"turns":7.0},{"damage":45.0,"enemies":"3 Sentries","floor":12.0,"turns":11.0},{"damage":11.0,"enemies":"3 Louse","floor":13.0,"turns":5.0},{"damage":13.0,"enemies":"Gremlin Nob","floor":14.0,"turns":5.0},{"damage":1.0,"enemies":"Hexaghost","floor":16.0,"turns":6.0},{"damage":13.0,"enemies":"Shell Parasite","floor":18.0,"turns":5.0},{"damage":6.0,"enemies":"Chosen","floor":19.0,"turns":6.0},{"damage":26.0,"enemies":"Masked Bandits","floor":20.0,"turns":4.0},{"damage":13.0,"enemies":"Snake Plant","floor":22.0,"turns":5.0},{"damage":86.0,"enemies":"Slavers","floor":23.0,"turns":9.0},{"damage":0.0,"enemies":"Gremlin Leader","floor":27.0,"turns":6.0},{"damage":11.0,"enemies":"Slavers","floor":29.0,"turns":3.0},{"damage":26.0,"enemies":"Collector","floor":33.0,"turns":8.0},{"damage":22.0,"enemies":"Orb Walker","floor":35.0,"turns":5.0},{"damage":16.0,"enemies":"Giant Head","floor":41.0,"turns":5.0},{"damage":43.0,"enemies":"3 Darklings","floor":42.0,"turns":8.0},{"damage":12.0,"enemies":"Reptomancer","floor":46.0,"turns":6.0},{"damage":21.0,"enemies":"Spire Growth","floor":48.0,"turns":3.0},{"damage":54.0,"enemies":"Time Eater","floor":50.0,"turns":7.0},{"damage":93.0,"enemies":"Donu and Deca","floor":51.0,"turns":9.0},{"damage":17.0,"enemies":"Shield and Spear","floor":55.0,"turns":3.0},{"damage":141,"enemies":"The Heart","floor":56,"turns":8}],"seed_played":"1445362251775530193","potions_obtained":[{"floor":1.0,"key":"EssenceOfSteel"},{"floor":5.0,"key":"Regen Potion"},{"floor":8.0,"key":"Ancient Potion"},{"floor":16.0,"key":"Poison Potion"},{"floor":18.0,"key":"Dexterity Potion"},{"floor":19.0,"key":"Energy Potion"},{"floor":22.0,"key":"FearPotion"},{"floor":27.0,"key":"Energy Potion"},{"floor":29.0,"key":"Fire Potion"},{"floor":35.0,"key":"EntropicBrew"},{"floor":41.0,"key":"Regen Potion"}],"is_trial":false,"path_per_floor":["M","M","?","$","M","R","?","M","T","E","R","E","M","E","R","B",null,"M","M","?","?","M","E","$","R","T","E","$","E","R","?","R","B",null,"M","?","?","?","?","R","E","M","T","R","?","E","R","M","R","B","B",null,"R","$","E","B",null],"character_chosen":"IRONCLAD","items_purchased":["Block Potion","Weak Potion","Strange Spoon","OrangePellets","Corruption","Strength Potion"],"campfire_rested":0,"item_purchase_floors":[24,24,28,54,54,54],"current_hp_per_floor":[62,68,61,61,65,65,65,68,68,48,48,21,28,31,31,60,66,68,68,48,48,48,18,18,18,18,57,57,68,68,68,68,48,63,54,54,49,49,49,49,60,66,66,66,66,76,76,64,64,49,81,84,84,84,80,88],"gold":52,"neow_bonus":"THREE_RARE_CARDS","is_prod":false,"is_daily":false,"chose_seed":false,"campfire_upgraded":10,"win_rate":0,"timestamp":1553082288,"path_taken":["M","M","?","$","M","R","?","M","T","E","R","E","?","E","R","BOSS","M","M","?","?","M","E","$","R","T","E","?","E","R","?","R","BOSS","M","?","?","?","?","R","E","M","T","R","?","E","R","M","R","BOSS","BOSS","R","$","E","BOSS"],"build_version":"2019-03-15","purchased_purges":3,"victory":true,"max_hp_per_floor":[68,68,68,68,68,68,68,68,68,68,68,68,68,68,68,68,68,68,68,68,68,68,68,68,68,68,68,68,68,68,68,68,68,68,71,71,71,67,67,67,70,73,73,73,73,76,76,79,79,82,85,85,85,85,92,92],"card_choices":[{"not_picked":["Juggernaut","Exhume"],"picked":"Reaper","floor":0.0},{"not_picked":["Combust","Flame Barrier"],"picked":"True Grit","floor":1.0},{"not_picked":["Iron Wave","Clothesline"],"picked":"Twin Strike","floor":2.0},{"not_picked":["Twin Strike","Iron Wave"],"picked":"Disarm","floor":5.0},{"not_picked":["Bloodletting","Intimidate","Clash"],"picked":"SKIP","floor":8.0},{"not_picked":["Cleave","Heavy Blade"],"picked":"Power Through","floor":10.0},{"not_picked":["Spot Weakness","Perfected Strike","Twin Strike"],"picked":"SKIP","floor":12.0},{"not_picked":["Spot Weakness","Perfected Strike","Twin Strike"],"picked":"SKIP","floor":12.0},{"not_picked":["Cleave","Infernal Blade","Flex"],"picked":"SKIP","floor":13.0},{"not_picked":["Cleave","Infernal Blade","Flex"],"picked":"SKIP","floor":13.0},{"not_picked":["Fire Breathing","Headbutt"],"picked":"Whirlwind","floor":14.0},{"not_picked":["Brutality","Bludgeon"],"picked":"Exhume","floor":16.0},{"not_picked":["Wild Strike","Seeing Red","Iron Wave"],"picked":"SKIP","floor":18.0},{"not_picked":["Perfected Strike","Body Slam","Whirlwind"],"picked":"SKIP","floor":19.0},{"not_picked":["True Grit","Pummel"],"picked":"Battle Trance","floor":20.0},{"not_picked":["Headbutt","Pommel Strike","Shrug It Off"],"picked":"SKIP","floor":22.0},{"not_picked":["Cleave","Heavy Blade","Barricade"],"picked":"SKIP","floor":23.0},{"not_picked":["Havoc+1","Burning Pact","Clothesline"],"picked":"SKIP","floor":27.0},{"not_picked":["Heavy Blade","Cleave","Clothesline"],"picked":"SKIP","floor":29.0},{"not_picked":["Dark Embrace","Offering"],"picked":"Feed","floor":33.0},{"not_picked":["Entrench","Blood for Blood"],"picked":"Heavy Blade","floor":35.0},{"not_picked":["Swift Strike","Sadistic Nature"],"picked":"Mayhem","floor":37.0},{"not_picked":["True Grit","Metallicize+1"],"picked":"Limit Break","floor":41.0},{"not_picked":["Havoc","Body Slam","Shrug It Off+1"],"picked":"SKIP","floor":42.0},{"not_picked":["Armaments+1","Wild Strike","Intimidate+1"],"picked":"SKIP","floor":46.0},{"not_picked":["Armaments+1","Wild Strike","Intimidate+1"],"picked":"SKIP","floor":46.0},{"not_picked":["Wild Strike+1","Clothesline","Disarm"],"picked":"SKIP","floor":48.0},{"not_picked":["Feel No Pain+1","Battle Trance"],"picked":"Second Wind","floor":55.0}],"player_experience":1272644,"relics_obtained":[{"floor":9.0,"key":"Happy Flower"},{"floor":10.0,"key":"Whetstone"},{"floor":12.0,"key":"Orichalcum"},{"floor":14.0,"key":"Anchor"},{"floor":20.0,"key":"Red Mask"},{"floor":23.0,"key":"Pantograph"},{"floor":26.0,"key":"Juzu Bracelet"},{"floor":27.0,"key":"Shuriken"},{"floor":29.0,"key":"Potion Belt"},{"floor":41.0,"key":"Art of War"},{"floor":46.0,"key":"Centennial Puzzle"},{"floor":55.0,"key":"Strawberry"}],"event_choices":[{"cards_removed":["Strike_R"],"damage_healed":0.0,"max_hp_gain":0.0,"max_hp_loss":0.0,"gold_gain":0.0,"event_name":"Golden Wing","player_choice":"Card Removal","floor":3.0,"gold_loss":0.0,"damage_taken":7.0},{"damage_healed":0.0,"max_hp_gain":0.0,"max_hp_loss":0.0,"gold_gain":0.0,"cards_transformed":["Strike_R"],"event_name":"Transmorgrifier","player_choice":"Transformed","floor":7.0,"gold_loss":0.0,"damage_taken":0.0,"cards_obtained":["Demon Form"]},{"damage_healed":0.0,"max_hp_gain":0.0,"max_hp_loss":0.0,"gold_gain":0.0,"event_name":"Masked Bandits","player_choice":"Fought Bandits","floor":20.0,"gold_loss":0.0,"damage_taken":0.0},{"cards_removed":["Strike_R"],"damage_healed":0.0,"max_hp_gain":0.0,"max_hp_loss":0.0,"gold_gain":0.0,"event_name":"Back to Basics","player_choice":"Elegance","floor":21.0,"gold_loss":0.0,"damage_taken":0.0},{"damage_healed":0.0,"max_hp_gain":0.0,"max_hp_loss":0.0,"gold_gain":50.0,"event_name":"Nest","player_choice":"Stole From Cult","floor":31.0,"gold_loss":0.0,"damage_taken":0.0},{"damage_healed":0.0,"max_hp_gain":0.0,"max_hp_loss":0.0,"gold_gain":0.0,"event_name":"SecretPortal","player_choice":"Ignored","floor":36.0,"gold_loss":0.0,"damage_taken":0.0},{"damage_healed":0.0,"max_hp_gain":0.0,"max_hp_loss":0.0,"gold_gain":0.0,"event_name":"SensoryStone","player_choice":"Memory 2","floor":37.0,"gold_loss":0.0,"damage_taken":5.0},{"damage_healed":0.0,"max_hp_gain":0.0,"max_hp_loss":4.0,"gold_gain":0.0,"event_name":"Winding Halls","player_choice":"Max HP","floor":38.0,"gold_loss":0.0,"damage_taken":0.0},{"cards_removed":["Defend_R"],"damage_healed":0.0,"max_hp_gain":0.0,"max_hp_loss":0.0,"gold_gain":0.0,"event_name":"Falling","player_choice":"Removed Skill","floor":39.0,"gold_loss":0.0,"damage_taken":0.0},{"damage_healed":0.0,"max_hp_gain":0.0,"max_hp_loss":0.0,"gold_gain":222.0,"event_name":"Tomb of Lord Red Mask","player_choice":"Wore Mask","floor":45.0,"gold_loss":0.0,"damage_taken":0.0}],"is_beta":true,"boss_relics":[{"not_picked":["Black Star","Runic Dome"],"picked":"Coffee Dripper"},{"not_picked":["Orrery","Astrolabe"],"picked":"Snecko Eye"}],"items_purged_floors":[4,24,54],"is_endless":false,"potions_floor_spawned":[1,5,8,16,18,19,22,27,29,35,41],"ascension_level":20}