{"gold_per_floor":[99,99,26,26,26,26,26,26,26,26,11,11,11,11,11,11,11,11,11,11,11,11,11,11,11,11,11,11,11,11,11,11,11,11,11,0,0,0,0,0,0,0,0,0,0,0,0,0,0,0],"floor_reached":51,"playtime":3045,"items_purged":[],"score":1252,"play_id":"4e1998bb-d6ef-40d3-8d78-825033c1b023","local_time":"20181006153700","is_ascension_mode":true,"campfire_choices":[{"data":"Cloak And Dagger","floor":8.0,"key":"SMITH"},{"data":"Skewer","floor":15.0,"key":"SMITH"},{"data":"Caltrops","floor":23.0,"key":"SMITH"},{"data":"Writhe","floor":30.0,"key":"PURGE"},{"floor":32.0,"key":"REST"},{"data":"Strike_G","floor":40.0,"key":"PURGE"},{"floor":42.0,"key":"REST"},{"floor":46.0,"key":"REST"},{"data":"Burst","floor":49.0,"key":"SMITH"}],"neow_cost":"NONE","seed_source_timestamp":25964775878498,"circlet_count":0,"master_deck":["Defend_G","Defend_G","Defend_G","Defend_G","Defend_G","Strike_G","Strike_G","Strike_G+1","Survivor","Neutralize+1","AscendersBane","Caltrops+1","Skewer+1","Adrenaline","Cloak And Dagger+1","Adrenaline","Quick Slash","Backflip","Wraith Form v2+1","Tools of the Trade+1","Dagger Spray","Quick Slash","Well Laid Plans+1","Backstab","Caltrops+1","Choke","Night Terror","Noxious Fumes+1","Panache+1","Expertise","Flechettes","Escape Plan","Burst+1","Noxious Fumes+1","Acrobatics+1"],"special_seed":0,"relics":["Ectoplasm","Mummified Hand","Frozen Egg 2","Pear","The Specimen","Eternal Feather","Centennial Puzzle","Whetstone","Calipers","Peace Pipe","Bronze Scales","Snecko Eye","Red Mask","Oddly Smooth Stone","Anchor"],"potions_floor_usage":[50,50],"damage_taken":[{"damage":0.0,"enemies":"Small Slimes","floor":1.0,"turns":5.0},{"damage":0.0,"enemies":"Jaw Worm","floor":2.0,"turns":4.0},{"damage":16.0,"enemies":"3 Sentries","floor":6.0,"turns":9.0},{"damage":0.0,"enemies":"Cultist","floor":7.0,"turns":3.0},{"damage":21.0,"enemies":"Lagavulin","floor":10.0,"turns":8.0},{"damage":0.0,"enemies":"Looter","floor":11.0,"turns":2.0},{"damage":5.0,"enemies":"3 Sentries","floor":13.0,"turns":7.0},{"damage":5.0,"enemies":"Gremlin Gang","floor":14.0,"turns":5.0},{"damage":9.0,"enemies":"Hexaghost","floor":16.0,"turns":11.0},{"damage":7.0,"enemies":"Chosen","floor":18.0,"turns":5.0},{"damage":1.0,"enemies":"Spheric Guardian","floor":19.0,"turns":3.0},{"damage":3.0,"enemies":"Snake Plant","floor":22.0,"turns":4.0},{"damage":26.0,"enemies":"Book of Stabbing","floor":24.0,"turns":6.0},{"damage":0.0,"enemies":"Sentry and Sphere","floor":28.0,"turns":5.0},{"damage":8.0,"enemies":"Shelled Parasite and Fungi","floor":29.0,"turns":4.0},{"damage":19.0,"enemies":"Slavers","floor":31.0,"turns":4.0},{"damage":46.0,"enemies":"Champ","floor":33.0,"turns":18.0},{"damage":22.0,"enemies":"3 Shapes","floor":35.0,"turns":9.0},{"damage":5.0,"enemies":"3 Darklings","floor":38.0,"turns":4.0},{"damage":32.0,"enemies":"Reptomancer","floor":41.0,"turns":4.0},{"damage":26.0,"enemies":"Transient","floor":44.0,"turns":5.0},{"damage":7.0,"enemies":"Nemesis","floor":45.0,"turns":7.0},{"damage":0.0,"enemies":"4 Shapes","floor":47.0,"turns":3.0},{"damage":0.0,"enemies":"3 Darklings","floor":48.0,"turns":3.0},{"damage":66,"enemies":"Awakened One","floor":50,"turns":12}],"seed_played":"-7342537600965157124","potions_obtained":[{"floor":2.0,"key":"Dexterity Potion"},{"floor":10.0,"key":"GhostInAJar"},{"floor":11.0,"key":"SkillPotion"},{"floor":13.0,"key":"Regen Potion"},{"floor":18.0,"key":"SkillPotion"},{"floor":22.0,"key":"Fire Potion"},{"floor":28.0,"key":"GhostInAJar"},{"floor":33.0,"key":"EssenceOfSteel"},{"floor":41.0,"key":"SkillPotion"},{"floor":44.0,"key":"Explosive Potion"}],"is_trial":false,"path_per_floor":["M","M","?","$","?","E","M","R","T","E","M","?","E","M","R","B",null,"M","M","$","T","M","R","E","?","T","$","M","M","R","E","R","B",null,"M","?","?","M","?","R","M","R","T","M","E","R","M","M","R","B"],"character_chosen":"THE_SILENT","items_purchased":[],"campfire_rested":3,"item_purchase_floors":[],"current_hp_per_floor":[59,59,59,59,59,43,43,43,43,32,32,32,27,22,22,28,64,57,56,56,56,53,68,42,42,42,42,42,34,49,30,67,21,62,40,40,40,35,35,53,21,61,61,35,28,68,68,68,76,10],"gold":0,"neow_bonus":"BOSS_RELIC","is_prod":false,"is_daily":false,"chose_seed":false,"campfire_upgraded":4,"win_rate":0,"timestamp":1538865420,"path_taken":["M","M","?","$","?","E","M","R","T","E","?","?","E","M","R","BOSS","M","?","?","?","?","R","E","?","T","$","?","M","R","E","R","BOSS","M","?","?","M","?","R","M","R","T","?","E","R","M","M","R","BOSS"],"build_version":"2018-10-04v2","purchased_purges":0,"victory":true,"max_hp_per_floor":[66,66,66,66,66,66,66,66,66,76,76,76,76,76,76,76,76,76,76,76,76,76,76,76,76,76,76,76,76,76,76,76,76,76,76,76,76,76,76,76,76,76,76,76,76,76,76,76,76,76],"card_choices":[{"not_picked":["Deadly Poison","Sucker Punch"],"picked":"Caltrops","floor":1.0},{"not_picked":["Dodge and Roll","Predator"],"picked":"Skewer","floor":2.0},{"not_picked":["Outmaneuver","Calculated Gamble"],"picked":"Adrenaline","floor":6.0},{"not_picked":["Deflect","Escape Plan","Dodge and Roll"],"picked":"SKIP","floor":7.0},{"not_picked":["Dodge and Roll","Slice"],"picked":"Quick Slash","floor":10.0},{"not_picked":["Skewer","Setup"],"picked":"Backflip","floor":11.0},{"not_picked":["Deflect","Concentrate"],"picked":"Wraith Form v2+1","floor":13.0},{"not_picked":["Deflect","Bane","Poisoned Stab"],"picked":"SKIP","floor":14.0},{"not_picked":["Venomology","Storm of Steel"],"picked":"Tools of the Trade+1","floor":16.0},{"not_picked":["Deadly Poison","Dodge and Roll"],"picked":"Dagger Spray","floor":18.0},{"not_picked":["Flying Knee","Blade Dance"],"picked":"Quick Slash","floor":19.0},{"not_picked":["Blade Dance","Finisher+1"],"picked":"Well Laid Plans+1","floor":22.0},{"not_picked":["Poisoned Stab+1","Endless Agony","Quick Slash"],"picked":"SKIP","floor":24.0},{"not_picked":["Cloak And Dagger","Heel Hook+1"],"picked":"Backstab","floor":28.0},{"not_picked":["Tactician","Heel Hook"],"picked":"Caltrops+1","floor":29.0},{"not_picked":["Well Laid Plans+1","Backstab"],"picked":"Choke","floor":31.0},{"not_picked":["Doppelganger","A Thousand Cuts+1"],"picked":"Night Terror","floor":33.0},{"not_picked":["Reflex","Accuracy+1"],"picked":"Noxious Fumes+1","floor":35.0},{"not_picked":["Impatience","Mind Blast"],"picked":"Panache+1","floor":37.0},{"not_picked":["Quick Slash","PiercingWail"],"picked":"Expertise","floor":38.0},{"not_picked":["All Out Attack","Dagger Spray+1","Concentrate"],"picked":"SKIP","floor":41.0},{"not_picked":["Blade Dance","Caltrops+1"],"picked":"Escape Plan","floor":44.0},{"not_picked":["Bane","Quick Slash+1"],"picked":"Burst","floor":45.0},{"not_picked":["Bouncing Flask+1","Blade Dance"],"picked":"Noxious Fumes+1","floor":47.0},{"not_picked":["Quick Slash","Calculated Gamble"],"picked":"Acrobatics+1","floor":48.0}],"player_experience":1283881,"relics_obtained":[{"floor":6.0,"key":"Mummified Hand"},{"floor":9.0,"key":"Frozen Egg 2"},{"floor":10.0,"key":"Pear"},{"floor":13.0,"key":"The Specimen"},{"floor":21.0,"key":"Centennial Puzzle"},{"floor":24.0,"key":"Whetstone"},{"floor":26.0,"key":"Peace Pipe"},{"floor":31.0,"key":"Bronze Scales"},{"floor":43.0,"key":"Oddly Smooth Stone"},{"floor":45.0,"key":"Anchor"}],"event_choices":[{"event_name":"World of Goop","player_choice":"Left","floor":3.0,"damage_taken":0.0},{"event_name":"Match and Keep!","player_choice":"2 cards matched","floor":5.0,"damage_taken":0.0},{"event_name":"Golden Idol","player_choice":"Ignored","floor":12.0,"damage_taken":0.0},{"event_name":"The Mausoleum","player_choice":"Yes","floor":25.0,"damage_taken":0.0},{"event_name":"Tomb of Lord Red Mask","player_choice":"Paid","floor":36.0,"damage_taken":0.0},{"event_name":"SensoryStone","player_choice":"Memory 1","floor":37.0,"damage_taken":0.0},{"event_name":"Transmorgrifier","player_choice":"Transform","floor":39.0,"damage_taken":0.0}],"is_beta":false,"boss_relics":[{"not_picked":["Tiny House","Busted Crown"],"picked":"Eternal Feather"},{"not_picked":["WristBlade","Empty Cage"],"picked":"Snecko Eye"}],"items_purged_floors":[],"is_endless":false,"potions_floor_spawned":[2,10,11,13,18,22,28,33,41,44,47,48],"ascension_level":15}