{"gold_per_floor":[111,36,36,50,50,50,62,137,162,162,181,181,215,270,270,341,341,360,360,378,27,40,40,71,71,150,150,150,162,177,211,211,285,285,298,348,361,376,376],"floor_reached":39,"playtime":1021,"items_purged":["Strike_B"],"score":824,"play_id":"1d7bd9e1-35fe-4132-b89e-a4107ae1a3ec","local_time":"25620325010417","is_ascension_mode":true,"campfire_choices":[{"data":"Zap","floor":6.0,"key":"SMITH"},{"data":"Dualcast","floor":10.0,"key":"SMITH"},{"data":"Hologram","floor":12.0,"key":"SMITH"},{"floor":15.0,"key":"REST"},{"data":"Redo","floor":23.0,"key":"SMITH"},{"floor":25.0,"key":"REST"},{"data":"Loop","floor":28.0,"key":"SMITH"},{"floor":32.0,"key":"REST"}],"neow_cost":"PERCENT_DAMAGE","seed_source_timestamp":38493603307616,"circlet_count":0,"master_deck":["AscendersBane","Strike_B","Strike_B","Defend_B","Defend_B","Defend_B","Defend_B","Zap+1","Dualcast+1","Ball Lightning","Darkness+1","Hologram+1","Gash","Ball Lightning","Multi-Cast","Streamline+1","BootSequence+1","Redo+1","Sweeping Beam","Dark Shackles","Loop+1","Leap","Decay","Hologram","Steam Power","Chaos","Defragment+1","All For One","Steam","Gash","Hologram"],"special_seed":0,"relics":["Cracked Core","Incense Burner","Bronze Scales","Happy Flower","Dead Branch","Cursed Key","Prayer Wheel","Pear","Oddly Smooth Stone","Sozu"],"potions_floor_usage":[],"damage_taken":[{"damage":1.0,"enemies":"2 Louse","floor":1.0,"turns":2.0},{"damage":0.0,"enemies":"Small Slimes","floor":4.0,"turns":2.0},{"damage":1.0,"enemies":"Cultist","floor":7.0,"turns":3.0},{"damage":15.0,"enemies":"Large Slime","floor":11.0,"turns":4.0},{"damage":0.0,"enemies":"Lagavulin","floor":13.0,"turns":4.0},{"damage":11.0,"enemies":"Gremlin Nob","floor":14.0,"turns":3.0},{"damage":32.0,"enemies":"Slime Boss","floor":16.0,"turns":8.0},{"damage":20.0,"enemies":"Shell Parasite","floor":18.0,"turns":3.0},{"damage":0.0,"enemies":"Chosen","floor":20.0,"turns":2.0},{"damage":12.0,"enemies":"Snake Plant","floor":22.0,"turns":3.0},{"damage":19.0,"enemies":"Book of Stabbing","floor":24.0,"turns":4.0},{"damage":9.0,"enemies":"Chosen and Byrds","floor":29.0,"turns":4.0},{"damage":33.0,"enemies":"3 Cultists","floor":30.0,"turns":5.0},{"damage":28.0,"enemies":"Gremlin Leader","floor":31.0,"turns":5.0},{"damage":39.0,"enemies":"Collector","floor":33.0,"turns":9.0},{"damage":19.0,"enemies":"3 Darklings","floor":35.0,"turns":4.0},{"damage":0,"enemies":"Orb Walker","floor":37,"turns":3},{"damage":9,"enemies":"Spire Growth","floor":38,"turns":4},{"damage":37,"enemies":"Maw","floor":39,"turns":4}],"seed_played":"-8384363403275911021","potions_obtained":[{"floor":4.0,"key":"Regen Potion"},{"floor":7.0,"key":"EssenceOfSteel"},{"floor":20.0,"key":"PowerPotion"},{"floor":24.0,"key":"Fruit Juice"},{"floor":33.0,"key":"Poison Potion"}],"is_trial":false,"path_per_floor":["M","?","?","M","?","R","M","?","T","R","M","R","E","?","R","B",null,"M","?","M","$","M","R","E","R","T","?","R","M","M","E","R","B",null,"M","?","M","M","M"],"character_chosen":"DEFECT","items_purchased":["Redo","Sweeping Beam","Dark Shackles","Loop"],"campfire_rested":3,"item_purchase_floors":[21,21,21,21],"current_hp_per_floor":[45,45,50,50,50,50,49,38,38,38,23,23,23,21,43,11,60,40,40,40,40,28,28,14,38,48,91,91,82,49,21,48,9,71,52,43,43,34,0],"gold":376,"neow_bonus":"ONE_RARE_RELIC","is_prod":false,"is_daily":false,"chose_seed":false,"campfire_upgraded":5,"win_rate":0,"timestamp":1553450657,"path_taken":["M","?","?","M","?","R","M","?","T","R","M","R","E","?","R","BOSS","M","?","M","$","M","R","E","R","T","?","R","M","?","E","R","BOSS","M","?","M","?","M"],"build_version":"2019-01-23","purchased_purges":1,"victory":false,"max_hp_per_floor":[71,71,76,76,76,76,76,76,76,76,76,76,76,76,76,76,76,76,76,76,76,76,76,81,81,91,91,91,91,91,91,91,91,91,91,91,91,91,91],"card_choices":[{"not_picked":["Hologram","Beam Cell"],"picked":"Ball Lightning","floor":1.0},{"not_picked":["Beam Cell","Conserve Battery"],"picked":"Darkness","floor":4.0},{"not_picked":["Aggregate","Capacitor","Beam Cell"],"picked":"SKIP","floor":7.0},{"not_picked":["Beam Cell","Storm"],"picked":"Hologram","floor":11.0},{"not_picked":["Tempest","Sunder"],"picked":"Gash","floor":13.0},{"not_picked":["Compile Driver","Barrage"],"picked":"Ball Lightning","floor":14.0},{"not_picked":["Creative AI","Electrodynamics"],"picked":"Multi-Cast","floor":16.0},{"not_picked":["Rebound","Stack"],"picked":"Streamline+1","floor":18.0},{"not_picked":["Aggregate","Seek"],"picked":"BootSequence+1","floor":20.0},{"not_picked":["Cold Snap","Compile Driver"],"picked":"Leap","floor":22.0},{"not_picked":["Stack","Streamline","Sweeping Beam"],"picked":"SKIP","floor":24.0},{"not_picked":["Leap","Conserve Battery"],"picked":"Hologram","floor":29.0},{"not_picked":["Reprogram","Beam Cell"],"picked":"Steam Power","floor":29.0},{"not_picked":["Barrage","Gash"],"picked":"Chaos","floor":30.0},{"not_picked":["Compile Driver","Ball Lightning","Fusion+1"],"picked":"SKIP","floor":30.0},{"not_picked":["Echo Form","Doom and Gloom"],"picked":"Defragment+1","floor":31.0},{"not_picked":["Buffer","Hyperbeam"],"picked":"All For One","floor":33.0},{"not_picked":["Sweeping Beam","Go for the Eyes","Redo"],"picked":"SKIP","floor":35.0},{"not_picked":["FTL","Barrage","Steam Power"],"picked":"SKIP","floor":35.0},{"not_picked":["Cold Snap","Reprogram"],"picked":"Steam","floor":37},{"not_picked":["Hologram","Ball Lightning"],"picked":"Gash","floor":37},{"not_picked":["Steam","Stack"],"picked":"Hologram","floor":38},{"not_picked":["Genetic Algorithm","Streamline","Stack"],"picked":"SKIP","floor":38}],"player_experience":336659,"relics_obtained":[{"floor":9.0,"key":"Bronze Scales"},{"floor":13.0,"key":"Happy Flower"},{"floor":14.0,"key":"Dead Branch"},{"floor":24.0,"key":"Prayer Wheel"},{"floor":26.0,"key":"Pear"},{"floor":31.0,"key":"Oddly Smooth Stone"}],"event_choices":[{"cards_removed":["Strike_B"],"damage_healed":0.0,"max_hp_gain":0.0,"max_hp_loss":0.0,"gold_gain":0.0,"event_name":"The Cleric","player_choice":"Card Removal","floor":2.0,"gold_loss":75.0,"damage_taken":0.0},{"damage_healed":0.0,"max_hp_gain":5.0,"max_hp_loss":0.0,"gold_gain":0.0,"event_name":"Big Fish","player_choice":"Donut","floor":3.0,"gold_loss":0.0,"damage_taken":0.0},{"damage_healed":0.0,"max_hp_gain":0.0,"max_hp_loss":0.0,"gold_gain":0.0,"event_name":"Living Wall","player_choice":"Grow","floor":5.0,"gold_loss":0.0,"damage_taken":0.0,"cards_upgraded":["Darkness"]},{"damage_healed":0.0,"max_hp_gain":0.0,"max_hp_loss":0.0,"gold_gain":75.0,"event_name":"World of Goop","player_choice":"Gather Gold","floor":8.0,"gold_loss":0.0,"damage_taken":11.0},{"damage_healed":0.0,"max_hp_gain":0.0,"max_hp_loss":0.0,"gold_gain":0.0,"event_name":"Dead Adventurer","player_choice":"Searched \u00272\u0027 times","floor":14.0,"gold_loss":0.0,"damage_taken":0.0},{"damage_healed":0.0,"max_hp_gain":0.0,"max_hp_loss":0.0,"gold_gain":0.0,"event_name":"Ghosts","player_choice":"Ignored","floor":19.0,"gold_loss":0.0,"damage_taken":0.0},{"damage_healed":43.0,"max_hp_gain":0.0,"max_hp_loss":0.0,"gold_gain":0.0,"event_name":"Wheel of Change","player_choice":"Full Heal","floor":27.0,"gold_loss":0.0,"damage_taken":0.0},{"damage_healed":0,"gold_gain":50,"player_choice":"Touch","damage_taken":9,"max_hp_gain":0,"max_hp_loss":0,"event_name":"FaceTrader","floor":36,"gold_loss":0}],"is_beta":false,"boss_relics":[{"not_picked":["Snecko Eye","Astrolabe"],"picked":"Cursed Key"},{"not_picked":["Tiny House","Inserter"],"picked":"Sozu"}],"items_purged_floors":[21],"is_endless":false,"potions_floor_spawned":[4,7,20,24,33,35],"killed_by":"Maw","ascension_level":16}