{"gold_per_floor":[114,114,126,145,220,252,252,271,271,94,94,94,104,114,114,219,269,282,282,295,311,23,23,55,55,55,55],"floor_reached":27,"playtime":2698,"items_purged":[],"score":233,"play_id":"530db4b4-1597-4d46-bdb2-b07c65166109","local_time":"20190506170134","is_ascension_mode":false,"campfire_choices":[{"data":"Searing Blow","floor":7,"key":"SMITH"},{"data":"Searing Blow+1","floor":11,"key":"SMITH"},{"data":"Demon Form","floor":15,"key":"SMITH"},{"floor":23,"key":"REST"}],"neow_cost":"NONE","seed_source_timestamp":4113131093000,"circlet_count":0,"master_deck":["Strike_R","Strike_R","Strike_R","Strike_R","Strike_R","Defend_R","Defend_R+1","Defend_R","Bash+1","Sword Boomerang","Headbutt","Whirlwind","Searing Blow+3","Demon Form+1","Violence","Whirlwind","Clothesline","Offering","Shrug It Off","Seeing Red","Searing Blow+3","Iron Wave+1","Shockwave+1","Double Tap","Burning Pact"],"relics":["Burning Blood","Potion Belt","Bottled Tornado","Tiny House","Happy Flower","Ice Cream","Shuriken"],"potions_floor_usage":[6,8,18,18,24,24,24,24],"damage_taken":[{"damage":5,"enemies":"Small Slimes","floor":1,"turns":3},{"damage":6,"enemies":"2 Louse","floor":3,"turns":3},{"damage":11,"enemies":"Jaw Worm","floor":4,"turns":2},{"damage":20,"enemies":"Gremlin Nob","floor":6,"turns":4},{"damage":8,"enemies":"Red Slaver","floor":8,"turns":2},{"damage":0,"enemies":"2 Fungi Beasts","floor":13,"turns":2},{"damage":10,"enemies":"Gremlin Gang","floor":14,"turns":3},{"damage":38,"enemies":"Hexaghost","floor":16,"turns":7},{"damage":26,"enemies":"2 Thieves","floor":18,"turns":2},{"damage":10,"enemies":"Chosen","floor":20,"turns":3},{"damage":29,"enemies":"Snecko","floor":21,"turns":4},{"damage":38,"enemies":"Slavers","floor":24,"turns":2},{"damage":24,"enemies":"Gremlin Leader","floor":27,"turns":4}],"seed_played":"-7646328249733530005","potions_obtained":[{"floor":4,"key":"Regen Potion"},{"floor":6,"key":"Poison Potion"},{"floor":16,"key":"Explosive Potion"},{"floor":17,"key":"EntropicBrew"},{"floor":21,"key":"BloodPotion"}],"is_trial":false,"path_per_floor":["M","?","M","M","?","E","R","M","T","$","R","?","M","M","R","B",null,"M","?","M","M","$","R","E","$","T","E"],"character_chosen":"IRONCLAD","items_purchased":["Violence","Happy Flower","Double Tap"],"campfire_rested":1,"item_purchase_floors":[10,22,22],"current_hp_per_floor":[80,80,80,75,64,62,62,60,60,60,60,60,66,62,62,30,85,65,65,61,38,38,63,39,39,39,15],"gold":55,"neow_bonus":"REMOVE_CARD","is_prod":false,"is_daily":false,"chose_seed":false,"campfire_upgraded":3,"win_rate":0.0,"timestamp":1557129694,"path_taken":["M","?","M","M","?","E","R","?","T","?","R","?","?","M","R","BOSS","M","?","M","M","$","R","E","?","T","E"],"build_version":"2019-01-23","purchased_purges":0,"victory":false,"max_hp_per_floor":[80,80,80,80,80,80,80,80,80,80,80,80,80,80,80,80,85,85,85,85,85,85,85,85,85,85,85],"card_choices":[{"not_picked":["True Grit","Infernal Blade"],"picked":"Sword Boomerang","floor":1},{"not_picked":["Sever Soul","Sword Boomerang"],"picked":"Headbutt","floor":3},{"not_picked":["Shrug It Off","Anger"],"picked":"Whirlwind","floor":4},{"not_picked":["Bloodletting","Headbutt"],"picked":"Searing Blow","floor":6},{"not_picked":["Thunderclap","Sever Soul"],"picked":"Demon Form","floor":8},{"not_picked":["Fire Breathing","Combust"],"picked":"Whirlwind","floor":13},{"not_picked":["Feel No Pain","Iron Wave"],"picked":"Clothesline","floor":14},{"not_picked":["Feed","Demon Form"],"picked":"Offering","floor":16},{"not_picked":["Iron Wave","Searing Blow"],"picked":"Shrug It Off","floor":17},{"not_picked":["Thunderclap","Warcry"],"picked":"Seeing Red","floor":18},{"not_picked":["Pommel Strike","Dropkick"],"picked":"Iron Wave+1","floor":20},{"not_picked":["Rupture","Anger+1"],"picked":"Shockwave+1","floor":21},{"not_picked":["Rupture+1","Fire Breathing"],"picked":"Burning Pact","floor":24}],"player_experience":3556,"relics_obtained":[{"floor":6,"key":"Potion Belt"},{"floor":9,"key":"Bottled Tornado"},{"floor":24,"key":"Ice Cream"},{"floor":26,"key":"Shuriken"}],"event_choices":[{"damage_healed":0,"gold_gain":0,"player_choice":"Grow","damage_taken":0,"max_hp_gain":0,"max_hp_loss":0,"event_name":"Living Wall","floor":2,"gold_loss":0,"cards_upgraded":["Bash"]},{"damage_healed":0,"gold_gain":75,"player_choice":"Gather Gold","damage_taken":11,"max_hp_gain":0,"max_hp_loss":0,"event_name":"World of Goop","floor":5,"gold_loss":0},{"damage_healed":0,"gold_gain":0,"player_choice":"Forge","damage_taken":0,"max_hp_gain":0,"max_hp_loss":0,"event_name":"Accursed Blacksmith","floor":12,"gold_loss":0,"cards_upgraded":["Searing Blow"]},{"damage_healed":0,"gold_gain":0,"player_choice":"Copied","damage_taken":0,"max_hp_gain":0,"max_hp_loss":0,"event_name":"Duplicator","floor":19,"gold_loss":0,"cards_obtained":["Searing Blow"]}],"is_beta":false,"boss_relics":[{"not_picked":["Philosopher\u0027s Stone","Runic Dome"],"picked":"Tiny House"}],"items_purged_floors":[],"is_endless":false,"potions_floor_spawned":[4,6,16,21],"killed_by":"Gremlin Leader","ascension_level":0}