{"gold_per_floor":[113,13,13,26,44,372,386,421,421,439,439,453,453,453],"floor_reached":14,"playtime":315,"items_purged":["Strike_R"],"score":204,"play_id":"c6c50446-25a9-4ab4-ac24-c0b5d8dd271f","local_time":"20181201220620","is_ascension_mode":true,"campfire_choices":[{"floor":13,"key":"REST"}],"neow_cost":"PERCENT_DAMAGE","seed_source_timestamp":19570078768923,"circlet_count":0,"master_deck":["AscendersBane","Strike_R","Strike_R","Strike_R","Defend_R","Defend_R","Defend_R","Defend_R","Bash","Wild Strike","Anger","Wild Strike","Thunderclap","Impervious","Battle Trance","Shrug It Off"],"relics":["Burning Blood","Old Coin","Art of War","Question Card","Bag of Marbles"],"potions_floor_usage":[8,10,10,14],"damage_taken":[{"damage":10,"enemies":"2 Louse","floor":1,"turns":3},{"damage":12,"enemies":"Jaw Worm","floor":4,"turns":2},{"damage":0,"enemies":"Cultist","floor":5,"turns":2},{"damage":32,"enemies":"Gremlin Nob","floor":6,"turns":4},{"damage":4,"enemies":"2 Fungi Beasts","floor":7,"turns":3},{"damage":20,"enemies":"Lagavulin","floor":8,"turns":6},{"damage":14,"enemies":"Gremlin Gang","floor":10,"turns":4},{"damage":6,"enemies":"Looter","floor":12,"turns":2},{"damage":49,"enemies":"Gremlin Nob","floor":14,"turns":5}],"seed_played":"4097651908021002743","potions_obtained":[{"floor":4,"key":"FearPotion"},{"floor":7,"key":"AttackPotion"},{"floor":8,"key":"Swift Potion"},{"floor":12,"key":"LiquidBronze"}],"is_trial":false,"path_per_floor":["M","$","?","M","M","E","M","E","T","M","T","M","R","E"],"character_chosen":"IRONCLAD","items_purchased":["Anger"],"campfire_rested":1,"item_purchase_floors":[2],"current_hp_per_floor":[60,60,60,54,60,34,36,22,22,14,14,14,40,0],"gold":453,"neow_bonus":"TWENTY_PERCENT_HP_BONUS","is_prod":false,"is_daily":false,"chose_seed":false,"campfire_upgraded":0,"win_rate":0,"timestamp":1543673180,"path_taken":["M","$","?","M","M","E","M","E","T","M","?","M","R","E"],"build_version":"2018-11-15","purchased_purges":1,"victory":false,"max_hp_per_floor":[89,89,89,89,89,89,89,89,89,89,89,89,89,89],"card_choices":[{"not_picked":["Fire Breathing","Corruption"],"picked":"Wild Strike","floor":1},{"not_picked":["Pommel Strike","Clash"],"picked":"Thunderclap","floor":4},{"not_picked":["Headbutt","Clash"],"picked":"Impervious","floor":5},{"not_picked":["Twin Strike","Hemokinesis","Dual Wield"],"picked":"SKIP","floor":6},{"not_picked":["Intimidate","Twin Strike","Body Slam"],"picked":"SKIP","floor":7},{"not_picked":["Havoc","Twin Strike"],"picked":"Battle Trance","floor":8},{"not_picked":["Pommel Strike","Cleave","Twin Strike"],"picked":"Shrug It Off","floor":10},{"not_picked":["Anger","Clash","Blood for Blood","Havoc"],"picked":"SKIP","floor":12}],"player_experience":2249619,"relics_obtained":[{"floor":6,"key":"Old Coin"},{"floor":8,"key":"Art of War"},{"floor":9,"key":"Question Card"},{"floor":11,"key":"Bag of Marbles"}],"event_choices":[{"damage_healed":0,"gold_gain":0,"cards_transformed":["Strike_R"],"player_choice":"Change","damage_taken":0,"max_hp_gain":0,"max_hp_loss":0,"event_name":"Living Wall","floor":3,"gold_loss":0,"cards_obtained":["Wild Strike"]}],"is_beta":false,"boss_relics":[],"items_purged_floors":[2],"is_endless":false,"potions_floor_spawned":[4,7,8,12],"killed_by":"Gremlin Nob","ascension_level":20}