{"gold_per_floor":[118,133,47,97,97,97,123,136,159,171,211,223,253,280,292,380,392,421,449,478,506,618,655,680,726,738,750,796,808,830,190,190,265,265,278,289,309,327,343,343,375,375,375,375,392,342,397,429,429,429,429],"floor_reached":52,"playtime":3495,"items_purged":["Flying Knee"],"score":2568,"play_id":"66aed740-a125-4713-8202-42fc11319965","local_time":"20181004234835","daily_mods":["SealedDeck"],"is_ascension_mode":true,"campfire_choices":[{"data":"Prepared","floor":6.0,"key":"SMITH"},{"data":"Terror","floor":10.0,"key":"SMITH"},{"data":"Tactician","floor":12.0,"key":"SMITH"},{"data":"Dagger Spray","floor":15.0,"key":"SMITH"},{"floor":27.0,"key":"REST"},{"data":"Adrenaline","floor":29,"key":"SMITH"},{"data":"Reflex","floor":32,"key":"SMITH"},{"data":"Leg Sweep","floor":40,"key":"SMITH"},{"data":"Backflip","floor":44,"key":"SMITH"},{"floor":49,"key":"REST"}],"neow_cost":"","seed_source_timestamp":0,"circlet_count":0,"master_deck":["AscendersBane","Quick Slash","Prepared+1","Backflip+1","Caltrops","Dagger Spray+1","Tactician+1","Leg Sweep+1","Dagger Throw","Reflex+1","Dagger Throw","Blur","Glass Knife","Terror+1","Adrenaline+1","Acrobatics","PiercingWail+1","Tactician+1","Backstab","Malaise","Footwork"],"special_seed":0,"relics":["Ring of the Snake","Anchor","MawBank","Vajra","Busted Crown","The Specimen","Blue Candle","Ice Cream","Smiling Mask","Paper Crane","Pen Nib","DollysMirror","Potion Belt","Omamori","Pandora\u0027s Box","Molten Egg 2","The Courier","Du-Vu Doll","Matryoshka"],"potions_floor_usage":[50,51,51],"damage_taken":[{"damage":1.0,"enemies":"Cultist","floor":1.0,"turns":3.0},{"damage":0.0,"enemies":"2 Louse","floor":2.0,"turns":3.0},{"damage":20.0,"enemies":"3 Sentries","floor":7.0,"turns":6.0},{"damage":0.0,"enemies":"Small Slimes","floor":8.0,"turns":2.0},{"damage":0.0,"enemies":"Gremlin Nob","floor":11.0,"turns":3.0},{"damage":0.0,"enemies":"Exordium Thugs","floor":13.0,"turns":2.0},{"damage":0.0,"enemies":"Blue Slaver","floor":14.0,"turns":2.0},{"damage":0.0,"enemies":"Slime Boss","floor":16.0,"turns":2.0},{"damage":0.0,"enemies":"Spheric Guardian","floor":18.0,"turns":2.0},{"damage":0.0,"enemies":"3 Byrds","floor":19.0,"turns":2.0},{"damage":0.0,"enemies":"Snake Plant","floor":20.0,"turns":2.0},{"damage":11.0,"enemies":"Cultist and Chosen","floor":21.0,"turns":4.0},{"damage":0.0,"enemies":"Colosseum Slavers","floor":22.0,"turns":2.0},{"damage":0.0,"enemies":"Colosseum Nobs","floor":22.0,"turns":3.0},{"damage":0.0,"enemies":"Gremlin Leader","floor":23.0,"turns":3.0},{"damage":4.0,"enemies":"Shelled Parasite and Fungi","floor":24.0,"turns":3.0},{"damage":4.0,"enemies":"Book of Stabbing","floor":25.0,"turns":3.0},{"damage":6,"enemies":"Slavers","floor":28,"turns":4},{"damage":0,"enemies":"Chosen and Byrds","floor":30,"turns":2},{"damage":0,"enemies":"Automaton","floor":33,"turns":6},{"damage":0,"enemies":"3 Darklings","floor":35,"turns":2},{"damage":0,"enemies":"3 Shapes","floor":36,"turns":5},{"damage":0,"enemies":"Sphere and 2 Shapes","floor":37,"turns":2},{"damage":1,"enemies":"4 Shapes","floor":38,"turns":7},{"damage":0,"enemies":"3 Darklings","floor":39,"turns":3},{"damage":0,"enemies":"Giant Head","floor":41,"turns":5},{"damage":0,"enemies":"Sphere and 2 Shapes","floor":45,"turns":4},{"damage":18,"enemies":"Mysterious Sphere","floor":47,"turns":5},{"damage":0,"enemies":"Nemesis","floor":48,"turns":5},{"damage":0,"enemies":"Time Eater","floor":50,"turns":14},{"damage":0,"enemies":"Awakened One","floor":51,"turns":10}],"seed_played":"3870957167886419103","potions_obtained":[{"floor":7.0,"key":"AttackPotion"},{"floor":8.0,"key":"Block Potion"},{"floor":21.0,"key":"EssenceOfSteel"},{"floor":24.0,"key":"FearPotion"},{"floor":36,"key":"PowerPotion"},{"floor":37,"key":"Weak Potion"},{"floor":48,"key":"Strength Potion"}],"is_trial":true,"path_per_floor":["M","M","$","?","?","R","E","M","T","R","E","R","M","M","R","B",null,"M","M","M","M","?","E","M","E","T","R","E","R","M","$","R","B",null,"M","M","M","M","M","R","E","?","T","R","M","$","?","E","R","B","B"],"character_chosen":"THE_SILENT","items_purchased":["Blur","DollysMirror","Potion Belt","Omamori","Backstab"],"campfire_rested":2,"item_purchase_floors":[3,31,31,31,31],"current_hp_per_floor":[58,58,58,58,58,58,38,38,38,38,38,38,38,38,38,38,59,59,59,59,48,48,48,44,40,40,59,53,53,53,53,53,53,63,63,63,63,62,62,62,62,62,62,62,62,62,44,44,62,62,62],"gold":429,"neow_bonus":"","is_prod":false,"is_daily":false,"chose_seed":false,"campfire_upgraded":8,"win_rate":0,"timestamp":1538722115,"path_taken":["M","M","$","?","?","R","E","?","T","R","E","R","M","?","R","BOSS","M","M","?","M","?","E","M","E","T","R","E","R","M","$","R","BOSS","M","M","M","M","M","R","E","?","T","R","M","$","?","E","R","BOSS","BOSS"],"build_version":"2018-10-04","purchased_purges":1,"victory":true,"max_hp_per_floor":[66,66,66,66,66,66,66,66,66,66,66,66,66,66,66,66,66,66,66,66,66,66,66,66,66,66,66,66,66,66,66,66,66,66,66,66,66,66,66,66,66,63,63,63,63,63,63,63,63,63,63],"card_choices":[{"not_picked":["PiercingWail","Deflect"],"picked":"Reflex","floor":1.0},{"not_picked":["Deflect","Expertise"],"picked":"Dagger Throw","floor":2.0},{"not_picked":["Bane","Bouncing Flask","Underhanded Strike"],"picked":"SKIP","floor":7.0},{"not_picked":["Deadly Poison","Eviscerate"],"picked":"Terror","floor":8.0},{"not_picked":["Dodge and Roll","Storm of Steel","Quick Slash"],"picked":"SKIP","floor":11.0},{"not_picked":["Flying Knee","Bouncing Flask","Flechettes"],"picked":"SKIP","floor":13.0},{"not_picked":["Reflex","Dagger Spray","Poisoned Stab"],"picked":"SKIP","floor":14.0},{"not_picked":["Unload","Doppelganger"],"picked":"Adrenaline","floor":16.0},{"not_picked":[],"picked":"Acrobatics","floor":18.0},{"not_picked":["Crippling Poison"],"picked":"SKIP","floor":19.0},{"not_picked":["Blade Dance"],"picked":"SKIP","floor":20.0},{"not_picked":[],"picked":"PiercingWail+1","floor":21.0},{"not_picked":["Acrobatics"],"picked":"SKIP","floor":23.0},{"not_picked":["Predator"],"picked":"SKIP","floor":24.0},{"not_picked":["Blade Dance"],"picked":"SKIP","floor":25.0},{"not_picked":["Poisoned Stab"],"picked":"SKIP","floor":28},{"not_picked":["Dagger Throw"],"picked":"SKIP","floor":30},{"not_picked":[],"picked":"Malaise","floor":33},{"not_picked":["Poisoned Stab"],"picked":"SKIP","floor":35},{"not_picked":["Outmaneuver"],"picked":"SKIP","floor":36},{"not_picked":["Setup"],"picked":"SKIP","floor":37},{"not_picked":["Deflect"],"picked":"SKIP","floor":38},{"not_picked":["Outmaneuver"],"picked":"SKIP","floor":39},{"not_picked":["Endless Agony+1"],"picked":"SKIP","floor":41},{"not_picked":["Cloak And Dagger+1"],"picked":"SKIP","floor":45},{"not_picked":[],"picked":"Footwork","floor":48}],"player_experience":1269265,"relics_obtained":[{"floor":7.0,"key":"Anchor"},{"floor":9.0,"key":"MawBank"},{"floor":11.0,"key":"Vajra"},{"floor":22.0,"key":"The Specimen"},{"floor":22.0,"key":"Blue Candle"},{"floor":23.0,"key":"Ice Cream"},{"floor":25.0,"key":"Smiling Mask"},{"floor":26.0,"key":"Paper Crane"},{"floor":28,"key":"Pen Nib"},{"floor":41,"key":"Molten Egg 2"},{"floor":43,"key":"The Courier"},{"floor":47,"key":"Du-Vu Doll"},{"floor":48,"key":"Matryoshka"}],"event_choices":[{"event_name":"Golden Shrine","player_choice":"Pray","floor":4.0,"damage_taken":0.0},{"event_name":"Transmorgrifier","player_choice":"Transform","floor":5.0,"damage_taken":0.0},{"event_name":"Colosseum","player_choice":"Fight","floor":22.0,"damage_taken":0.0},{"event_name":"Colosseum","player_choice":"Fought Nobs","floor":22.0,"damage_taken":0.0},{"event_name":"Winding Halls","player_choice":"Max HP","floor":42,"damage_taken":0},{"event_name":"Mysterious Sphere","player_choice":"Fight","floor":47,"damage_taken":0}],"is_beta":false,"boss_relics":[{"not_picked":["White Beast Statue","Eternal Feather"],"picked":"Busted Crown"},{"not_picked":["Runic Pyramid","Velvet Choker"],"picked":"Pandora\u0027s Box"}],"items_purged_floors":[46],"is_endless":false,"potions_floor_spawned":[7,8,16,18,19,21,22,24,36,37,39,41,48],"ascension_level":20}