{"gold_per_floor":[113,93,46,46,46,46,74,74,74,74,101,111,131,151,151,223,223,241,241,259,287,287,287,298,298,324,339,339,339,339,359,359,359],"floor_reached":33,"playtime":1132,"items_purged":[],"score":519,"play_id":"5e51fe0c-72d1-4af9-9e6e-0f2c9583c9ed","local_time":"20190419005343","is_ascension_mode":true,"campfire_choices":[{"data":"Bash","floor":6,"key":"SMITH"},{"data":"Cleave","floor":8,"key":"SMITH"},{"data":"Iron Wave","floor":10,"key":"SMITH"},{"data":"Pommel Strike","floor":15,"key":"SMITH"},{"floor":23,"key":"REST"},{"floor":25,"key":"REST"},{"data":"Body Slam","floor":28,"key":"SMITH"},{"data":"Shockwave","floor":32,"key":"SMITH"}],"neow_cost":"NONE","seed_source_timestamp":574570376030700,"circlet_count":0,"master_deck":["AscendersBane","Strike_R","Strike_R","Strike_R","Strike_R","Defend_R","Defend_R","Defend_R","Defend_R","Bash+1","Iron Wave+1","Cleave+1","Heavy Blade","True Grit","Shrug It Off","Pommel Strike+1","Reaper","Evolve","Shrug It Off","Spot Weakness+1","Entrench","Body Slam+1","Shrug It Off","Rampage","Shockwave+1"],"relics":["Burning Blood","NeowsBlessing","Omamori","Prayer Wheel","Bronze Scales","Mark of Pain","Red Mask","Ancient Tea Set","MutagenicStrength"],"potions_floor_usage":[16,16,20,22,27],"damage_taken":[{"damage":0,"enemies":"Jaw Worm","floor":1,"turns":1},{"damage":0,"enemies":"3 Sentries","floor":7,"turns":1},{"damage":0,"enemies":"Lagavulin","floor":11,"turns":1},{"damage":1,"enemies":"Cultist","floor":12,"turns":3},{"damage":0,"enemies":"2 Louse","floor":13,"turns":2},{"damage":6,"enemies":"Blue Slaver","floor":14,"turns":4},{"damage":60,"enemies":"The Guardian","floor":16,"turns":10},{"damage":15,"enemies":"3 Byrds","floor":18,"turns":4},{"damage":17,"enemies":"Spheric Guardian","floor":20,"turns":4},{"damage":52,"enemies":"Masked Bandits","floor":21,"turns":5},{"damage":0,"enemies":"Centurion and Healer","floor":22,"turns":1},{"damage":16,"enemies":"Chosen and Byrds","floor":24,"turns":6},{"damage":3,"enemies":"Cultist and Chosen","floor":27,"turns":4},{"damage":28,"enemies":"Centurion and Healer","floor":31,"turns":6},{"damage":70,"enemies":"Champ","floor":33,"turns":9}],"seed_played":"-357979718638188322","potions_obtained":[{"floor":1,"key":"EssenceOfSteel"},{"floor":2,"key":"Regen Potion"},{"floor":7,"key":"AttackPotion"},{"floor":18,"key":"PowerPotion"},{"floor":21,"key":"SmokeBomb"},{"floor":24,"key":"AttackPotion"}],"is_trial":false,"path_per_floor":["M","?","$","?","$","R","E","R","T","R","E","M","M","M","R","B",null,"M","?","M","?","M","R","M","R","T","M","R","?","?","M","R","B"],"character_chosen":"IRONCLAD","items_purchased":["Cleave"],"campfire_rested":2,"item_purchase_floors":[3],"current_hp_per_floor":[74,74,74,74,74,74,75,75,75,75,75,75,75,75,75,36,65,62,62,51,10,16,38,36,58,58,75,75,75,75,55,55,0],"gold":359,"neow_bonus":"THREE_ENEMY_KILL","is_prod":false,"is_daily":false,"chose_seed":false,"campfire_upgraded":6,"win_rate":0,"timestamp":1555624423,"path_taken":["M","?","?","?","$","R","E","R","T","R","E","M","M","M","R","BOSS","M","?","?","?","M","R","M","R","T","M","R","?","?","M","R","BOSS"],"build_version":"2019-01-23","purchased_purges":0,"victory":false,"max_hp_per_floor":[75,75,75,75,75,75,75,75,75,75,75,75,75,75,75,75,75,75,75,75,75,75,75,75,75,75,75,75,75,75,75,75,75],"card_choices":[{"not_picked":["Power Through","Anger"],"picked":"Iron Wave","floor":1},{"not_picked":["Burning Pact","Searing Blow","Anger"],"picked":"SKIP","floor":7},{"not_picked":["Wild Strike","Warcry"],"picked":"Heavy Blade","floor":11},{"not_picked":["Perfected Strike","Havoc"],"picked":"True Grit","floor":12},{"not_picked":["Reckless Charge","Evolve"],"picked":"Shrug It Off","floor":12},{"not_picked":["Sentinel","Headbutt"],"picked":"Pommel Strike","floor":13},{"not_picked":["Headbutt","Perfected Strike","Clash"],"picked":"SKIP","floor":13},{"not_picked":["Clash","Metallicize","Blood for Blood"],"picked":"SKIP","floor":14},{"not_picked":["Combust","Infernal Blade","Sword Boomerang"],"picked":"SKIP","floor":14},{"not_picked":["Berserk","Fiend Fire"],"picked":"Reaper","floor":16},{"not_picked":["Flex+1","Burning Pact"],"picked":"Evolve","floor":18},{"not_picked":["Armaments","Heavy Blade","Clash"],"picked":"SKIP","floor":18},{"not_picked":["True Grit","Cleave"],"picked":"Shrug It Off","floor":20},{"not_picked":["Evolve","Feel No Pain","Seeing Red"],"picked":"SKIP","floor":20},{"not_picked":["Anger","Clash"],"picked":"Spot Weakness+1","floor":24},{"not_picked":["Pommel Strike","Dark Embrace"],"picked":"Entrench","floor":24},{"not_picked":["Twin Strike","Warcry"],"picked":"Body Slam","floor":27},{"not_picked":["Carnage+1","Sword Boomerang"],"picked":"Shrug It Off","floor":27},{"not_picked":["Thunderclap","Bloodletting+1"],"picked":"Shockwave","floor":31},{"not_picked":["Hemokinesis","Evolve+1","Clash"],"picked":"SKIP","floor":31}],"player_experience":302051,"relics_obtained":[{"floor":7,"key":"Omamori"},{"floor":9,"key":"Prayer Wheel"},{"floor":11,"key":"Bronze Scales"},{"floor":21,"key":"Red Mask"},{"floor":26,"key":"Ancient Tea Set"}],"event_choices":[{"damage_healed":0,"gold_gain":0,"player_choice":"Bought 1 Potion","damage_taken":0,"max_hp_gain":0,"max_hp_loss":0,"event_name":"The Woman in Blue","floor":2,"gold_loss":0},{"cards_removed":["Strike_R"],"damage_healed":0,"gold_gain":0,"player_choice":"Forget","damage_taken":0,"max_hp_gain":0,"max_hp_loss":0,"event_name":"Living Wall","floor":4,"gold_loss":0},{"damage_healed":0,"gold_gain":0,"player_choice":"0 cards matched","damage_taken":0,"max_hp_gain":0,"max_hp_loss":0,"event_name":"Match and Keep!","floor":19,"gold_loss":0,"cards_obtained":[]},{"damage_healed":0,"gold_gain":0,"player_choice":"Fought Bandits","damage_taken":0,"max_hp_gain":0,"max_hp_loss":0,"event_name":"Masked Bandits","floor":21,"gold_loss":0},{"damage_healed":0,"gold_gain":0,"player_choice":"Inject Mutagens","damage_taken":0,"relics_obtained":["MutagenicStrength"],"max_hp_gain":0,"max_hp_loss":0,"event_name":"Drug Dealer","floor":29,"gold_loss":0},{"damage_healed":0,"gold_gain":0,"player_choice":"Read","damage_taken":0,"max_hp_gain":0,"max_hp_loss":0,"event_name":"The Library","floor":30,"gold_loss":0,"cards_obtained":["Rampage"]}],"is_beta":false,"boss_relics":[{"not_picked":["Calling Bell","Runic Pyramid"],"picked":"Mark of Pain"}],"items_purged_floors":[],"is_endless":false,"potions_floor_spawned":[1,7,12,18,21,24],"killed_by":"Champ","ascension_level":14}