{"gold_per_floor":[112,112,32,45,320,320,347,347,426,114,144,144,159,170,170,275,275,289,1,17,33,46,46,62,62],"floor_reached":25,"playtime":992,"items_purged":["Regret"],"score":381,"play_id":"5ece3de5-0ebe-4b63-9b79-98993a1fb3bb","local_time":"20181215122255","is_ascension_mode":true,"campfire_choices":[{"data":"Core Surge","floor":6,"key":"SMITH"},{"data":"Zap","floor":8,"key":"SMITH"},{"data":"Sunder","floor":12,"key":"SMITH"},{"data":"Rainbow","floor":15,"key":"SMITH"},{"data":"Enlightenment","floor":23,"key":"SMITH"}],"neow_cost":"NONE","seed_source_timestamp":276060116524536,"circlet_count":0,"master_deck":["AscendersBane","Strike_B","Strike_B","Strike_B","Strike_B","Defend_B","Defend_B","Defend_B","Defend_B","Zap+1","Dualcast+1","Ball Lightning","Regret","Core Surge+1","Leap","Go for the Eyes","Sunder+1","Steam Power+1","Enlightenment+1","Rainbow+1","Conserve Battery","Turbo","Seek","Tempest","Stack","Meteor Strike","Reprogram"],"relics":["Cracked Core","NeowsBlessing","Cables","Ice Cream","Singing Bowl","War Paint","Cursed Key","Symbiotic Virus"],"potions_floor_usage":[16,22,25],"damage_taken":[{"damage":0,"enemies":"Small Slimes","floor":1,"turns":1},{"damage":0,"enemies":"2 Louse","floor":4,"turns":1},{"damage":0,"enemies":"Lagavulin","floor":7,"turns":1},{"damage":13,"enemies":"3 Sentries","floor":11,"turns":5},{"damage":8,"enemies":"Cultist","floor":13,"turns":3},{"damage":3,"enemies":"3 Louse","floor":14,"turns":2},{"damage":21,"enemies":"Slime Boss","floor":16,"turns":8},{"damage":4,"enemies":"3 Byrds","floor":18,"turns":5},{"damage":13,"enemies":"Shell Parasite","floor":20,"turns":5},{"damage":1,"enemies":"Cultist and Chosen","floor":21,"turns":4},{"damage":4,"enemies":"Centurion and Healer","floor":22,"turns":3},{"damage":19,"enemies":"Snake Plant","floor":24,"turns":2},{"damage":27,"enemies":"Book of Stabbing","floor":25,"turns":5}],"seed_played":"3778250775532048871","potions_obtained":[{"floor":4,"key":"Swift Potion"},{"floor":13,"key":"Block Potion"},{"floor":16,"key":"Ancient Potion"},{"floor":22,"key":"FearPotion"},{"floor":24,"key":"SkillPotion"}],"is_trial":false,"path_per_floor":["M","?","$","M","?","R","E","R","T","$","E","R","M","M","R","B",null,"M","$","M","M","M","R","M","E"],"character_chosen":"DEFECT","items_purchased":["Core Surge","Sunder","Steam Power","Enlightenment","Symbiotic Virus","Stack"],"campfire_rested":0,"item_purchase_floors":[3,10,10,10,19,19],"current_hp_per_floor":[68,68,68,68,68,68,68,68,68,68,55,55,47,44,44,23,62,58,58,45,46,42,42,25,0],"gold":62,"neow_bonus":"THREE_ENEMY_KILL","is_prod":false,"is_daily":false,"chose_seed":false,"campfire_upgraded":5,"win_rate":0,"timestamp":1544872975,"path_taken":["M","?","$","M","?","R","E","R","T","$","E","R","M","M","R","BOSS","M","$","M","M","M","R","M","E"],"build_version":"2018-12-13","purchased_purges":1,"victory":false,"max_hp_per_floor":[75,75,75,75,75,75,75,75,75,75,75,75,75,75,75,75,75,75,75,75,77,77,77,79,79],"card_choices":[{"not_picked":["Rebound","Go for the Eyes"],"picked":"Ball Lightning","floor":1},{"not_picked":["FTL","Fusion"],"picked":"Leap","floor":4},{"not_picked":["Ball Lightning","Rebound"],"picked":"Go for the Eyes","floor":7},{"not_picked":["Consume","Darkness"],"picked":"Rainbow","floor":11},{"not_picked":["Steam","Hologram"],"picked":"Conserve Battery","floor":13},{"not_picked":["Hologram","Gash"],"picked":"Turbo","floor":14},{"not_picked":["Reboot","Rainbow"],"picked":"Seek","floor":16},{"not_picked":["Ball Lightning","Turbo"],"picked":"Tempest","floor":18},{"not_picked":["Gash","Melter"],"picked":"Meteor Strike","floor":20},{"not_picked":["Compile Driver","Heatsinks","Go for the Eyes"],"picked":"Singing Bowl","floor":21},{"not_picked":["Force Field+1","Compile Driver"],"picked":"Reprogram","floor":22},{"not_picked":["Rebound","Go for the Eyes","Conserve Battery"],"picked":"Singing Bowl","floor":24}],"player_experience":378725,"relics_obtained":[{"floor":7,"key":"Ice Cream"},{"floor":9,"key":"Singing Bowl"},{"floor":11,"key":"War Paint"}],"event_choices":[{"damage_healed":0,"gold_gain":0,"player_choice":"Box","damage_taken":0,"relics_obtained":["Cables"],"max_hp_gain":0,"max_hp_loss":0,"event_name":"Big Fish","floor":2,"gold_loss":0,"cards_obtained":["Regret"]},{"damage_healed":0,"gold_gain":275,"player_choice":"Desecrate","damage_taken":0,"max_hp_gain":0,"max_hp_loss":0,"event_name":"Golden Shrine","floor":5,"gold_loss":0,"cards_obtained":["Regret"]}],"is_beta":false,"boss_relics":[{"not_picked":["Inserter","Ectoplasm"],"picked":"Cursed Key"}],"items_purged_floors":[10],"is_endless":false,"potions_floor_spawned":[4,13,16,20,22,24],"killed_by":"Book of Stabbing","ascension_level":12}