{"gold_per_floor":[111,122,133,133,153,153,183,183,209,224,149,149,182,202,202,273,273,293,319,246,246,246,246],"floor_reached":23,"playtime":1072,"items_purged":[],"score":548,"play_id":"1b3092e6-2e2a-4280-abb8-cf39e73275c3","local_time":"20181210195338","daily_mods":["SealedDeck"],"is_ascension_mode":true,"campfire_choices":[{"data":"Defragment","floor":6,"key":"SMITH"},{"data":"Go for the Eyes","floor":8,"key":"SMITH"},{"data":"Capacitor","floor":15,"key":"SMITH"}],"neow_cost":"","seed_source_timestamp":0,"circlet_count":0,"master_deck":["AscendersBane","Chaos+1","Rebound","Sweeping Beam","Coolheaded+1","Compile Driver","Reinforced Body","Chill","Defragment+1","Gash","Cold Snap","Conserve Battery","Go for the Eyes+1","Capacitor+1","Blizzard","Fission"],"relics":["Cracked Core","Strawberry","Juzu Bracelet","Omamori","Inserter","Red Mask","Turnip"],"potions_floor_usage":[7,13,23],"damage_taken":[{"damage":4,"enemies":"2 Louse","floor":1,"turns":2},{"damage":0,"enemies":"Cultist","floor":2,"turns":3},{"damage":0,"enemies":"Small Slimes","floor":3,"turns":3},{"damage":2,"enemies":"Blue Slaver","floor":5,"turns":3},{"damage":0,"enemies":"3 Sentries","floor":7,"turns":4},{"damage":15,"enemies":"3 Louse","floor":10,"turns":3},{"damage":6,"enemies":"Gremlin Nob","floor":13,"turns":3},{"damage":8,"enemies":"Red Slaver","floor":14,"turns":5},{"damage":0,"enemies":"The Guardian","floor":16,"turns":11},{"damage":2,"enemies":"3 Byrds","floor":18,"turns":3},{"damage":4,"enemies":"Masked Bandits","floor":19,"turns":3},{"damage":15,"enemies":"Colosseum Slavers","floor":21,"turns":4},{"damage":47,"enemies":"Slavers","floor":23,"turns":5}],"seed_played":"8029853567047239324","potions_obtained":[{"floor":1,"key":"Fire Potion"},{"floor":3,"key":"Weak Potion"},{"floor":4,"key":"PowerPotion"},{"floor":19,"key":"Swift Potion"}],"is_trial":true,"path_per_floor":["M","M","M","?","M","R","E","R","T","M","$","?","E","M","R","B",null,"M","?","?","?","?","E"],"character_chosen":"DEFECT","items_purchased":["Blizzard"],"campfire_rested":0,"item_purchase_floors":[11],"current_hp_per_floor":[60,60,60,60,58,58,65,65,65,50,50,27,21,13,13,13,62,60,56,56,41,41,0],"gold":246,"neow_bonus":"","is_prod":false,"is_daily":false,"chose_seed":false,"campfire_upgraded":3,"win_rate":0,"timestamp":1544500418,"path_taken":["M","M","M","?","M","R","E","R","T","M","$","?","E","M","R","BOSS","M","?","?","?","?","E"],"build_version":"2018-12-06","purchased_purges":0,"victory":false,"max_hp_per_floor":[71,71,71,71,71,71,78,78,78,78,78,78,78,78,78,78,78,78,78,78,78,78,78],"card_choices":[{"not_picked":["Redo","Turbo"],"picked":"Conserve Battery","floor":1},{"not_picked":["Auto Shields","Turbo"],"picked":"Go for the Eyes","floor":2},{"not_picked":["Steam","Consume","All For One"],"picked":"SKIP","floor":3},{"not_picked":["Hologram","Turbo","White Noise"],"picked":"SKIP","floor":5},{"not_picked":["Steam","Recycle","Reinforced Body"],"picked":"SKIP","floor":7},{"not_picked":["Steam Power","Compile Driver"],"picked":"Capacitor","floor":10},{"not_picked":["Darkness","Compile Driver","Gash"],"picked":"SKIP","floor":13},{"not_picked":["Beam Cell","Scrape","Hologram"],"picked":"SKIP","floor":14},{"not_picked":["Meteor Strike","Thunder Strike"],"picked":"Fission","floor":16},{"not_picked":["Hologram","Steam","Ball Lightning"],"picked":"SKIP","floor":18}],"player_experience":1768153,"relics_obtained":[{"floor":7,"key":"Strawberry"},{"floor":9,"key":"Juzu Bracelet"},{"floor":13,"key":"Omamori"},{"floor":19,"key":"Red Mask"}],"event_choices":[{"damage_healed":0,"gold_gain":0,"player_choice":"Got Potions","damage_taken":0,"max_hp_gain":0,"max_hp_loss":0,"event_name":"Lab","floor":4,"gold_loss":0},{"damage_healed":0,"gold_gain":0,"player_choice":"Entered Light","damage_taken":23,"max_hp_gain":0,"max_hp_loss":0,"event_name":"Shining Light","floor":12,"gold_loss":0,"cards_upgraded":["Coolheaded","Chaos"]},{"damage_healed":0,"gold_gain":0,"player_choice":"Fought Bandits","damage_taken":0,"max_hp_gain":0,"max_hp_loss":0,"event_name":"Masked Bandits","floor":19,"gold_loss":0},{"damage_healed":0,"gold_gain":0,"player_choice":"Paid Gold","damage_taken":0,"relics_obtained":["Turnip"],"max_hp_gain":0,"max_hp_loss":0,"event_name":"WeMeetAgain","floor":20,"gold_loss":73},{"damage_healed":0,"gold_gain":0,"player_choice":"Fight","damage_taken":0,"max_hp_gain":0,"max_hp_loss":0,"event_name":"Colosseum","floor":21,"gold_loss":0},{"damage_healed":0,"gold_gain":0,"player_choice":"Fled From Nobs","damage_taken":0,"max_hp_gain":0,"max_hp_loss":0,"event_name":"Colosseum","floor":21,"gold_loss":0},{"damage_healed":0,"gold_gain":0,"player_choice":"Ignored","damage_taken":0,"max_hp_gain":0,"max_hp_loss":0,"event_name":"Cursed Tome","floor":22,"gold_loss":0}],"is_beta":false,"boss_relics":[{"not_picked":["Eternal Feather","Empty Cage"],"picked":"Inserter"}],"items_purged_floors":[],"is_endless":false,"potions_floor_spawned":[1,3,5,19,21],"killed_by":"Slavers","ascension_level":20}