{"gold_per_floor":[119,119,142,158,179,210,210,245,299,324,324,347,1,1,1,91,91,115,131,131,131,131,131,167,181,181,181,205,205,205,75,75,164,164,184,184,202,226,241,241,284,284,284,297,332,332],"floor_reached":46,"playtime":2047,"items_purged":["Heavy Blade"],"score":1070,"play_id":"0263d26b-9ba4-4eb4-bb6f-866741b2db82","local_time":"20180928203543","is_ascension_mode":true,"campfire_choices":[{"floor":7.0,"key":"REST"},{"data":"Carnage","floor":11.0,"key":"SMITH"},{"data":"Limit Break","floor":15.0,"key":"SMITH"},{"floor":23.0,"key":"REST"},{"floor":27.0,"key":"REST"},{"data":"Shockwave","floor":29.0,"key":"SMITH"},{"floor":32.0,"key":"REST"},{"floor":40.0,"key":"REST"},{"data":"Demon Form","floor":42.0,"key":"SMITH"}],"neow_cost":"NONE","seed_source_timestamp":6482672636283,"circlet_count":0,"master_deck":["Strike_R+1","Strike_R+1","Strike_R+1","Strike_R+1","Strike_R+1","Defend_R+1","Defend_R+1","Defend_R+1","Defend_R+1","Bash","AscendersBane","Shockwave+1","Carnage+1","Battle Trance","Power Through+1","Limit Break+1","Feel No Pain","Inflame","Double Tap+1","Uppercut","Clothesline","Heavy Blade+1","Bludgeon","Demon Form+1","Heavy Blade","Whirlwind","Dual Wield+1","Heavy Blade","Shrug It Off+1"],"special_seed":0,"relics":["Burning Blood","Regal Pillow","Golden Idol","Dream Catcher","Question Card","Omamori","Mummified Hand","Snecko Eye","PreservedInsect","Sundial","Black Star","Matryoshka","Toxic Egg 2","Juzu Bracelet","War Paint","Self Forming Clay","Pantograph"],"potions_floor_usage":[45,45],"damage_taken":[{"damage":5.0,"enemies":"Small Slimes","floor":1.0,"turns":3.0},{"damage":10.0,"enemies":"Jaw Worm","floor":3.0,"turns":6.0},{"damage":0.0,"enemies":"Cultist","floor":4.0,"turns":2.0},{"damage":2.0,"enemies":"3 Louse","floor":5.0,"turns":2.0},{"damage":35.0,"enemies":"Lagavulin","floor":6.0,"turns":6.0},{"damage":36.0,"enemies":"Gremlin Nob","floor":8.0,"turns":4.0},{"damage":11.0,"enemies":"Large Slime","floor":10.0,"turns":8.0},{"damage":13.0,"enemies":"Blue Slaver","floor":12.0,"turns":2.0},{"damage":10.0,"enemies":"Hexaghost","floor":16.0,"turns":7.0},{"damage":16.0,"enemies":"2 Thieves","floor":18.0,"turns":3.0},{"damage":24.0,"enemies":"Shell Parasite","floor":19.0,"turns":5.0},{"damage":17.0,"enemies":"Colosseum Slavers","floor":22.0,"turns":4.0},{"damage":54.0,"enemies":"Gremlin Leader","floor":24.0,"turns":7.0},{"damage":10.0,"enemies":"Snecko","floor":25.0,"turns":3.0},{"damage":15.0,"enemies":"Chosen and Byrds","floor":28.0,"turns":6.0},{"damage":34.0,"enemies":"Champ","floor":33.0,"turns":17.0},{"damage":39.0,"enemies":"3 Darklings","floor":35.0,"turns":5.0},{"damage":20.0,"enemies":"Orb Walker","floor":37.0,"turns":4.0},{"damage":31.0,"enemies":"Sphere and 2 Shapes","floor":38.0,"turns":6.0},{"damage":4.0,"enemies":"Transient","floor":39.0,"turns":6.0},{"damage":15.0,"enemies":"2 Orb Walkers","floor":41.0,"turns":3.0},{"damage":22.0,"enemies":"Maw","floor":44.0,"turns":4.0},{"damage":18,"enemies":"Nemesis","floor":45,"turns":5},{"damage":18,"enemies":"Reptomancer","floor":46,"turns":3}],"seed_played":"-2308487408494041783","potions_obtained":[{"floor":3.0,"key":"Explosive Potion"},{"floor":4.0,"key":"Explosive Potion"},{"floor":5.0,"key":"GamblersBrew"},{"floor":12.0,"key":"Energy Potion"},{"floor":16.0,"key":"Regen Potion"},{"floor":18.0,"key":"Dexterity Potion"},{"floor":19.0,"key":"Dexterity Potion"},{"floor":35.0,"key":"Strength Potion"},{"floor":37.0,"key":"SpeedPotion"},{"floor":41.0,"key":"Dexterity Potion"},{"floor":44.0,"key":"Dexterity Potion"},{"floor":45,"key":"Dexterity Potion"}],"is_trial":false,"path_per_floor":["M","?","M","M","M","E","R","E","T","M","R","M","$","?","R","B",null,"M","M","?","?","?","R","E","M","T","R","M","R","?","$","R","B",null,"M","?","M","M","M","R","E","R","T","M","E"],"character_chosen":"IRONCLAD","items_purchased":["Mummified Hand","SteroidPotion","PowerPotion"],"campfire_rested":5,"item_purchase_floors":[13,13,31],"current_hp_per_floor":[69,43,39,45,49,20,57,27,27,22,22,15,15,15,15,11,59,58,40,40,40,29,66,18,14,14,51,42,42,42,42,75,47,68,35,50,36,11,13,50,41,41,41,25,13,0],"gold":332,"neow_bonus":"RANDOM_COMMON_RELIC","is_prod":false,"is_daily":false,"chose_seed":false,"campfire_upgraded":4,"win_rate":0,"timestamp":1538138143,"path_taken":["M","?","M","?","M","E","R","E","T","M","R","M","$","?","R","BOSS","M","M","?","?","?","R","E","?","T","R","M","R","?","$","R","BOSS","M","?","M","M","M","R","E","R","T","M","E","M"],"build_version":"2018-09-27","purchased_purges":1,"victory":false,"max_hp_per_floor":[75,75,75,75,75,75,75,75,75,75,75,75,75,75,75,75,75,75,75,75,75,75,75,75,75,75,75,75,75,75,75,75,75,75,75,75,75,75,75,75,75,75,75,75,75,75],"card_choices":[{"not_picked":["Twin Strike","Iron Wave"],"picked":"Shockwave","floor":1.0},{"not_picked":["Rampage","Warcry"],"picked":"Carnage","floor":3.0},{"not_picked":["Heavy Blade","True Grit"],"picked":"Battle Trance","floor":4.0},{"not_picked":["Clash","Spot Weakness"],"picked":"Power Through","floor":5.0},{"not_picked":["Flame Barrier","Warcry"],"picked":"Limit Break","floor":6.0},{"not_picked":["Iron Wave","Warcry"],"picked":"Feel No Pain","floor":7.0},{"not_picked":["Heavy Blade","Berserk","Seeing Red"],"picked":"SKIP","floor":8.0},{"not_picked":["Clash","Shockwave","Pommel Strike","Warcry"],"picked":"SKIP","floor":10.0},{"not_picked":["Armaments","Sever Soul","Anger"],"picked":"Inflame","floor":12.0},{"not_picked":["Brutality","Barricade","Bludgeon"],"picked":"Double Tap","floor":16.0},{"not_picked":["Dropkick","Body Slam","Armaments","Wild Strike"],"picked":"SKIP","floor":18.0},{"not_picked":["Wild Strike","Burning Pact","Armaments"],"picked":"Uppercut","floor":19.0},{"not_picked":["Evolve","Wild Strike","Seeing Red"],"picked":"Heavy Blade","floor":23.0},{"not_picked":["Iron Wave","Body Slam","Pommel Strike"],"picked":"Clothesline","floor":24.0},{"not_picked":["Anger","Twin Strike","Thunderclap","Wild Strike"],"picked":"SKIP","floor":25.0},{"not_picked":["Searing Blow","Spot Weakness","Pommel Strike"],"picked":"Heavy Blade+1","floor":27.0},{"not_picked":["Thunderclap","Anger","Headbutt+1","Inflame"],"picked":"SKIP","floor":28.0},{"not_picked":["Dark Embrace","Limit Break","Berserk"],"picked":"Demon Form","floor":33.0},{"not_picked":["Shrug It Off","Armaments+1","Sever Soul","Heavy Blade"],"picked":"SKIP","floor":35.0},{"not_picked":["Body Slam","Inflame","Warcry","Thunderclap+1"],"picked":"SKIP","floor":37.0},{"not_picked":["Hemokinesis+1","Shrug It Off","Wild Strike","Metallicize"],"picked":"SKIP","floor":38.0},{"not_picked":["Warcry","Intimidate","Power Through"],"picked":"Heavy Blade","floor":39.0},{"not_picked":["Wild Strike","Feel No Pain","Clash"],"picked":"Whirlwind","floor":40.0},{"not_picked":["Power Through+1","Feed","Battle Trance+1"],"picked":"Dual Wield+1","floor":41.0},{"not_picked":["Pummel","Sword Boomerang","Clash"],"picked":"Heavy Blade","floor":44.0},{"not_picked":["Wild Strike+1","Headbutt","Evolve"],"picked":"Shrug It Off+1","floor":45}],"player_experience":1690608,"relics_obtained":[{"floor":6.0,"key":"Dream Catcher"},{"floor":8.0,"key":"Question Card"},{"floor":9.0,"key":"Omamori"},{"floor":24.0,"key":"PreservedInsect"},{"floor":26.0,"key":"Sundial"},{"floor":41.0,"key":"Matryoshka"},{"floor":41.0,"key":"Toxic Egg 2"},{"floor":43.0,"key":"Juzu Bracelet"},{"floor":43.0,"key":"War Paint"},{"floor":45,"key":"Self Forming Clay"},{"floor":45,"key":"Pantograph"}],"event_choices":[{"event_name":"Golden Idol","player_choice":"Take Damage","floor":2.0,"damage_taken":0.0},{"event_name":"Liars Game","player_choice":"disagreed","floor":14.0,"damage_taken":0.0},{"event_name":"Back to Basics","player_choice":"Simplicity","floor":20.0,"damage_taken":0.0},{"event_name":"Ghosts","player_choice":"Ignored","floor":21.0,"damage_taken":0.0},{"event_name":"Colosseum","player_choice":"Fight","floor":22.0,"damage_taken":0.0},{"event_name":"Colosseum","player_choice":"Fled From Nobs","floor":22.0,"damage_taken":0.0},{"event_name":"The Library","player_choice":"Read","floor":30.0,"damage_taken":0.0},{"event_name":"Winding Halls","player_choice":"Writhe","floor":36.0,"damage_taken":0.0}],"is_beta":false,"boss_relics":[{"not_picked":["Runic Dome","Ectoplasm"],"picked":"Snecko Eye"},{"not_picked":["Tiny House","Runic Pyramid"],"picked":"Black Star"}],"items_purged_floors":[31],"is_endless":false,"potions_floor_spawned":[3,4,5,12,16,18,19,35,37,41,44,45],"killed_by":"Reptomancer","ascension_level":20}