{"gold_per_floor":[112,112,124,45,61,96,96,124,147,72,72,83,83],"floor_reached":13,"playtime":319,"items_purged":["Defend_R"],"score":186,"play_id":"97071cd7-b688-4de9-87ae-520a50d42ece","local_time":"20181224164141","is_ascension_mode":true,"campfire_choices":[{"data":"Perfected Strike","floor":7.0,"key":"SMITH"},{"data":"Wild Strike","floor":11.0,"key":"SMITH"}],"neow_cost":"NONE","seed_source_timestamp":5160806909146,"circlet_count":0,"master_deck":["AscendersBane","Strike_R","Strike_R","Strike_R","Strike_R","Strike_R","Defend_R","Defend_R","Bash","Perfected Strike+1","Entrench","Power Through","Wild Strike+1"],"special_seed":0,"relics":["Burning Blood","NeowsBlessing","Strawberry","Centennial Puzzle","Pen Nib"],"potions_floor_usage":[],"damage_taken":[{"damage":0.0,"enemies":"Small Slimes","floor":1.0,"turns":1.0},{"damage":0.0,"enemies":"Cultist","floor":3.0,"turns":1.0},{"damage":0.0,"enemies":"Jaw Worm","floor":5.0,"turns":1.0},{"damage":52.0,"enemies":"Lagavulin","floor":6.0,"turns":10.0},{"damage":25.0,"enemies":"Gremlin Nob","floor":8.0,"turns":4.0},{"damage":4.0,"enemies":"Exordium Wildlife","floor":12.0,"turns":4.0},{"damage":25,"enemies":"Lagavulin","floor":13,"turns":4}],"seed_played":"-579508683476478613","potions_obtained":[{"floor":5.0,"key":"SpeedPotion"},{"floor":6.0,"key":"EssenceOfSteel"}],"is_trial":false,"path_per_floor":["M","?","M","$","M","E","R","E","T","$","R","M","E"],"character_chosen":"IRONCLAD","items_purchased":["Power Through"],"campfire_rested":0,"item_purchase_floors":[4],"current_hp_per_floor":[74,74,75,75,75,36,36,17,17,17,17,19,0],"gold":83,"neow_bonus":"THREE_ENEMY_KILL","is_prod":false,"is_daily":false,"chose_seed":false,"campfire_upgraded":2,"win_rate":0,"timestamp":1545640901,"path_taken":["M","?","M","$","?","E","R","E","T","?","R","M","E"],"build_version":"2018-12-20","purchased_purges":1,"victory":false,"max_hp_per_floor":[75,75,75,75,75,82,82,82,82,82,82,82,82],"card_choices":[{"not_picked":["Flame Barrier","Wild Strike"],"picked":"Perfected Strike","floor":1.0},{"not_picked":["Disarm","Fire Breathing"],"picked":"Entrench","floor":3.0},{"not_picked":["Flex","Sever Soul"],"picked":"Wild Strike","floor":5.0},{"not_picked":["Body Slam","Warcry","Wild Strike"],"picked":"SKIP","floor":6.0},{"not_picked":["Exhume","Warcry","Dark Embrace"],"picked":"SKIP","floor":8.0},{"not_picked":["Wild Strike","Metallicize","Flex"],"picked":"SKIP","floor":12.0}],"player_experience":2433412,"relics_obtained":[{"floor":6.0,"key":"Strawberry"},{"floor":8.0,"key":"Centennial Puzzle"},{"floor":9.0,"key":"Pen Nib"}],"event_choices":[{"cards_removed":["Defend_R"],"damage_healed":0.0,"max_hp_gain":0.0,"max_hp_loss":0.0,"gold_gain":0.0,"event_name":"Purifier","player_choice":"Purged","floor":2.0,"gold_loss":0.0,"damage_taken":0.0}],"is_beta":false,"boss_relics":[],"items_purged_floors":[10],"is_endless":false,"potions_floor_spawned":[5,6],"killed_by":"Lagavulin","ascension_level":20}