{"gold_per_floor":[99,42,42,42,42,42,42,42,42,42,42,42,42,42,42,42,42,42,42,42,42,42],"floor_reached":22,"playtime":912,"items_purged":[],"score":335,"play_id":"14982fce-90db-4f58-970a-16f4f38d7b44","local_time":"20190324031210","is_ascension_mode":true,"campfire_choices":[{"data":"Rip and Tear","floor":6.0,"key":"SMITH"},{"data":"Sweeping Beam","floor":8.0,"key":"SMITH"},{"data":"Force Field","floor":11.0,"key":"SMITH"},{"data":"White Noise","floor":15.0,"key":"SMITH"}],"neow_cost":"NONE","seed_source_timestamp":278351364728470,"circlet_count":0,"master_deck":["AscendersBane","Strike_B","Strike_B","Strike_B","Strike_B","Defend_B","Defend_B","Defend_B","Defend_B","Zap","Dualcast","Self Repair","Rip and Tear+1","Force Field+1","Sweeping Beam+1","White Noise+1","Multi-Cast","Undo","Shame","Buffer","Leap","Hologram","Go for the Eyes"],"special_seed":0,"relics":["Ectoplasm","Odd Mushroom","Bag of Preparation","Pen Nib","Sozu"],"potions_floor_usage":[],"damage_taken":[{"damage":2.0,"enemies":"2 Louse","floor":1.0,"turns":2.0},{"damage":8.0,"enemies":"Jaw Worm","floor":4.0,"turns":4.0},{"damage":0.0,"enemies":"Cultist","floor":5.0,"turns":4.0},{"damage":8.0,"enemies":"The Mushroom Lair","floor":7.0,"turns":5.0},{"damage":0.0,"enemies":"Blue Slaver","floor":12.0,"turns":3.0},{"damage":4.0,"enemies":"Red Slaver","floor":13.0,"turns":2.0},{"damage":14.0,"enemies":"Lagavulin","floor":14.0,"turns":6.0},{"damage":15.0,"enemies":"Hexaghost","floor":16.0,"turns":9.0},{"damage":8,"enemies":"Chosen","floor":18,"turns":5},{"damage":0,"enemies":"3 Byrds","floor":20,"turns":2},{"damage":36,"enemies":"Snake Plant","floor":21,"turns":8},{"damage":49,"enemies":"Sentry and Sphere","floor":22,"turns":9}],"seed_played":"2114108802306967014","potions_obtained":[{"floor":1.0,"key":"Ancient Potion"},{"floor":4.0,"key":"Fruit Juice"},{"floor":5.0,"key":"Ancient Potion"},{"floor":13.0,"key":"PowerPotion"}],"is_trial":false,"path_per_floor":["M","?","$","M","M","R","?","R","T","$","R","M","M","E","R","B",null,"M","?","M","M","M"],"character_chosen":"DEFECT","items_purchased":[],"campfire_rested":0,"item_purchase_floors":[],"current_hp_per_floor":[62,62,62,61,73,73,72,72,72,72,72,76,76,69,69,61,72,71,71,76,47,0],"gold":42,"neow_bonus":"BOSS_RELIC","is_prod":false,"is_daily":false,"chose_seed":false,"campfire_upgraded":4,"win_rate":0,"timestamp":1553393530,"path_taken":["M","?","$","M","M","R","?","R","T","?","R","?","M","E","R","BOSS","M","?","M","M","M"],"build_version":"2019-01-23","purchased_purges":0,"victory":false,"max_hp_per_floor":[71,71,71,71,76,76,76,76,76,76,76,76,76,76,76,76,76,76,76,76,76,76],"card_choices":[{"not_picked":["BootSequence","Redo"],"picked":"Self Repair","floor":1.0},{"not_picked":["Barrage","Double Energy"],"picked":"Rip and Tear","floor":4.0},{"not_picked":["Beam Cell","Redo"],"picked":"Force Field","floor":5.0},{"not_picked":["Stack","Auto Shields"],"picked":"Sweeping Beam","floor":7.0},{"not_picked":["Turbo","Beam Cell","Compile Driver"],"picked":"SKIP","floor":12.0},{"not_picked":["Compile Driver","Conserve Battery","Steam Power"],"picked":"SKIP","floor":13.0},{"not_picked":["Sweeping Beam","Fission"],"picked":"White Noise","floor":14.0},{"not_picked":["All For One","Rainbow"],"picked":"Multi-Cast","floor":16.0},{"not_picked":["Gash","Heatsinks"],"picked":"Undo","floor":18},{"not_picked":["Darkness","Sunder"],"picked":"Hologram","floor":20},{"not_picked":["BootSequence","Compile Driver"],"picked":"Go for the Eyes","floor":21}],"player_experience":531438,"relics_obtained":[{"floor":7.0,"key":"Odd Mushroom"},{"floor":9.0,"key":"Bag of Preparation"},{"floor":14.0,"key":"Pen Nib"}],"event_choices":[{"damage_healed":0.0,"max_hp_gain":0.0,"max_hp_loss":0.0,"gold_gain":0.0,"event_name":"World of Goop","player_choice":"Left Gold","floor":2.0,"gold_loss":57.0,"damage_taken":0.0},{"damage_healed":0.0,"max_hp_gain":0.0,"max_hp_loss":0.0,"gold_gain":0.0,"event_name":"Mushrooms","player_choice":"Fought Mushrooms","floor":7.0,"gold_loss":0.0,"damage_taken":0.0},{"damage_healed":0,"gold_gain":0,"player_choice":"3 cards matched","damage_taken":0,"max_hp_gain":0,"max_hp_loss":0,"event_name":"Match and Keep!","floor":19,"gold_loss":0,"cards_obtained":["Shame","Buffer","Leap"]}],"is_beta":false,"boss_relics":[{"not_picked":["Cursed Key","Runic Dome"],"picked":"Sozu"}],"items_purged_floors":[],"is_endless":false,"potions_floor_spawned":[1,4,5,13,20,21],"killed_by":"Sentry and Sphere","ascension_level":16}