{"gold_per_floor":[116,116,137,104,204,204,204,204,278,321,346,346,346],"floor_reached":13,"playtime":415,"items_purged":[],"score":85,"play_id":"ec69e2a3-135f-4752-9ea3-9b88e4cc7eb1","local_time":"20181003210125","is_ascension_mode":true,"campfire_choices":[{"data":"Acrobatics","floor":6,"key":"SMITH"},{"data":"Neutralize","floor":8,"key":"SMITH"}],"neow_cost":"NONE","seed_source_timestamp":1468491424690543,"circlet_count":0,"master_deck":["Defend_G","Defend_G","Defend_G","Defend_G","Defend_G","Strike_G","Strike_G","Strike_G","Strike_G","Strike_G","Survivor","Neutralize+1","Slice","Acrobatics+1","Regret","Blade Dance","Cloak And Dagger"],"relics":["Coffee Dripper","Golden Idol","Pen Nib","Pantograph","Dodecahedron","Bottled Lightning"],"potions_floor_usage":[10],"damage_taken":[{"damage":0,"enemies":"Small Slimes","floor":1,"turns":3},{"damage":7,"enemies":"Jaw Worm","floor":3,"turns":6},{"damage":41,"enemies":"Gremlin Nob","floor":10,"turns":6},{"damage":10,"enemies":"Cultist","floor":11,"turns":4},{"damage":21,"enemies":"Lagavulin","floor":13,"turns":7}],"seed_played":"-9022228591460713271","potions_obtained":[{"floor":3,"key":"Regen Potion"}],"is_trial":false,"path_per_floor":["M","?","M","?","?","R","?","R","T","E","M","T"],"character_chosen":"THE_SILENT","items_purchased":[],"campfire_rested":0,"item_purchase_floors":[],"current_hp_per_floor":[70,65,58,58,58,58,58,58,58,26,16,16,0],"gold":346,"neow_bonus":"BOSS_RELIC","is_prod":false,"is_daily":false,"chose_seed":false,"campfire_upgraded":2,"win_rate":0,"timestamp":1538593285,"path_taken":["M","?","M","?","?","R","?","R","T","E","?","?","E"],"build_version":"2018-09-27","purchased_purges":0,"victory":false,"max_hp_per_floor":[70,65,65,65,65,65,65,65,65,65,65,65,65],"card_choices":[{"not_picked":["Sucker Punch","Prepared"],"picked":"Slice","floor":1},{"not_picked":["Deflect","Malaise"],"picked":"Acrobatics","floor":3},{"not_picked":["PiercingWail","Underhanded Strike"],"picked":"Blade Dance","floor":10},{"not_picked":["Finisher","Dagger Spray"],"picked":"Cloak And Dagger","floor":11}],"player_experience":56501,"relics_obtained":[{"floor":9,"key":"Pantograph"},{"floor":10,"key":"Dodecahedron"},{"floor":12,"key":"Bottled Lightning"}],"event_choices":[{"event_name":"Golden Idol","player_choice":"Lose Max HP","floor":2,"damage_taken":0},{"event_name":"World of Goop","player_choice":"Left","floor":4,"damage_taken":0},{"event_name":"Golden Shrine","player_choice":"Pray","floor":5,"damage_taken":0},{"event_name":"Big Fish","player_choice":"Box","floor":7,"damage_taken":0}],"is_beta":false,"boss_relics":[],"items_purged_floors":[],"is_endless":false,"potions_floor_spawned":[3],"killed_by":"Lagavulin","ascension_level":1}