{"gold_per_floor":[211,211,226,241,49,49,70,70,120,120,141,155,232,293,293,293],"floor_reached":16,"playtime":323,"items_purged":["Strike_B"],"score":179,"play_id":"d9e8e3de-b7f7-43ed-b0ec-12480b432beb","local_time":"20190310010422","is_ascension_mode":true,"campfire_choices":[{"data":"Doom and Gloom","floor":6,"key":"SMITH"},{"data":"Static Discharge","floor":8,"key":"SMITH"},{"data":"Zap","floor":10,"key":"SMITH"},{"data":"Tempest","floor":15,"key":"SMITH"}],"neow_cost":"NONE","seed_source_timestamp":711277888233482,"circlet_count":0,"master_deck":["AscendersBane","Strike_B+1","Strike_B+1","Strike_B","Defend_B","Defend_B","Defend_B","Defend_B","Zap+1","Dualcast","Doom and Gloom+1","Self Repair","Static Discharge+1","Ball Lightning","Turbo","Go for the Eyes","Tempest+1"],"relics":["Cracked Core","Golden Idol","Whetstone","Tiny Chest"],"potions_floor_usage":[11,12,14],"damage_taken":[{"damage":0,"enemies":"Small Slimes","floor":1,"turns":3},{"damage":2,"enemies":"Jaw Worm","floor":3,"turns":4},{"damage":0,"enemies":"2 Louse","floor":4,"turns":2},{"damage":0,"enemies":"Lots of Slimes","floor":7,"turns":1},{"damage":10,"enemies":"Red Slaver","floor":11,"turns":2},{"damage":7,"enemies":"Blue Slaver","floor":12,"turns":3},{"damage":16,"enemies":"Gremlin Nob","floor":14,"turns":3},{"damage":28,"enemies":"The Guardian","floor":16,"turns":4}],"seed_played":"3137141130407617888","potions_obtained":[{"floor":1,"key":"FocusPotion"},{"floor":7,"key":"EssenceOfSteel"},{"floor":11,"key":"Regen Potion"},{"floor":12,"key":"SteroidPotion"}],"is_trial":false,"path_per_floor":["M","?","M","M","$","R","M","R","T","R","M","M","?","E","R","B"],"character_chosen":"DEFECT","items_purchased":["Static Discharge","Ball Lightning"],"campfire_rested":0,"item_purchase_floors":[5,5],"current_hp_per_floor":[64,40,38,38,38,38,38,38,38,38,28,37,37,28,28,0],"gold":293,"neow_bonus":"HUNDRED_GOLD","is_prod":false,"is_daily":false,"chose_seed":false,"campfire_upgraded":4,"win_rate":0,"timestamp":1552176262,"path_taken":["M","?","M","M","$","R","M","R","T","R","M","M","?","E","R","BOSS"],"build_version":"2019-01-23","purchased_purges":1,"victory":false,"max_hp_per_floor":[71,71,71,71,71,71,71,71,71,71,71,71,71,71,71,71],"card_choices":[{"not_picked":["Blizzard","Cold Snap"],"picked":"Doom and Gloom","floor":1},{"not_picked":["Melter","Coolheaded","Compile Driver"],"picked":"SKIP","floor":3},{"not_picked":["Fission","FTL"],"picked":"Self Repair","floor":4},{"not_picked":["Rebound","Genetic Algorithm"],"picked":"Turbo","floor":7},{"not_picked":["Hologram","White Noise"],"picked":"Go for the Eyes","floor":11},{"not_picked":["Barrage","Turbo","Chill"],"picked":"SKIP","floor":12},{"not_picked":["Hello World","Stack"],"picked":"Tempest","floor":14}],"player_experience":524661,"relics_obtained":[{"floor":9,"key":"Whetstone"},{"floor":14,"key":"Tiny Chest"}],"event_choices":[{"damage_healed":0,"gold_gain":0,"player_choice":"Take Damage","damage_taken":24,"relics_obtained":["Golden Idol"],"max_hp_gain":0,"max_hp_loss":0,"event_name":"Golden Idol","floor":2,"gold_loss":0},{"damage_healed":0,"gold_gain":77,"player_choice":"Gained Gold","damage_taken":0,"max_hp_gain":0,"max_hp_loss":0,"event_name":"Golden Wing","floor":13,"gold_loss":0}],"is_beta":false,"boss_relics":[],"items_purged_floors":[5],"is_endless":false,"potions_floor_spawned":[1,7,11,12],"killed_by":"The Guardian","ascension_level":15}