{"gold_per_floor":[365,385,153,118,118,147,147,179,179,211,223,38,53,53,53,53],"floor_reached":16,"playtime":858,"items_purged":["Decay","Strike_G"],"score":207,"play_id":"811b090b-8a2f-452a-8755-41cb0e635e86","local_time":"20181130133426","is_ascension_mode":true,"campfire_choices":[{"data":"Neutralize","floor":7,"key":"SMITH"},{"data":"Choke","floor":15,"key":"SMITH"}],"neow_cost":"CURSE","seed_source_timestamp":20415808779130,"circlet_count":0,"master_deck":["AscendersBane","Defend_G","Defend_G","Defend_G","Defend_G","Defend_G","Strike_G","Strike_G","Strike_G","Survivor","Neutralize+1","Slice","Blur","Cloak And Dagger","Well Laid Plans","Dagger Throw","Flechettes","Crippling Poison","Dagger Spray","Infinite Blades","Choke+1"],"relics":["Ring of the Snake","FossilizedHelix","Bag of Preparation","Sundial","Omamori"],"potions_floor_usage":[6,8,16],"damage_taken":[{"damage":13,"enemies":"Jaw Worm","floor":1,"turns":7},{"damage":9,"enemies":"Small Slimes","floor":2,"turns":5},{"damage":43,"enemies":"Lagavulin","floor":6,"turns":13},{"damage":5,"enemies":"3 Sentries","floor":8,"turns":14},{"damage":7,"enemies":"Lagavulin","floor":10,"turns":10},{"damage":0,"enemies":"Cultist","floor":11,"turns":3},{"damage":0,"enemies":"Looter","floor":13,"turns":3},{"damage":15,"enemies":"Hexaghost","floor":16,"turns":9}],"seed_played":"-6439857452391133915","potions_obtained":[{"floor":1,"key":"Poison Potion"},{"floor":6,"key":"LiquidBronze"},{"floor":10,"key":"Ancient Potion"}],"is_trial":false,"path_per_floor":["M","M","$","?","?","E","R","E","T","E","M","$","M","?","R","B"],"character_chosen":"THE_SILENT","items_purchased":["Cloak And Dagger","Well Laid Plans","Regen Potion","Dagger Spray","Infinite Blades"],"campfire_rested":0,"item_purchase_floors":[3,3,3,12,12],"current_hp_per_floor":[46,37,37,53,53,10,10,20,20,13,13,13,13,13,13,0],"gold":53,"neow_bonus":"TWO_FIFTY_GOLD","is_prod":false,"is_daily":false,"chose_seed":false,"campfire_upgraded":2,"win_rate":0,"timestamp":1543613666,"path_taken":["M","M","$","?","?","E","R","E","T","E","?","$","M","?","R","BOSS"],"build_version":"2018-11-15","purchased_purges":2,"victory":false,"max_hp_per_floor":[66,66,66,66,66,66,66,66,66,66,66,66,66,66,66,66],"card_choices":[{"not_picked":["Backflip","Blade Dance"],"picked":"Slice","floor":1},{"not_picked":["Deadly Poison","Choke"],"picked":"Blur","floor":2},{"not_picked":["Deflect","Reflex"],"picked":"Dagger Throw","floor":6},{"not_picked":["Doppelganger","Concentrate"],"picked":"Flechettes","floor":8},{"not_picked":["Bane","Backflip"],"picked":"Crippling Poison","floor":10},{"not_picked":["Setup","Poisoned Stab","Bane"],"picked":"SKIP","floor":11},{"not_picked":["Acrobatics","Concentrate"],"picked":"Choke","floor":13}],"player_experience":1693785,"relics_obtained":[{"floor":6,"key":"FossilizedHelix"},{"floor":8,"key":"Bag of Preparation"},{"floor":10,"key":"Sundial"}],"event_choices":[{"damage_healed":16,"gold_gain":0,"player_choice":"Healed","damage_taken":0,"max_hp_gain":0,"max_hp_loss":0,"event_name":"The Cleric","floor":4,"gold_loss":35},{"cards_removed":["Strike_G"],"damage_healed":0,"gold_gain":0,"player_choice":"Purged","damage_taken":0,"max_hp_gain":0,"max_hp_loss":0,"event_name":"Purifier","floor":5,"gold_loss":0},{"damage_healed":0,"gold_gain":0,"player_choice":"Gave Potion","damage_taken":0,"relics_obtained":["Omamori"],"max_hp_gain":0,"max_hp_loss":0,"event_name":"WeMeetAgain","floor":14,"gold_loss":0}],"is_beta":false,"boss_relics":[],"items_purged_floors":[3,12],"is_endless":false,"potions_floor_spawned":[1,6,10],"killed_by":"Hexaghost","ascension_level":15}