{"gold_per_floor":[119,131,56,74,74,74,74,74,127,28,0,26,36,68,68,139,139,150,150,200,213,239,239,273,273,343,357,357,389,389,399,399,478,478,489,507,507,103,103,103,119,119,119,137,155,155,26,45,45,45],"floor_reached":51,"playtime":3450,"items_purged":["Strike_G"],"score":1194,"play_id":"26e0e4f0-e93c-43f2-b05a-946ea40b87dc","local_time":"20180715093115","is_ascension_mode":true,"campfire_choices":[{"data":"Cloak And Dagger","floor":6.0,"key":"SMITH"},{"data":"Neutralize","floor":8.0,"key":"SMITH"},{"data":"Bouncing Flask","floor":15.0,"key":"SMITH"},{"data":"Tools of the Trade","floor":23.0,"key":"SMITH"},{"floor":25.0,"key":"REST"},{"data":"Footwork","floor":28.0,"key":"SMITH"},{"data":"Glass Knife","floor":30.0,"key":"SMITH"},{"floor":32.0,"key":"REST"},{"data":"Catalyst","floor":40.0,"key":"SMITH"},{"floor":49,"key":"REST"}],"neow_cost":"TEN_PERCENT_HP_LOSS","seed_source_timestamp":3396360677185,"circlet_count":0,"master_deck":["Defend_G","Defend_G","Defend_G","Defend_G","Strike_G","Strike_G","Survivor","Neutralize+1","AscendersBane","Corpse Explosion","Quick Slash","Cloak And Dagger+1","Deadly Poison","Footwork+1","Sucker Punch","Dodge and Roll","Bouncing Flask+1","Tools of the Trade+1","Well Laid Plans","Acrobatics","PiercingWail","Backstab","Glass Knife+1","Noxious Fumes","Burst","Catalyst+1","PiercingWail","Backflip","Writhe","Deflect+1","Prepared","Finesse","Backflip"],"special_seed":0,"relics":["Ring of the Snake","Snake Skull","Oddly Smooth Stone","Mercury Hourglass","Lizard Tail","Art of War","Gremlin Horn","Singing Bowl","Mummified Hand","Cursed Key","Ice Cream"],"potions_floor_usage":[50,50],"damage_taken":[{"damage":0.0,"enemies":"Small Slimes","floor":1.0,"turns":5.0},{"damage":7.0,"enemies":"Jaw Worm","floor":2.0,"turns":5.0},{"damage":0.0,"enemies":"Cultist","floor":4.0,"turns":3.0},{"damage":19.0,"enemies":"Gremlin Nob","floor":12.0,"turns":5.0},{"damage":8.0,"enemies":"Large Slime","floor":13.0,"turns":6.0},{"damage":8.0,"enemies":"3 Sentries","floor":14.0,"turns":5.0},{"damage":5.0,"enemies":"Hexaghost","floor":16.0,"turns":8.0},{"damage":8.0,"enemies":"3 Byrds","floor":18.0,"turns":3.0},{"damage":4.0,"enemies":"Chosen","floor":21.0,"turns":4.0},{"damage":13.0,"enemies":"Gremlin Leader","floor":24.0,"turns":7.0},{"damage":2.0,"enemies":"Snecko","floor":27.0,"turns":5.0},{"damage":12.0,"enemies":"Book of Stabbing","floor":29.0,"turns":6.0},{"damage":0.0,"enemies":"Sentry and Sphere","floor":31.0,"turns":3.0},{"damage":20.0,"enemies":"Collector","floor":33.0,"turns":9.0},{"damage":9.0,"enemies":"Orb Walker","floor":35.0,"turns":4.0},{"damage":6.0,"enemies":"3 Darklings","floor":36.0,"turns":3.0},{"damage":5.0,"enemies":"Maw","floor":41.0,"turns":6.0},{"damage":6.0,"enemies":"4 Shapes","floor":44.0,"turns":5.0},{"damage":10.0,"enemies":"Spire Growth","floor":45.0,"turns":4.0},{"damage":14,"enemies":"Maw","floor":48,"turns":7},{"damage":33,"enemies":"Awakened One","floor":50,"turns":14}],"seed_played":"7957578004834477288","potions_obtained":[{"floor":1.0,"key":"Energy Potion"},{"floor":2.0,"key":"Dexterity Potion"},{"floor":13.0,"key":"AttackPotion"},{"floor":18.0,"key":"Explosive Potion"},{"floor":33.0,"key":"Swift Potion"},{"floor":41.0,"key":"Dexterity Potion"}],"is_trial":false,"path_per_floor":["M","M","?","M","?","R","?","R","T","$","?","E","M","E","R","B",null,"M","?","?","M","T","R","E","R","T","M","R","E","R","M","R","B",null,"M","M","?","$","?","R","M","?","T","M","M","?","$","M","R","B"],"character_chosen":"THE_SILENT","items_purchased":["Footwork","Sucker Punch","Backflip","Ice Cream","Strength Potion","Backflip"],"campfire_rested":3,"item_purchase_floors":[10,10,38,38,38,47],"current_hp_per_floor":[59,52,52,52,45,45,60,60,60,60,60,41,33,25,25,20,50,42,42,42,38,38,38,25,43,43,41,41,29,29,29,47,27,52,43,37,37,37,49,49,44,44,44,38,30,30,30,18,37,4],"gold":45,"neow_bonus":"THREE_RARE_CARDS","is_prod":false,"is_daily":false,"chose_seed":false,"campfire_upgraded":7,"win_rate":0,"timestamp":1531672275,"path_taken":["M","M","?","M","?","R","?","R","T","$","?","E","M","E","R","BOSS","M","?","?","?","?","R","E","R","T","M","R","E","R","M","R","BOSS","M","M","?","?","?","R","M","?","T","M","M","?","$","M","R","BOSS"],"build_version":"2018-07-12","purchased_purges":1,"victory":true,"max_hp_per_floor":[60,60,60,60,60,60,60,60,60,60,60,60,60,60,60,60,60,60,60,60,60,60,60,60,60,60,60,60,60,60,60,60,60,60,60,60,60,60,60,60,60,60,60,60,62,62,62,64,64,64],"card_choices":[{"not_picked":["Envenom","A Thousand Cuts"],"picked":"Corpse Explosion","floor":0.0},{"not_picked":["Calculated Gamble","Expertise"],"picked":"Quick Slash","floor":1.0},{"not_picked":["Eviscerate","Skewer"],"picked":"Cloak And Dagger","floor":2.0},{"not_picked":["Setup","Heel Hook"],"picked":"Deadly Poison","floor":4.0},{"not_picked":["Quick Slash","Deflect"],"picked":"Dodge and Roll","floor":12.0},{"not_picked":["Accuracy","Dagger Throw"],"picked":"Bouncing Flask","floor":13.0},{"not_picked":["Night Terror","Setup","A Thousand Cuts"],"picked":"SKIP","floor":14.0},{"not_picked":["Storm of Steel","Corpse Explosion"],"picked":"Tools of the Trade","floor":16.0},{"not_picked":["Quick Slash","Concentrate"],"picked":"Well Laid Plans","floor":18.0},{"not_picked":["Dagger Throw","All Out Attack"],"picked":"Acrobatics","floor":21.0},{"not_picked":["Terror","Sucker Punch"],"picked":"PiercingWail","floor":24.0},{"not_picked":["All Out Attack","Prepared"],"picked":"Backstab","floor":27.0},{"not_picked":["Deflect","Calculated Gamble"],"picked":"Glass Knife","floor":29.0},{"not_picked":["Quick Slash","Dagger Spray"],"picked":"Noxious Fumes","floor":31.0},{"not_picked":["Tools of the Trade","Venomology"],"picked":"Burst","floor":33.0},{"not_picked":["Choke","Dagger Spray"],"picked":"Catalyst","floor":35.0},{"not_picked":["Sucker Punch+1","Outmaneuver"],"picked":"PiercingWail","floor":36.0},{"not_picked":["Slice","Dagger Spray"],"picked":"Deflect+1","floor":41.0},{"not_picked":["Sucker Punch","Well Laid Plans"],"picked":"Prepared","floor":44.0},{"not_picked":["Deflect","Masterful Stab","Backstab"],"picked":"Singing Bowl","floor":45.0},{"not_picked":["Trip","Transmutation"],"picked":"Finesse","floor":46.0},{"not_picked":["Underhanded Strike","Quick Slash","Poisoned Stab+1"],"picked":"Singing Bowl","floor":48}],"player_experience":772153,"relics_obtained":[{"floor":9.0,"key":"Snake Skull"},{"floor":12.0,"key":"Oddly Smooth Stone"},{"floor":14.0,"key":"Mercury Hourglass"},{"floor":22.0,"key":"Art of War"},{"floor":24.0,"key":"Gremlin Horn"},{"floor":26.0,"key":"Singing Bowl"},{"floor":29.0,"key":"Mummified Hand"}],"event_choices":[{"event_name":"The Cleric","player_choice":"Card Removal","floor":3.0,"damage_taken":0.0},{"event_name":"Golden Wing","player_choice":"Card Removal","floor":5.0,"damage_taken":0.0},{"event_name":"Big Fish","player_choice":"Banana","floor":7.0,"damage_taken":0.0},{"event_name":"World of Goop","player_choice":"Left","floor":11.0,"damage_taken":0.0},{"event_name":"The Mausoleum","player_choice":"No","floor":19.0,"damage_taken":0.0},{"event_name":"The Joust","player_choice":"Bet on Murderer","floor":20.0,"damage_taken":0.0},{"event_name":"Mysterious Sphere","player_choice":"Ignore","floor":37.0,"damage_taken":0.0},{"event_name":"Winding Halls","player_choice":"Writhe","floor":39.0,"damage_taken":0.0},{"event_name":"Falling","player_choice":"Removed Skill","floor":42.0,"damage_taken":0.0},{"event_name":"SensoryStone","player_choice":"Memory 1","floor":46.0,"damage_taken":0.0}],"boss_relics":[{"not_picked":["Tiny House","Velvet Choker"],"picked":"Lizard Tail"},{"not_picked":["Calling Bell","Coffee Dripper"],"picked":"Cursed Key"}],"items_purged_floors":[47],"is_endless":false,"potions_floor_spawned":[1,2,13,18,21,33,41,45,48],"ascension_level":15}