{"gold_per_floor":[119,130,130,130,205,205,230,269,269,97,117,138,154,154,154,274,274,297,318,5,5],"floor_reached":21,"playtime":1365,"items_purged":["Injury"],"score":208,"play_id":"50a19917-e46b-464e-bef0-d8e1746a0b98","local_time":"20181122184623","is_ascension_mode":true,"campfire_choices":[{"data":"Neutralize","floor":6.0,"key":"SMITH"},{"floor":15.0,"key":"REST"}],"neow_cost":"NONE","seed_source_timestamp":3391442392044615,"circlet_count":0,"master_deck":["Defend_G","Defend_G","Defend_G","Defend_G","Defend_G","Strike_G","Strike_G","Strike_G","Strike_G","Strike_G","Survivor","Neutralize+1","Slice","Flying Knee","Backstab","Bouncing Flask","Footwork","Dagger Spray","Accuracy","Tools of the Trade","Envenom","Dash","Underhanded Strike"],"special_seed":0,"relics":["Ring of the Snake","Vajra","Golden Idol","Girya","Shovel","Cursed Key","Ice Cream"],"potions_floor_usage":[],"damage_taken":[{"damage":0.0,"enemies":"Small Slimes","floor":1.0,"turns":3.0},{"damage":0.0,"enemies":"2 Louse","floor":2.0,"turns":2.0},{"damage":12.0,"enemies":"Jaw Worm","floor":7.0,"turns":4.0},{"damage":16.0,"enemies":"3 Sentries","floor":8.0,"turns":9.0},{"damage":0.0,"enemies":"Looter","floor":11.0,"turns":1.0},{"damage":7.0,"enemies":"3 Louse","floor":12.0,"turns":2.0},{"damage":1.0,"enemies":"Large Slime","floor":13.0,"turns":4.0},{"damage":30.0,"enemies":"The Guardian","floor":16.0,"turns":10.0},{"damage":27.0,"enemies":"2 Thieves","floor":18.0,"turns":4.0},{"damage":36.0,"enemies":"Chosen","floor":19.0,"turns":5.0},{"damage":0,"enemies":"Snake Plant","floor":21,"turns":1}],"seed_played":"-7372874150129254257","potions_obtained":[{"floor":1.0,"key":"Ancient Potion"},{"floor":7.0,"key":"Dexterity Potion"},{"floor":8.0,"key":"Ancient Potion"},{"floor":12.0,"key":"SkillPotion"}],"is_trial":false,"path_per_floor":["M","M","$","?","?","R","M","E","T","$","M","M","M","?","R","B",null,"M","M","$","M"],"character_chosen":"THE_SILENT","items_purchased":["Footwork","Dagger Spray","Ice Cream"],"campfire_rested":1,"item_purchase_floors":[10,10,20],"current_hp_per_floor":[70,70,70,70,59,59,47,31,31,31,31,24,23,23,44,14,70,43,7,7,7],"gold":5,"neow_bonus":"RANDOM_COMMON_RELIC","is_prod":false,"is_daily":false,"chose_seed":false,"campfire_upgraded":1,"win_rate":0,"timestamp":1542930383,"path_taken":["M","M","$","?","?","R","M","E","T","$","M","M","?","?","R","BOSS","M","M","$","M"],"build_version":"2018-11-15","purchased_purges":1,"victory":false,"max_hp_per_floor":[70,70,70,70,70,70,70,70,70,70,70,70,70,70,70,70,70,70,70,70,70],"card_choices":[{"not_picked":["Calculated Gamble","Deadly Poison"],"picked":"Slice","floor":1.0},{"not_picked":["Escape Plan","Deadly Poison"],"picked":"Flying Knee","floor":2.0},{"not_picked":["Slice","PiercingWail"],"picked":"Backstab","floor":7.0},{"not_picked":["Riddle With Holes","Acrobatics"],"picked":"Bouncing Flask","floor":8.0},{"not_picked":["Deadly Poison","Deflect","Choke"],"picked":"SKIP","floor":11.0},{"not_picked":["Dagger Throw","Blade Dance"],"picked":"Accuracy","floor":12.0},{"not_picked":["Dagger Throw","Blade Dance"],"picked":"Tools of the Trade","floor":13.0},{"not_picked":["Corpse Explosion","A Thousand Cuts"],"picked":"Envenom","floor":16.0},{"not_picked":["PiercingWail+1","Bane+1"],"picked":"Dash","floor":18.0},{"not_picked":["Crippling Poison","Setup"],"picked":"Underhanded Strike","floor":19.0}],"player_experience":164807,"relics_obtained":[{"floor":8.0,"key":"Girya"},{"floor":9.0,"key":"Shovel"}],"event_choices":[{"damage_healed":0.0,"max_hp_gain":0.0,"max_hp_loss":0.0,"gold_gain":0.0,"event_name":"Golden Idol","player_choice":"Take Wound","floor":4.0,"gold_loss":0.0,"damage_taken":0.0,"relics_obtained":["Golden Idol"],"cards_obtained":["Injury"]},{"damage_healed":0.0,"max_hp_gain":0.0,"max_hp_loss":0.0,"gold_gain":75.0,"event_name":"World of Goop","player_choice":"Gather Gold","floor":5.0,"gold_loss":0.0,"damage_taken":11.0},{"damage_healed":0.0,"max_hp_gain":0.0,"max_hp_loss":0.0,"gold_gain":0.0,"event_name":"Shining Light","player_choice":"Ignored","floor":14.0,"gold_loss":0.0,"damage_taken":0.0}],"is_beta":false,"boss_relics":[{"not_picked":["Black Star","Runic Dome"],"picked":"Cursed Key"}],"items_purged_floors":[10],"is_endless":false,"potions_floor_spawned":[1,7,8,12],"killed_by":"Snake Plant","ascension_level":3}