{"gold_per_floor":[110,124,134,149,35,35,63,75,75,75,75,3,16,16,16,87,87,98,13,13,27,27],"floor_reached":22,"playtime":932,"items_purged":[],"score":326,"play_id":"f36f7731-d028-4c15-a112-b7653d6de890","local_time":"20180918092939","is_ascension_mode":true,"campfire_choices":[{"data":"Sucker Punch","floor":6.0,"key":"SMITH"},{"data":"Dagger Spray","floor":10.0,"key":"SMITH"},{"floor":15.0,"key":"REST"}],"neow_cost":"","seed_source_timestamp":760884898039,"circlet_count":0,"master_deck":["Defend_G","Defend_G","Defend_G","Defend_G","Defend_G","Strike_G","Strike_G","Strike_G","Strike_G","Strike_G","Survivor","Neutralize","AscendersBane","Deflect","Caltrops","Sucker Punch+1","Infinite Blades","Leg Sweep","Footwork","Dodge and Roll","Dagger Spray+1","Terror","Dagger Spray","After Image","Slice"],"special_seed":0,"relics":["Ring of the Snake","Pear","Juzu Bracelet","Eternal Feather","Art of War"],"potions_floor_usage":[21],"damage_taken":[{"damage":3.0,"enemies":"Jaw Worm","floor":1.0,"turns":4.0},{"damage":0.0,"enemies":"Small Slimes","floor":2.0,"turns":5.0},{"damage":3.0,"enemies":"2 Louse","floor":3.0,"turns":5.0},{"damage":1.0,"enemies":"2 Fungi Beasts","floor":4.0,"turns":4.0},{"damage":22.0,"enemies":"Gremlin Nob","floor":7.0,"turns":5.0},{"damage":23.0,"enemies":"Lots of Slimes","floor":8.0,"turns":6.0},{"damage":10.0,"enemies":"3 Louse","floor":13.0,"turns":4.0},{"damage":16.0,"enemies":"Hexaghost","floor":16.0,"turns":14.0},{"damage":9.0,"enemies":"3 Byrds","floor":18.0,"turns":5.0},{"damage":50.0,"enemies":"Colosseum Slavers","floor":20.0,"turns":7.0},{"damage":2,"enemies":"Chosen","floor":21,"turns":6},{"damage":15,"enemies":"Centurion and Healer","floor":22,"turns":4}],"seed_played":"-6585568857226418942","potions_obtained":[{"floor":2.0,"key":"Explosive Potion"},{"floor":3.0,"key":"Swift Potion"},{"floor":8.0,"key":"EssenceOfSteel"}],"is_trial":false,"path_per_floor":["M","M","M","M","$","R","E","M","T","R","?","$","M","?","R","B",null,"M","?","?","M"],"character_chosen":"THE_SILENT","items_purchased":["Leg Sweep","Footwork","Terror"],"campfire_rested":1,"item_purchase_floors":[5,5,12],"current_hp_per_floor":[56,56,53,52,52,52,40,17,17,17,22,22,12,12,36,20,66,57,57,7,5,0],"gold":27,"neow_bonus":"","is_prod":false,"is_daily":false,"chose_seed":false,"campfire_upgraded":2,"win_rate":0,"timestamp":1537288179,"path_taken":["M","M","M","M","$","R","E","M","T","R","?","$","M","?","R","BOSS","M","?","?","M","M"],"build_version":"2018-09-06","purchased_purges":0,"victory":false,"max_hp_per_floor":[66,66,66,66,66,66,76,76,76,76,81,81,81,81,81,81,81,81,81,81,81,81],"card_choices":[{"not_picked":["Choke","Escape Plan"],"picked":"Deflect","floor":1.0},{"not_picked":["Expertise","PiercingWail"],"picked":"Caltrops","floor":2.0},{"not_picked":["Endless Agony","Blade Dance"],"picked":"Sucker Punch","floor":3.0},{"not_picked":["Poisoned Stab","Quick Slash"],"picked":"Infinite Blades","floor":4.0},{"not_picked":["Dagger Throw","Acrobatics"],"picked":"Dodge and Roll","floor":7.0},{"not_picked":["PiercingWail","Outmaneuver"],"picked":"Dagger Spray","floor":8.0},{"not_picked":["Accuracy","Eviscerate"],"picked":"Dagger Spray","floor":13.0},{"not_picked":["Venomology","Die Die Die"],"picked":"After Image","floor":16.0},{"not_picked":["Sucker Punch","Poisoned Stab"],"picked":"Slice","floor":18.0},{"not_picked":["Concentrate","Terror","Deflect"],"picked":"SKIP","floor":21}],"player_experience":1155764,"relics_obtained":[{"floor":7.0,"key":"Pear"},{"floor":9.0,"key":"Juzu Bracelet"}],"event_choices":[{"event_name":"Big Fish","player_choice":"Donut","floor":11.0,"damage_taken":0.0},{"event_name":"The Cleric","player_choice":"Leave","floor":14.0,"damage_taken":0.0},{"event_name":"Addict","player_choice":"Obtained Relic","floor":19.0,"damage_taken":0.0},{"event_name":"Colosseum","player_choice":"Fight","floor":20.0,"damage_taken":0.0},{"event_name":"Colosseum","player_choice":"Fled From Nobs","floor":20.0,"damage_taken":0.0}],"is_beta":false,"boss_relics":[{"not_picked":["Philosopher\u0027s Stone","Black Star"],"picked":"Eternal Feather"}],"items_purged_floors":[],"is_endless":false,"potions_floor_spawned":[2,3,8],"killed_by":"Centurion and Healer","ascension_level":15}