{"gold_per_floor":[111,111,125,136,154,154,17,17,17,44,44,61,61,78,78,152,152,168,183,208,208],"floor_reached":21,"playtime":661,"items_purged":[],"score":361,"play_id":"bdd0222e-5217-4e8e-a00e-5e3874edbe1c","local_time":"25620318190151","is_ascension_mode":true,"campfire_choices":[{"data":"Buffer","floor":6.0,"key":"SMITH"},{"data":"Defragment","floor":8.0,"key":"SMITH"},{"data":"Zap","floor":11.0,"key":"SMITH"},{"data":"Loop","floor":15.0,"key":"SMITH"}],"neow_cost":"NONE","seed_source_timestamp":3373161302944,"circlet_count":0,"master_deck":["AscendersBane","Strike_B","Strike_B","Strike_B","Strike_B","Defend_B","Defend_B","Defend_B","Zap+1","Dualcast","Meteor Strike","Streamline","Loop+1","Buffer+1","Defragment+1","Conserve Battery","Flash of Steel","Coolheaded","Reinforced Body","Gash","Echo Form","Tempest","White Noise","Buffer"],"special_seed":0,"relics":["Cracked Core","Mummified Hand","Anchor","PreservedInsect","Sozu","Red Mask"],"potions_floor_usage":[],"damage_taken":[{"damage":2.0,"enemies":"Jaw Worm","floor":1.0,"turns":3.0},{"damage":1.0,"enemies":"Cultist","floor":3.0,"turns":3.0},{"damage":5.0,"enemies":"Small Slimes","floor":4.0,"turns":3.0},{"damage":0.0,"enemies":"Exordium Thugs","floor":5.0,"turns":3.0},{"damage":0.0,"enemies":"Gremlin Nob","floor":10.0,"turns":4.0},{"damage":0.0,"enemies":"Large Slime","floor":12.0,"turns":4.0},{"damage":0.0,"enemies":"2 Fungi Beasts","floor":14.0,"turns":4.0},{"damage":14.0,"enemies":"The Guardian","floor":16.0,"turns":10.0},{"damage":0.0,"enemies":"Chosen","floor":18.0,"turns":6.0},{"damage":1.0,"enemies":"Spheric Guardian","floor":19.0,"turns":4.0},{"damage":47.0,"enemies":"Masked Bandits","floor":20.0,"turns":5.0},{"damage":20,"enemies":"3 Cultists","floor":21,"turns":4}],"seed_played":"-1692281289326143324","potions_obtained":[{"floor":1.0,"key":"SneckoOil"},{"floor":4.0,"key":"AttackPotion"},{"floor":5.0,"key":"Energy Potion"},{"floor":12.0,"key":"Ancient Potion"},{"floor":16.0,"key":"SpeedPotion"}],"is_trial":false,"path_per_floor":["M","?","M","M","M","R","$","R","T","E","R","M","?","M","R","B",null,"M","M","?","M"],"character_chosen":"DEFECT","items_purchased":["Conserve Battery","Flash of Steel"],"campfire_rested":0,"item_purchase_floors":[7,7],"current_hp_per_floor":[62,62,61,56,56,56,56,56,56,56,56,56,56,56,56,42,64,64,63,16,0],"gold":208,"neow_bonus":"ONE_RANDOM_RARE_CARD","is_prod":false,"is_daily":false,"chose_seed":false,"campfire_upgraded":4,"win_rate":0,"timestamp":1552910511,"path_taken":["M","?","M","?","M","R","$","R","T","E","R","M","?","?","R","BOSS","M","M","?","M"],"build_version":"2019-01-23","purchased_purges":0,"victory":false,"max_hp_per_floor":[71,71,71,71,71,71,71,71,71,71,71,71,71,71,71,71,71,71,71,71,71],"card_choices":[{"not_picked":["Auto Shields","Cold Snap"],"picked":"Streamline","floor":1.0},{"not_picked":["Blizzard","Go for the Eyes"],"picked":"Loop","floor":3.0},{"not_picked":["Heatsinks","Skim"],"picked":"Buffer","floor":4.0},{"not_picked":["Genetic Algorithm","Go for the Eyes"],"picked":"Defragment","floor":5.0},{"not_picked":["Darkness","Compile Driver"],"picked":"Coolheaded","floor":10.0},{"not_picked":["Stack","Steam","Darkness"],"picked":"SKIP","floor":12.0},{"not_picked":["Heatsinks","Go for the Eyes"],"picked":"Gash","floor":14.0},{"not_picked":["Meteor Strike","Machine Learning"],"picked":"Echo Form","floor":16.0},{"not_picked":["Ball Lightning","Compile Driver"],"picked":"Tempest","floor":18.0},{"not_picked":["Static Discharge","Reinforced Body"],"picked":"White Noise","floor":19.0},{"not_picked":["Redo","Steam"],"picked":"Buffer","floor":20.0}],"player_experience":322811,"relics_obtained":[{"floor":9.0,"key":"Anchor"},{"floor":10.0,"key":"PreservedInsect"},{"floor":20.0,"key":"Red Mask"}],"event_choices":[{"damage_healed":0.0,"max_hp_gain":0.0,"max_hp_loss":0.0,"gold_gain":0.0,"event_name":"WeMeetAgain","player_choice":"Gave Potion","floor":2.0,"gold_loss":0.0,"damage_taken":0.0,"relics_obtained":["Mummified Hand"]},{"damage_healed":0.0,"max_hp_gain":0.0,"max_hp_loss":0.0,"gold_gain":0.0,"cards_transformed":["Defend_B"],"event_name":"Transmorgrifier","player_choice":"Transformed","floor":13.0,"gold_loss":0.0,"damage_taken":0.0,"cards_obtained":["Reinforced Body"]},{"damage_healed":0.0,"max_hp_gain":0.0,"max_hp_loss":0.0,"gold_gain":0.0,"event_name":"Masked Bandits","player_choice":"Fought Bandits","floor":20.0,"gold_loss":0.0,"damage_taken":0.0}],"is_beta":false,"boss_relics":[{"not_picked":["Philosopher\u0027s Stone","Snecko Eye"],"picked":"Sozu"}],"items_purged_floors":[],"is_endless":false,"potions_floor_spawned":[1,4,5,12,16],"killed_by":"3 Cultists","ascension_level":15}