{"gold_per_floor":[111,111,121,121,132,132,183,200,226,226,253,270,301,317,317,393,443,461,461,133,133,147,147,176,176,176,176,176,176,188,199,199,199],"floor_reached":33,"playtime":1346,"items_purged":["Strike_G"],"score":536,"play_id":"5f4ea923-285c-4185-a10e-fc591bf87e2d","local_time":"20180917161929","is_ascension_mode":true,"campfire_choices":[{"data":"Neutralize","floor":6.0,"key":"SMITH"},{"data":"Dodge and Roll","floor":10.0,"key":"SMITH"},{"data":"Dash","floor":15.0,"key":"SMITH"},{"data":"Venomology","floor":23.0,"key":"SMITH"},{"floor":25.0,"key":"REST"},{"floor":27.0,"key":"REST"},{"floor":32,"key":"REST"}],"neow_cost":"","seed_source_timestamp":12650570270859,"circlet_count":0,"master_deck":["Defend_G+1","Defend_G+1","Defend_G+1","Defend_G+1","Defend_G+1","Strike_G+1","Strike_G+1","Strike_G+1","Strike_G+1","Survivor","Neutralize+1","AscendersBane","Skewer+1","Dodge and Roll+1","Poisoned Stab","Endless Agony+1","Dash+1","Deadly Poison","Venomology+1","Well Laid Plans","Adrenaline","Leg Sweep","Dagger Spray+1","Slice+1"],"special_seed":0,"relics":["Ring of the Snake","Smiling Mask","Whetstone","War Paint","Turnip","Tiny House","Vajra","Potion Belt","Shovel","MutagenicStrength"],"potions_floor_usage":[31,33,33],"damage_taken":[{"damage":3.0,"enemies":"Jaw Worm","floor":1.0,"turns":6.0},{"damage":1.0,"enemies":"2 Louse","floor":3.0,"turns":3.0},{"damage":4.0,"enemies":"Cultist","floor":5.0,"turns":4.0},{"damage":4.0,"enemies":"Looter","floor":8.0,"turns":3.0},{"damage":23.0,"enemies":"Lagavulin","floor":11.0,"turns":6.0},{"damage":1.0,"enemies":"Blue Slaver","floor":12.0,"turns":4.0},{"damage":3.0,"enemies":"Gremlin Nob","floor":13.0,"turns":3.0},{"damage":7.0,"enemies":"Exordium Thugs","floor":14.0,"turns":6.0},{"damage":6.0,"enemies":"Hexaghost","floor":16.0,"turns":9.0},{"damage":7.0,"enemies":"Chosen","floor":18.0,"turns":5.0},{"damage":0.0,"enemies":"Spheric Guardian","floor":22.0,"turns":3.0},{"damage":44.0,"enemies":"Slavers","floor":24.0,"turns":7.0},{"damage":5,"enemies":"Shelled Parasite and Fungi","floor":30,"turns":7},{"damage":15,"enemies":"Snecko","floor":31,"turns":4},{"damage":85,"enemies":"Champ","floor":33,"turns":17}],"seed_played":"8263394063819941166","potions_obtained":[{"floor":1.0,"key":"SkillPotion"},{"floor":3.0,"key":"LiquidBronze"},{"floor":11.0,"key":"FearPotion"},{"floor":13.0,"key":"SkillPotion"},{"floor":17.0,"key":"FearPotion"},{"floor":30,"key":"Regen Potion"}],"is_trial":false,"path_per_floor":["M","?","M","?","M","R","T","M","T","R","E","M","E","M","R","B",null,"M","?","$","?","M","R","E","R","T","R","?","?","M","M","R"],"character_chosen":"THE_SILENT","items_purchased":["Leg Sweep","Vajra","SteroidPotion"],"campfire_rested":3,"item_purchase_floors":[20,20,20],"current_hp_per_floor":[56,61,60,60,56,56,56,52,52,52,29,28,25,18,18,12,61,54,54,54,54,54,54,10,32,32,54,54,54,49,34,56,0],"gold":199,"neow_bonus":"","is_prod":false,"is_daily":false,"chose_seed":false,"campfire_upgraded":4,"win_rate":0,"timestamp":1537226369,"path_taken":["M","?","M","?","M","R","?","M","T","R","E","M","E","?","R","BOSS","M","?","$","?","?","R","E","R","T","R","?","?","M","M","R","BOSS"],"build_version":"2018-09-06","purchased_purges":1,"victory":false,"max_hp_per_floor":[66,71,71,71,71,71,71,71,71,71,71,71,71,71,71,71,76,76,76,76,76,76,76,76,76,76,76,76,76,76,76,76,76],"card_choices":[{"not_picked":["Footwork","Masterful Stab"],"picked":"Skewer","floor":1.0},{"not_picked":["Catalyst","Setup"],"picked":"Dodge and Roll","floor":3.0},{"not_picked":["Quick Slash","Setup"],"picked":"Poisoned Stab","floor":5.0},{"not_picked":["Flying Knee","Catalyst"],"picked":"Endless Agony","floor":8.0},{"not_picked":["Bouncing Flask","All Out Attack"],"picked":"Dash","floor":11.0},{"not_picked":["Calculated Gamble","Sucker Punch","Underhanded Strike"],"picked":"SKIP","floor":12.0},{"not_picked":["Reflex","Escape Plan"],"picked":"Deadly Poison","floor":13.0},{"not_picked":["Underhanded Strike","Deadly Poison","Blade Dance"],"picked":"SKIP","floor":14.0},{"not_picked":["Glass Knife","Night Terror"],"picked":"Venomology","floor":16.0},{"not_picked":["Deadly Poison","Underhanded Strike"],"picked":"Well Laid Plans","floor":17.0},{"not_picked":["Riddle With Holes","Flying Knee","Choke"],"picked":"SKIP","floor":18.0},{"not_picked":["Bane","Quick Slash"],"picked":"Dagger Spray+1","floor":22.0},{"not_picked":["Skewer","Storm of Steel","Blade Dance"],"picked":"SKIP","floor":24.0},{"not_picked":["Backflip","Dagger Spray"],"picked":"Slice+1","floor":30},{"not_picked":["Cloak And Dagger","Poisoned Stab","Sucker Punch"],"picked":"SKIP","floor":31}],"player_experience":1154060,"relics_obtained":[{"floor":7.0,"key":"Smiling Mask"},{"floor":9.0,"key":"Whetstone"},{"floor":11.0,"key":"War Paint"},{"floor":13.0,"key":"Turnip"},{"floor":24.0,"key":"Potion Belt"},{"floor":26.0,"key":"Shovel"}],"event_choices":[{"event_name":"Big Fish","player_choice":"Donut","floor":2.0,"damage_taken":0.0},{"event_name":"Accursed Blacksmith","player_choice":"Forge","floor":4.0,"damage_taken":0.0},{"event_name":"The Library","player_choice":"Read","floor":19.0,"damage_taken":0.0},{"event_name":"The Lab","player_choice":"Got Potions","floor":21.0,"damage_taken":0.0},{"event_name":"Drug Dealer","player_choice":"Inject Mutagens","floor":28,"damage_taken":0},{"event_name":"Back to Basics","player_choice":"Simplicity","floor":29,"damage_taken":0}],"is_beta":false,"boss_relics":[{"not_picked":["Philosopher\u0027s Stone","Eternal Feather"],"picked":"Tiny House"}],"items_purged_floors":[20],"is_endless":false,"potions_floor_spawned":[1,3,8,11,13,30],"killed_by":"Champ","ascension_level":19}