{"gold_per_floor":[115,131,147,147,163,163,196,213,238,238,238,263,299,76,76,202,202,222,222,238,238,157,157,157],"floor_reached":24,"playtime":1727,"items_purged":[],"score":208,"play_id":"fb9ef1de-4503-42b8-a91c-cd40358406c2","local_time":"25620105173233","is_ascension_mode":false,"campfire_choices":[{"data":"Parity","floor":10.0,"key":"SMITH"},{"floor":15.0,"key":"REST"},{"data":"Fragmentalize","floor":23,"key":"SMITH"}],"neow_cost":"NONE","seed_source_timestamp":15582717640353,"circlet_count":0,"master_deck":["Strike_Br","Strike_Br","Strike_Br","Strike_Br","Defend_Br","Defend_Br","Defend_Br","Defend_Br","SecondHand","PatternShift","LockedWhetstone","ReapSow+8","ExoVibe","LockedMercury","FormalWear","Parity+1","ExoVibe","LockedAnchor","ResonantCall","ReapSow","Fragmentalize+1","WatchCommand","Allegro","LockedScales","Rallentando"],"special_seed":0,"relics":["Chronometer","NeowsBlessing","HeavySwitch","hubris:MysteriousPyramids","ReplayTheSpireMod:TigerMarble","Golden Idol","SlipperyGoo","Replay:Wax Seal","ChewingGum","hubris:BottledHeart"],"potions_floor_usage":[16,16,16,16,24],"damage_taken":[{"damage":0.0,"enemies":"Jaw Worm","floor":1.0,"turns":1.0},{"damage":0.0,"enemies":"Cultist","floor":2.0,"turns":1.0},{"damage":0.0,"enemies":"2 Louse","floor":3.0,"turns":1.0},{"damage":2.0,"enemies":"2 Fungi Beasts","floor":5.0,"turns":4.0},{"damage":20.0,"enemies":"Gremlin Nob","floor":7.0,"turns":5.0},{"damage":7.0,"enemies":"Exordium Thugs","floor":8.0,"turns":5.0},{"damage":2.0,"enemies":"Looter","floor":12.0,"turns":5.0},{"damage":13.0,"enemies":"Lagavulin","floor":13.0,"turns":8.0},{"damage":1,"enemies":"Fading Forest","floor":16,"turns":11},{"damage":29,"enemies":"3 Byrds","floor":18,"turns":8},{"damage":0,"enemies":"Chosen","floor":20,"turns":4},{"damage":0,"enemies":"Centurion and Healer","floor":22,"turns":3},{"damage":2,"enemies":"Cultist and Chosen","floor":24,"turns":7}],"seed_played":"-3077762366682704918","potions_obtained":[{"floor":1.0,"key":"Reflective Coating"},{"floor":5.0,"key":"Energy Potion"},{"floor":13.0,"key":"Block Potion"},{"floor":18,"key":"WardPotion"},{"floor":22,"key":"Ancient Potion"}],"is_trial":false,"path_per_floor":["M","M","M","?","M","?","E","M","T","R","?","M","E","$","R","B",null,"M","?","M","?","M","R","M"],"character_chosen":"CHRONO_CLASS","items_purchased":["LockedAnchor","ResonantCall","Replay:Wax Seal","EntropicBrew","ReapSow"],"campfire_rested":1,"item_purchase_floors":[14,14,14,14,14],"current_hp_per_floor":[65,65,65,65,63,63,43,36,36,36,36,34,21,21,39,38,60,31,1,1,1,1,1,0],"gold":157,"neow_bonus":"THREE_ENEMY_KILL","is_prod":false,"is_daily":false,"chose_seed":false,"campfire_upgraded":2,"win_rate":0.0,"timestamp":1546684353,"path_taken":["M","M","M","?","?","?","E","M","T","R","?","M","E","$","R","BOSS","M","?","M","?","M","R","M"],"build_version":"2019-01-03v4","purchased_purges":0,"victory":false,"max_hp_per_floor":[65,65,65,65,65,65,65,65,65,65,60,60,60,60,60,60,60,60,1,1,1,1,1,1],"card_choices":[{"not_picked":["Tempo","HandsUp"],"picked":"LockedWhetstone","floor":1.0},{"not_picked":["Engulf","Stagnate"],"picked":"ReapSow","floor":2.0},{"not_picked":["HandsUp","Analog"],"picked":"ExoVibe","floor":3.0},{"not_picked":["BlueShift","HandsUp"],"picked":"LockedMercury","floor":5.0},{"not_picked":["BlueShift","Pendulum"],"picked":"FormalWear","floor":7.0},{"not_picked":["AlternateTimeline","CrunchTime"],"picked":"Parity","floor":8.0},{"not_picked":["Engulf","Parity","BlueShift"],"picked":"SKIP","floor":12.0},{"not_picked":["BeatsPerMinute","LockedMercury"],"picked":"ExoVibe","floor":13.0},{"not_picked":["LockedCalendar","LockedFlame"],"picked":"Fragmentalize","floor":16},{"not_picked":["Stagnate","Break"],"picked":"WatchCommand","floor":18},{"not_picked":["Parity","AlternateTimeline"],"picked":"Tempo","floor":20},{"not_picked":["SlimeSpray+1","LockedWhetstone"],"picked":"LockedScales","floor":22}],"player_experience":223728,"relics_obtained":[{"floor":6.0,"key":"HeavySwitch"},{"floor":7.0,"key":"hubris:MysteriousPyramids"},{"floor":9.0,"key":"ReplayTheSpireMod:TigerMarble"},{"floor":13.0,"key":"SlipperyGoo"}],"event_choices":[{"damage_healed":0.0,"max_hp_gain":0.0,"max_hp_loss":0.0,"gold_gain":0.0,"event_name":"Upgrade Shrine","player_choice":"Upgraded","floor":4.0,"gold_loss":0.0,"damage_taken":0.0,"cards_upgraded":["ReapSow"]},{"damage_healed":0.0,"max_hp_gain":0.0,"max_hp_loss":5.0,"gold_gain":0.0,"event_name":"Golden Idol","player_choice":"Lose Max HP","floor":11.0,"gold_loss":0.0,"damage_taken":0.0,"relics_obtained":["Golden Idol"]}],"is_beta":false,"boss_relics":[{"not_picked":["Lizard Tail","Cursed Key"],"picked":"ChewingGum"}],"items_purged_floors":[],"is_endless":false,"potions_floor_spawned":[1,5,13,18,22],"killed_by":"Cultist and Chosen","ascension_level":0}