{"gold_per_floor":[112,112,128,142,142,170,170,205,205,221,321,331,331,343,343,343],"floor_reached":16,"playtime":1588,"items_purged":[],"score":123,"play_id":"b7c03927-c171-4b3a-99ad-a22d1602a112","local_time":"20190330162702","is_ascension_mode":true,"campfire_choices":[{"floor":7,"key":"REST"},{"floor":13,"key":"REST"},{"floor":15,"key":"REST"}],"neow_cost":"NONE","seed_source_timestamp":20348107891059,"circlet_count":0,"master_deck":["Defend_G","Defend_G","Defend_G","Defend_G","Defend_G","Strike_G","Strike_G","Strike_G","Strike_G","Survivor","Neutralize","Night Terror","Blade Dance","Backstab","After Image","Terror","Flying Knee","Calculated Gamble","Deadly Poison","Prepared","Dagger Spray"],"relics":["Ring of the Snake","Tough Bandages","Meat on the Bone","Du-Vu Doll"],"potions_floor_usage":[],"damage_taken":[{"damage":1,"enemies":"2 Louse","floor":1,"turns":3},{"damage":4,"enemies":"Cultist","floor":3,"turns":4},{"damage":0,"enemies":"Jaw Worm","floor":4,"turns":4},{"damage":29,"enemies":"3 Sentries","floor":6,"turns":20},{"damage":13,"enemies":"Lagavulin","floor":8,"turns":6},{"damage":17,"enemies":"Gremlin Gang","floor":10,"turns":6},{"damage":0,"enemies":"Looter","floor":12,"turns":3},{"damage":2,"enemies":"Blue Slaver","floor":14,"turns":4},{"damage":73,"enemies":"Slime Boss","floor":16,"turns":11}],"seed_played":"9121780933840920731","potions_obtained":[{"floor":8,"key":"GamblersBrew"},{"floor":10,"key":"Energy Potion"},{"floor":14,"key":"Dexterity Potion"}],"is_trial":false,"path_per_floor":["M","?","M","M","?","E","R","E","T","M","?","M","R","M","R","B"],"character_chosen":"THE_SILENT","items_purchased":[],"campfire_rested":3,"item_purchase_floors":[],"current_hp_per_floor":[69,69,65,65,65,36,57,44,44,39,39,39,60,58,70,0],"gold":343,"neow_bonus":"ONE_RANDOM_RARE_CARD","is_prod":false,"is_daily":false,"chose_seed":false,"campfire_upgraded":0,"win_rate":0,"timestamp":1553963222,"path_taken":["M","?","M","M","?","E","R","E","T","?","?","?","R","M","R","BOSS"],"build_version":"2019-01-23","purchased_purges":0,"victory":false,"max_hp_per_floor":[70,70,70,70,70,70,70,70,70,70,70,70,70,70,70,70],"card_choices":[{"not_picked":["Dodge and Roll","Dagger Throw"],"picked":"Blade Dance","floor":1},{"not_picked":["Poisoned Stab","Slice"],"picked":"Backstab","floor":3},{"not_picked":["Dodge and Roll","Deflect"],"picked":"After Image","floor":4},{"not_picked":["Expertise","Sucker Punch"],"picked":"Flying Knee","floor":6},{"not_picked":["Escape Plan","Envenom"],"picked":"Calculated Gamble","floor":8},{"not_picked":["Backstab","Bane"],"picked":"Deadly Poison","floor":10},{"not_picked":["Flying Knee","Slice"],"picked":"Prepared","floor":12},{"not_picked":["Bane","Distraction"],"picked":"Dagger Spray","floor":14}],"player_experience":450021,"relics_obtained":[{"floor":6,"key":"Tough Bandages"},{"floor":8,"key":"Meat on the Bone"},{"floor":9,"key":"Du-Vu Doll"}],"event_choices":[{"damage_healed":0,"gold_gain":0,"player_choice":"Leave","damage_taken":0,"max_hp_gain":0,"max_hp_loss":0,"event_name":"The Cleric","floor":2,"gold_loss":0},{"damage_healed":0,"gold_gain":0,"cards_transformed":["Strike_G"],"player_choice":"Transformed","damage_taken":0,"max_hp_gain":0,"max_hp_loss":0,"event_name":"Transmorgrifier","floor":5,"gold_loss":0,"cards_obtained":["Terror"]},{"damage_healed":0,"gold_gain":100,"player_choice":"Pray","damage_taken":0,"max_hp_gain":0,"max_hp_loss":0,"event_name":"Golden Shrine","floor":11,"gold_loss":0}],"is_beta":false,"boss_relics":[],"items_purged_floors":[],"is_endless":false,"potions_floor_spawned":[8,10,14],"killed_by":"Slime Boss","ascension_level":2}