{"gold_per_floor":[110,110,128,144,155,155,166,166,166,182,182,196,121,121,121,196,196,209,226,245,112,112,112,140,140,165,165,180,192,192,209,209,287,287,299,299,311,49,63,82,82,82,82,97,121,36,36,67,67,67,67,67,67,67,99,99],"floor_reached":57,"playtime":3500,"items_purged":["Strike_G","Strike_G"],"score":3017,"play_id":"53bc6808-7f63-4868-a6ce-6bbd84c75abb","local_time":"20190304022054","is_ascension_mode":true,"campfire_choices":[{"data":"Neutralize","floor":6.0,"key":"SMITH"},{"data":"Well Laid Plans","floor":8.0,"key":"SMITH"},{"data":"Poisoned Stab","floor":11.0,"key":"SMITH"},{"data":"Catalyst","floor":15.0,"key":"SMITH"},{"data":"Ghostly","floor":23,"key":"SMITH"},{"data":"Ghostly","floor":25,"key":"SMITH"},{"data":"Calculated Gamble","floor":30,"key":"SMITH"},{"data":"Acrobatics","floor":32,"key":"SMITH"},{"data":"Night Terror","floor":41,"key":"SMITH"},{"data":"Ghostly","floor":47,"key":"SMITH"},{"floor":49,"key":"RECALL"},{"data":"Purity","floor":53,"key":"SMITH"}],"neow_cost":"NONE","seed_source_timestamp":13084833283000,"circlet_count":0,"master_deck":["AscendersBane","Defend_G","Defend_G","Defend_G","Defend_G","Defend_G","Survivor","Neutralize+1","Calculated Gamble+1","Well Laid Plans+1","Blur","Catalyst+1","Poisoned Stab+1","Escape Plan","PiercingWail","Blur","Acrobatics+1","Ghostly+1","Ghostly+1","Ghostly+1","Deadly Poison+1","Leg Sweep","Concentrate","Night Terror+1","Adrenaline","Purity+1","Crippling Poison+1","Footwork","Footwork+1"],"special_seed":0,"relics":["Coffee Dripper","Runic Pyramid","Art of War","Snake Skull","Dodecahedron","Orrery","Centennial Puzzle","Pear","Omamori","Anchor","The Specimen"],"potions_floor_usage":[24,24,56,56],"damage_taken":[{"damage":2.0,"enemies":"Small Slimes","floor":1.0,"turns":4.0},{"damage":3.0,"enemies":"Cultist","floor":3.0,"turns":6.0},{"damage":0.0,"enemies":"2 Louse","floor":4.0,"turns":6.0},{"damage":0.0,"enemies":"Looter","floor":5.0,"turns":4.0},{"damage":3.0,"enemies":"Red Slaver","floor":7.0,"turns":7.0},{"damage":21.0,"enemies":"Exordium Thugs","floor":10.0,"turns":7.0},{"damage":0.0,"enemies":"Looter","floor":12.0,"turns":4.0},{"damage":0,"enemies":"The Guardian","floor":16,"turns":12},{"damage":10,"enemies":"Shell Parasite","floor":18,"turns":8},{"damage":8,"enemies":"Spheric Guardian","floor":19,"turns":7},{"damage":19,"enemies":"Snecko","floor":20,"turns":9},{"damage":2,"enemies":"Book of Stabbing","floor":24,"turns":9},{"damage":9,"enemies":"Shelled Parasite and Fungi","floor":28,"turns":10},{"damage":0,"enemies":"Snake Plant","floor":29,"turns":4},{"damage":0,"enemies":"Snecko","floor":31,"turns":5},{"damage":0,"enemies":"Automaton","floor":33,"turns":13},{"damage":0,"enemies":"Orb Walker","floor":35,"turns":4},{"damage":1,"enemies":"3 Shapes","floor":37,"turns":5},{"damage":4,"enemies":"Spire Growth","floor":39,"turns":3},{"damage":1,"enemies":"Transient","floor":40,"turns":6},{"damage":0,"enemies":"Maw","floor":44,"turns":6},{"damage":0,"enemies":"Nemesis","floor":48,"turns":5},{"damage":0,"enemies":"Time Eater","floor":50,"turns":5},{"damage":0,"enemies":"Awakened One","floor":51,"turns":21},{"damage":10,"enemies":"Shield and Spear","floor":55,"turns":10},{"damage":0,"enemies":"The Heart","floor":56,"turns":9}],"seed_played":"7283203126509674639","potions_obtained":[{"floor":3.0,"key":"Explosive Potion"},{"floor":4.0,"key":"PowerPotion"},{"floor":18,"key":"Explosive Potion"},{"floor":19,"key":"Dexterity Potion"},{"floor":20,"key":"GhostInAJar"},{"floor":24,"key":"Energy Potion"},{"floor":39,"key":"AttackPotion"},{"floor":48,"key":"PowerPotion"}],"is_trial":false,"path_per_floor":["M","?","M","M","M","R","M","R","T","M","R","M","?","?","R","B",null,"M","M","M","$","?","R","E","R","T","?","M","M","R","M","R","B",null,"M","?","M","$","M","M","R","?","T","M","T","$","R","E","R","B","B",null,"R","$","E","B",null],"character_chosen":"THE_SILENT","items_purchased":["Acrobatics","Centennial Puzzle","GhostInAJar"],"campfire_rested":0,"item_purchase_floors":[21,38,46],"current_hp_per_floor":[57,57,54,54,54,54,51,51,51,30,30,30,30,23,23,23,55,45,37,18,18,18,18,16,16,16,16,7,7,7,7,7,7,27,27,27,26,26,22,21,21,11,21,21,21,21,21,21,21,21,21,38,38,38,28,28],"gold":99,"neow_bonus":"BOSS_RELIC","is_prod":false,"is_daily":false,"chose_seed":false,"campfire_upgraded":11,"win_rate":0,"timestamp":1551637254,"path_taken":["M","?","?","M","M","R","M","R","T","M","R","M","?","?","R","BOSS","M","M","M","$","?","R","E","R","T","?","M","?","R","M","R","BOSS","M","?","M","$","M","M","R","?","T","M","?","?","R","E","R","BOSS","BOSS","R","$","E","BOSS"],"build_version":"2019-01-23","purchased_purges":2,"victory":true,"max_hp_per_floor":[66,66,66,66,66,66,66,66,66,66,66,66,66,66,66,66,66,66,66,66,66,33,33,33,33,33,33,33,33,33,33,33,33,33,33,33,33,33,33,33,33,33,43,43,43,43,43,43,43,43,43,43,43,43,43,43],"card_choices":[{"not_picked":["Deflect","Backstab","Catalyst"],"picked":"SKIP","floor":1.0},{"not_picked":["Blade Dance","Dagger Spray"],"picked":"Calculated Gamble","floor":3.0},{"not_picked":["Catalyst","Acrobatics"],"picked":"Well Laid Plans","floor":4.0},{"not_picked":["Backstab","Quick Slash"],"picked":"Blur","floor":5.0},{"not_picked":["Setup","Catalyst","Well Laid Plans"],"picked":"SKIP","floor":7.0},{"not_picked":["Setup","Well Laid Plans"],"picked":"Catalyst","floor":7.0},{"not_picked":["Catalyst","Prepared"],"picked":"Poisoned Stab","floor":10.0},{"not_picked":["Calculated Gamble","Bane"],"picked":"Escape Plan","floor":12.0},{"not_picked":["Bane","Slice"],"picked":"PiercingWail","floor":18},{"not_picked":["Cloak And Dagger","Slice+1"],"picked":"Blur","floor":19},{"not_picked":["Cloak And Dagger","Outmaneuver","Poisoned Stab"],"picked":"SKIP","floor":20},{"not_picked":["Accuracy","Skewer","Cloak And Dagger"],"picked":"SKIP","floor":24},{"not_picked":["Bane","Dagger Spray+1"],"picked":"Deadly Poison+1","floor":28},{"not_picked":["Caltrops","Outmaneuver"],"picked":"Leg Sweep","floor":29},{"not_picked":["Deflect","Caltrops"],"picked":"Concentrate","floor":31},{"not_picked":["Malaise","Doppelganger"],"picked":"Night Terror","floor":33},{"not_picked":["Acrobatics","Bouncing Flask"],"picked":"Adrenaline","floor":34},{"not_picked":["Underhanded Strike","Prepared","Dagger Throw"],"picked":"SKIP","floor":35},{"not_picked":["Accuracy","Finisher","Blade Dance"],"picked":"SKIP","floor":37},{"not_picked":["Dodge and Roll","Poisoned Stab","Cloak And Dagger"],"picked":"SKIP","floor":39},{"not_picked":["Dodge and Roll","Poisoned Stab","Cloak And Dagger"],"picked":"SKIP","floor":39},{"not_picked":["Endless Agony","Dash","Dagger Throw+1"],"picked":"SKIP","floor":40},{"not_picked":["Forethought","Trip"],"picked":"Purity","floor":42},{"not_picked":["Quick Slash","Backflip","Crippling Poison+1"],"picked":"SKIP","floor":44},{"not_picked":["Quick Slash","Backflip"],"picked":"Crippling Poison+1","floor":44},{"not_picked":["Prepared","Storm of Steel"],"picked":"Footwork","floor":48},{"not_picked":["Dodge and Roll+1","Reflex+1"],"picked":"Footwork+1","floor":55}],"player_experience":2711591,"relics_obtained":[{"floor":24,"key":"Art of War"},{"floor":26,"key":"Snake Skull"},{"floor":43,"key":"Pear"},{"floor":45,"key":"Omamori"},{"floor":48,"key":"Anchor"},{"floor":55,"key":"The Specimen"}],"event_choices":[{"cards_removed":["Strike_G"],"damage_healed":0.0,"max_hp_gain":0.0,"max_hp_loss":0.0,"gold_gain":0.0,"event_name":"Bonfire Elementals","player_choice":"Offered Basic","floor":2.0,"gold_loss":0.0,"damage_taken":0.0},{"cards_removed":["Strike_G"],"damage_healed":0.0,"max_hp_gain":0.0,"max_hp_loss":0.0,"gold_gain":0.0,"event_name":"The Cleric","player_choice":"Card Removal","floor":13.0,"gold_loss":75.0,"damage_taken":0.0},{"cards_removed":["Strike_G"],"damage_healed":0.0,"max_hp_gain":0.0,"max_hp_loss":0.0,"gold_gain":0.0,"event_name":"Golden Wing","player_choice":"Card Removal","floor":14.0,"gold_loss":0.0,"damage_taken":7.0},{"damage_healed":0,"gold_gain":0,"player_choice":"Became a Ghost","damage_taken":0,"max_hp_gain":0,"max_hp_loss":33,"event_name":"Ghosts","floor":22,"gold_loss":0,"cards_obtained":["Ghostly","Ghostly","Ghostly"]},{"damage_healed":0,"gold_gain":0,"player_choice":"Gave Potion","damage_taken":0,"relics_obtained":["Dodecahedron"],"max_hp_gain":0,"max_hp_loss":0,"event_name":"WeMeetAgain","floor":27,"gold_loss":0},{"damage_healed":0,"gold_gain":0,"player_choice":"Ignored","damage_taken":0,"max_hp_gain":0,"max_hp_loss":0,"event_name":"Tomb of Lord Red Mask","floor":36,"gold_loss":0},{"damage_healed":0,"gold_gain":0,"player_choice":"Memory 3","damage_taken":10,"max_hp_gain":0,"max_hp_loss":0,"event_name":"SensoryStone","floor":42,"gold_loss":0}],"is_beta":false,"boss_relics":[{"not_picked":["Snecko Eye","Cursed Key"],"picked":"Runic Pyramid"},{"not_picked":["Runic Dome","HoveringKite"],"picked":"Orrery"}],"items_purged_floors":[21,38],"is_endless":false,"potions_floor_spawned":[3,4,18,19,20,24,39,48],"ascension_level":20}