{"gold_per_floor":[119,139,139,151,169,169,181,28,53,63,78,93,106,28,28,101,101,57,57,57,70,70,100,100,116,190,190,218,232,258,1,1,76,76,94,369,2,21,21,48,63,118,118,136,136,147,0,20,20,20,20],"floor_reached":52,"playtime":2992,"items_purged":["Shame"],"score":2461,"play_id":"b1555b8a-5480-465b-988a-6e96b1ac2bb8","local_time":"20181208171139","is_ascension_mode":true,"campfire_choices":[{"data":"Survivor","floor":6.0,"key":"SMITH"},{"floor":15.0,"key":"REST"},{"data":"Bouncing Flask","floor":24.0,"key":"SMITH"},{"data":"Wraith Form v2","floor":27.0,"key":"SMITH"},{"data":"Catalyst","floor":32.0,"key":"SMITH"},{"data":"Catalyst","floor":49.0,"key":"SMITH"}],"neow_cost":"NONE","seed_source_timestamp":0,"circlet_count":0,"master_deck":["AscendersBane","Defend_G","Defend_G","Defend_G","Defend_G","Defend_G","Strike_G","Strike_G","Survivor+1","Neutralize","Underhanded Strike+1","Leg Sweep","Bullet Time","Underhanded Strike","Bullet Time","Bouncing Flask+1","Leg Sweep","Finisher","Wraith Form v2+1","Caltrops+1","Reflex","Ghostly","Ghostly","Ghostly","Catalyst+1","Eviscerate","Catalyst+1","Phantasmal Killer","Bouncing Flask+1","Escape Plan+1","Backstab+1","Predator","Bouncing Flask","Predator","Dash+1","Double Energy"],"special_seed":0,"relics":["Snecko Eye","Dream Catcher","HoveringKite","Mercury Hourglass","Blood Vial","Bronze Scales","Mummified Hand","Lantern","Omamori","DollysMirror","Astrolabe","PrismaticShard","Ancient Tea Set","Bird Faced Urn","Molten Egg 2","Red Mask"],"potions_floor_usage":[51],"damage_taken":[{"damage":4.0,"enemies":"2 Louse","floor":1.0,"turns":4.0},{"damage":0.0,"enemies":"Cultist","floor":2.0,"turns":5.0},{"damage":0.0,"enemies":"Jaw Worm","floor":4.0,"turns":4.0},{"damage":6.0,"enemies":"Looter","floor":5.0,"turns":4.0},{"damage":10.0,"enemies":"3 Louse","floor":7.0,"turns":2.0},{"damage":11.0,"enemies":"Exordium Thugs","floor":10.0,"turns":5.0},{"damage":12.0,"enemies":"Large Slime","floor":11.0,"turns":4.0},{"damage":0.0,"enemies":"3 Louse","floor":12.0,"turns":2.0},{"damage":4.0,"enemies":"Exordium Wildlife","floor":13.0,"turns":4.0},{"damage":26.0,"enemies":"Slime Boss","floor":16.0,"turns":11.0},{"damage":11.0,"enemies":"2 Thieves","floor":18.0,"turns":5.0},{"damage":19.0,"enemies":"Spheric Guardian","floor":21.0,"turns":4.0},{"damage":0.0,"enemies":"Gremlin Leader","floor":23.0,"turns":10.0},{"damage":0.0,"enemies":"3 Cultists","floor":25.0,"turns":5.0},{"damage":0.0,"enemies":"Slavers","floor":28.0,"turns":4.0},{"damage":26.0,"enemies":"Cultist and Chosen","floor":29.0,"turns":4.0},{"damage":5.0,"enemies":"Champ","floor":33.0,"turns":10.0},{"damage":0.0,"enemies":"3 Shapes","floor":35.0,"turns":4.0},{"damage":1.0,"enemies":"Orb Walker","floor":38.0,"turns":2.0},{"damage":7.0,"enemies":"Reptomancer","floor":40.0,"turns":8.0},{"damage":12.0,"enemies":"3 Darklings","floor":41.0,"turns":4.0},{"damage":2.0,"enemies":"2 Orb Walkers","floor":42.0,"turns":4.0},{"damage":0.0,"enemies":"Maw","floor":44.0,"turns":7.0},{"damage":5.0,"enemies":"4 Shapes","floor":46.0,"turns":5.0},{"damage":1.0,"enemies":"Writhing Mass","floor":48.0,"turns":5.0},{"damage":19.0,"enemies":"Time Eater","floor":50.0,"turns":6.0},{"damage":10,"enemies":"Donu and Deca","floor":51,"turns":8}],"seed_played":"-1318389020543031531","potions_obtained":[{"floor":2.0,"key":"SpeedPotion"},{"floor":4.0,"key":"SteroidPotion"},{"floor":10.0,"key":"Energy Potion"},{"floor":16.0,"key":"EssenceOfSteel"},{"floor":23.0,"key":"FearPotion"},{"floor":38.0,"key":"Block Potion"},{"floor":42.0,"key":"Block Potion"}],"is_trial":false,"path_per_floor":["M","M","?","M","M","R","M","$","T","M","M","M","M","$","R","B",null,"M","T","?","M","?","E","R","M","T","R","E","M","T","$","R","B",null,"M","?","$","M","$","E","M","?","T","M","?","M","?","M","R","B","B",null],"character_chosen":"THE_SILENT","items_purchased":["Bullet Time","Leg Sweep","Eviscerate","DollysMirror","PrismaticShard","Bouncing Flask"],"campfire_rested":1,"item_purchase_floors":[8,14,31,31,37,37],"current_hp_per_floor":[55,55,55,55,49,49,39,39,39,28,16,16,12,12,31,5,51,40,40,40,23,23,25,25,27,27,27,29,5,5,5,5,2,25,27,27,27,28,28,23,13,13,13,19,19,20,20,21,21,8,4],"gold":20,"neow_bonus":"BOSS_RELIC","is_prod":false,"is_daily":false,"chose_seed":false,"campfire_upgraded":5,"win_rate":0,"timestamp":1544260299,"path_taken":["M","M","?","M","M","R","?","$","T","?","M","M","M","?","R","BOSS","M","?","?","M","?","E","R","M","T","R","E","M","?","$","R","BOSS","M","?","?","M","$","E","M","?","T","M","?","?","?","M","R","BOSS","BOSS"],"build_version":"2018-12-06","purchased_purges":1,"victory":true,"max_hp_per_floor":[66,66,66,66,66,66,66,66,66,66,66,66,66,66,66,66,66,66,66,66,66,33,33,33,33,33,33,33,33,33,33,33,33,33,33,33,33,33,33,33,33,33,33,33,33,33,33,33,33,33,33],"card_choices":[{"not_picked":["Outmaneuver","PiercingWail","Bane"],"picked":"SKIP","floor":1.0},{"not_picked":["Acrobatics","Dagger Spray"],"picked":"Underhanded Strike","floor":2.0},{"not_picked":["Backflip","Slice","Well Laid Plans"],"picked":"SKIP","floor":4.0},{"not_picked":["Backflip","Slice","Well Laid Plans"],"picked":"SKIP","floor":4.0},{"not_picked":["Escape Plan","Acrobatics","Prepared"],"picked":"SKIP","floor":5.0},{"not_picked":["Quick Slash","Poisoned Stab"],"picked":"Leg Sweep","floor":7.0},{"not_picked":["Sucker Punch","Crippling Poison"],"picked":"Underhanded Strike","floor":10.0},{"not_picked":["Flying Knee","Finisher"],"picked":"Underhanded Strike","floor":11.0},{"not_picked":["Deflect","Dagger Spray"],"picked":"Bullet Time","floor":12.0},{"not_picked":["Blur","Deflect"],"picked":"Bouncing Flask","floor":13.0},{"not_picked":["Dagger Throw","Deadly Poison"],"picked":"Finisher","floor":15.0},{"not_picked":["After Image","Adrenaline"],"picked":"Wraith Form v2","floor":16.0},{"not_picked":["Flechettes+1","Blur"],"picked":"Caltrops+1","floor":18.0},{"not_picked":["Poisoned Stab+1","Outmaneuver"],"picked":"Reflex","floor":21.0},{"not_picked":["Deadly Poison","Malaise"],"picked":"Catalyst","floor":23.0},{"not_picked":["Blade Dance","Underhanded Strike","Outmaneuver"],"picked":"SKIP","floor":25.0},{"not_picked":["Concentrate","Bane","Expertise"],"picked":"SKIP","floor":28.0},{"not_picked":["Outmaneuver","Blade Dance","Slice+1"],"picked":"SKIP","floor":29.0},{"not_picked":["Glass Knife","Adrenaline"],"picked":"Phantasmal Killer","floor":33.0},{"not_picked":["Blade Dance+1","Deflect"],"picked":"Predator","floor":35.0},{"not_picked":["Slice","Compile Driver","Conserve Battery"],"picked":"SKIP","floor":38.0},{"not_picked":["Slice","Compile Driver","Conserve Battery"],"picked":"SKIP","floor":38.0},{"not_picked":["Go for the Eyes","Fusion+1","Prepared"],"picked":"SKIP","floor":40.0},{"not_picked":["Compile Driver","Sword Boomerang+1","Cleave"],"picked":"SKIP","floor":41.0},{"not_picked":["Ghostly Armor","Ball Lightning"],"picked":"Predator","floor":42.0},{"not_picked":["Entrench+1","Sword Boomerang+1"],"picked":"Dash+1","floor":44.0},{"not_picked":["Thunder Strike+1","Wild Strike+1","Accuracy+1"],"picked":"SKIP","floor":46.0},{"not_picked":["Sweeping Beam+1","Warcry"],"picked":"Double Energy","floor":48.0}],"player_experience":2310896,"relics_obtained":[{"floor":9.0,"key":"Dream Catcher"},{"floor":19.0,"key":"Mercury Hourglass"},{"floor":23.0,"key":"Bronze Scales"},{"floor":26.0,"key":"Mummified Hand"},{"floor":28.0,"key":"Lantern"},{"floor":30.0,"key":"Omamori"},{"floor":40.0,"key":"Ancient Tea Set"},{"floor":42.0,"key":"Bird Faced Urn"},{"floor":43.0,"key":"Molten Egg 2"}],"event_choices":[{"damage_healed":0.0,"max_hp_gain":0.0,"max_hp_loss":0.0,"gold_gain":0.0,"event_name":"Accursed Blacksmith","player_choice":"Forge","floor":3.0,"gold_loss":0.0,"damage_taken":0.0,"cards_upgraded":["Underhanded Strike"]},{"damage_healed":0.0,"max_hp_gain":0.0,"max_hp_loss":0.0,"gold_gain":0.0,"event_name":"Addict","player_choice":"Stole Relic","floor":20.0,"gold_loss":0.0,"damage_taken":0.0,"relics_obtained":["Blood Vial"],"cards_obtained":["Shame"]},{"damage_healed":0.0,"max_hp_gain":0.0,"max_hp_loss":33.0,"gold_gain":0.0,"event_name":"Ghosts","player_choice":"Became a Ghost","floor":22.0,"gold_loss":0.0,"damage_taken":0.0,"cards_obtained":["Ghostly","Ghostly","Ghostly"]},{"damage_healed":0.0,"max_hp_gain":0.0,"max_hp_loss":0.0,"gold_gain":275.0,"event_name":"Golden Shrine","player_choice":"Desecrate","floor":36.0,"gold_loss":0.0,"damage_taken":0.0,"cards_obtained":["Regret"]},{"damage_healed":0.0,"max_hp_gain":0.0,"max_hp_loss":0.0,"gold_gain":0.0,"event_name":"Mysterious Sphere","player_choice":"Fight","floor":42.0,"gold_loss":0.0,"damage_taken":0.0},{"cards_removed":["Underhanded Strike"],"damage_healed":0.0,"max_hp_gain":0.0,"max_hp_loss":0.0,"gold_gain":0.0,"event_name":"Falling","player_choice":"Removed Attack","floor":45.0,"gold_loss":0.0,"damage_taken":0.0},{"damage_healed":0.0,"max_hp_gain":0.0,"max_hp_loss":0.0,"gold_gain":0.0,"event_name":"Tomb of Lord Red Mask","player_choice":"Paid","floor":47.0,"gold_loss":147.0,"damage_taken":0.0,"relics_obtained":["Red Mask"]}],"is_beta":false,"boss_relics":[{"not_picked":["Empty Cage","Busted Crown"],"picked":"HoveringKite"},{"not_picked":["Coffee Dripper","Lizard Tail"],"picked":"Astrolabe"}],"items_purged_floors":[37],"is_endless":false,"potions_floor_spawned":[2,4,10,11,16,23,25,38,42],"ascension_level":20}