{"gold_per_floor":[12,25,25,36,54,54,81,81,81,81,112,112,34,57,57,147,147,171,185,209,224,43,84,84,116,116,116,116,133,55,68,68,143,143,153,172,189,21,36,36,63,63,63,63],"floor_reached":44,"playtime":1736,"items_purged":[],"score":907,"play_id":"8b1b5c8b-c014-43ee-94f4-efb24ccd6438","local_time":"20181114011305","is_ascension_mode":true,"campfire_choices":[{"data":"Immolate","floor":6,"key":"SMITH"},{"data":"Perfected Strike","floor":8,"key":"SMITH"},{"data":"Perfected Strike","floor":10,"key":"SMITH"},{"data":"Warcry","floor":15,"key":"SMITH"},{"floor":28,"key":"REST"},{"data":"Perfected Strike","floor":32,"key":"SMITH"},{"data":"Perfected Strike","floor":40,"key":"SMITH"}],"neow_cost":"NO_GOLD","seed_source_timestamp":7321470182945,"circlet_count":0,"master_deck":["AscendersBane","Strike_R","Strike_R","Strike_R","Strike_R","Strike_R","Defend_R","Defend_R","Defend_R","Defend_R","Bash","Immolate+1","Power Through","Perfected Strike+1","Warcry+1","Twin Strike","Perfected Strike+1","Battle Trance","Evolve","Impervious","Twin Strike","Shrug It Off+1","Warcry","Dual Wield","Power Through+1","Perfected Strike+1","Armaments+1","Perfected Strike+1","Double Tap+1","Metallicize","Parasite","Pommel Strike","Madness+1","Madness+1"],"relics":["Burning Blood","Sundial","Bottled Lightning","Ornamental Fan","Bloody Idol","Velvet Choker","Bag of Marbles","Art of War","Happy Flower","Toxic Egg 2","Meat on the Bone","Coffee Dripper","PreservedInsect","Question Card","Shuriken"],"potions_floor_usage":[7,16,16,23,25,33,33,44,44],"damage_taken":[{"damage":0,"enemies":"Small Slimes","floor":1,"turns":2},{"damage":0,"enemies":"2 Louse","floor":2,"turns":1},{"damage":7,"enemies":"Jaw Worm","floor":4,"turns":2},{"damage":11,"enemies":"Exordium Wildlife","floor":5,"turns":5},{"damage":8,"enemies":"3 Sentries","floor":7,"turns":5},{"damage":21,"enemies":"Gremlin Nob","floor":11,"turns":4},{"damage":0,"enemies":"Gremlin Gang","floor":14,"turns":1},{"damage":43,"enemies":"Hexaghost","floor":16,"turns":8},{"damage":12,"enemies":"3 Byrds","floor":18,"turns":5},{"damage":11,"enemies":"2 Thieves","floor":19,"turns":3},{"damage":28,"enemies":"Centurion and Healer","floor":20,"turns":4},{"damage":0,"enemies":"Snake Plant","floor":21,"turns":3},{"damage":22,"enemies":"Book of Stabbing","floor":23,"turns":5},{"damage":7,"enemies":"Slavers","floor":25,"turns":2},{"damage":6,"enemies":"3 Cultists","floor":29,"turns":4},{"damage":0,"enemies":"Snecko","floor":31,"turns":2},{"damage":39,"enemies":"Collector","floor":33,"turns":7},{"damage":0,"enemies":"Orb Walker","floor":35,"turns":1},{"damage":11,"enemies":"3 Shapes","floor":36,"turns":3},{"damage":2,"enemies":"Sphere and 2 Shapes","floor":37,"turns":3},{"damage":26,"enemies":"Writhing Mass","floor":39,"turns":4},{"damage":12,"enemies":"Giant Head","floor":41,"turns":6},{"damage":63,"enemies":"Reptomancer","floor":44,"turns":2}],"seed_played":"7716084949734572373","potions_obtained":[{"floor":1,"key":"Block Potion"},{"floor":4,"key":"EssenceOfSteel"},{"floor":11,"key":"FearPotion"},{"floor":14,"key":"Regen Potion"},{"floor":18,"key":"PowerPotion"},{"floor":23,"key":"PowerPotion"},{"floor":25,"key":"SkillPotion"},{"floor":29,"key":"Poison Potion"},{"floor":36,"key":"SpeedPotion"},{"floor":39,"key":"PowerPotion"},{"floor":41,"key":"BloodPotion"}],"is_trial":false,"path_per_floor":["M","M","?","M","M","R","E","R","T","R","E","?","$","M","R","B",null,"M","M","M","M","$","E","?","E","T","T","R","M","$","M","R","B",null,"M","M","M","$","M","R","E","?","T","E"],"character_chosen":"IRONCLAD","items_purchased":["Battle Trance","Bag of Marbles","Warcry","Perfected Strike","Armaments+1","PreservedInsect"],"campfire_rested":1,"item_purchase_floors":[13,22,22,30,30,38],"current_hp_per_floor":[74,75,75,74,69,69,67,67,67,67,52,26,26,32,32,10,59,53,48,26,32,32,16,16,20,20,20,42,59,59,70,70,54,70,75,75,75,75,60,60,59,45,45,0],"gold":63,"neow_bonus":"THREE_RARE_CARDS","is_prod":false,"is_daily":false,"chose_seed":false,"campfire_upgraded":6,"win_rate":0,"timestamp":1542154385,"path_taken":["M","M","?","M","M","R","E","R","T","R","E","?","$","M","R","BOSS","M","M","M","M","$","E","?","E","T","?","R","M","?","M","R","BOSS","M","?","M","$","M","R","E","?","T","E"],"build_version":"2018-11-08","purchased_purges":0,"victory":false,"max_hp_per_floor":[75,75,75,75,75,75,75,75,75,75,75,75,75,75,75,75,75,75,75,75,75,75,75,75,75,75,75,75,75,75,75,75,75,75,75,75,75,75,75,75,75,75,75,75],"card_choices":[{"not_picked":["Double Tap","Impervious"],"picked":"Immolate","floor":0},{"not_picked":["Clothesline","Blood for Blood"],"picked":"Power Through","floor":1},{"not_picked":["Clash","Rage"],"picked":"Perfected Strike","floor":2},{"not_picked":["Armaments","Shrug It Off"],"picked":"Warcry","floor":4},{"not_picked":["True Grit","Anger"],"picked":"Twin Strike","floor":5},{"not_picked":["Cleave","Clash"],"picked":"Perfected Strike","floor":7},{"not_picked":["Flex","Whirlwind","Demon Form"],"picked":"SKIP","floor":11},{"not_picked":["Anger","Body Slam"],"picked":"Evolve","floor":14},{"not_picked":["Immolate","Limit Break"],"picked":"Impervious","floor":16},{"not_picked":["Seeing Red","Armaments","Heavy Blade"],"picked":"SKIP","floor":18},{"not_picked":["Havoc","Warcry"],"picked":"Twin Strike","floor":19},{"not_picked":["Cleave","Anger"],"picked":"Shrug It Off+1","floor":20},{"not_picked":["Bloodletting","Shrug It Off","Body Slam"],"picked":"SKIP","floor":21},{"not_picked":["Sword Boomerang","Inflame","Clash"],"picked":"SKIP","floor":23},{"not_picked":["Ghostly Armor","Sword Boomerang"],"picked":"Dual Wield","floor":25},{"not_picked":["Anger","Fiend Fire"],"picked":"Power Through+1","floor":29},{"not_picked":["Shrug It Off+1","Dual Wield+1"],"picked":"Perfected Strike","floor":31},{"not_picked":["Bludgeon","Juggernaut"],"picked":"Double Tap+1","floor":33},{"not_picked":["Evolve+1","Thunderclap","Clash"],"picked":"SKIP","floor":35},{"not_picked":["Cleave","Havoc+1","Headbutt"],"picked":"SKIP","floor":36},{"not_picked":["Flame Barrier+1","Burning Pact+1"],"picked":"Metallicize","floor":37},{"not_picked":["Reaper","Body Slam","Uppercut"],"picked":"SKIP","floor":39},{"not_picked":["Iron Wave","Shrug It Off+1"],"picked":"Pommel Strike","floor":41}],"player_experience":328861,"relics_obtained":[{"floor":7,"key":"Sundial"},{"floor":9,"key":"Bottled Lightning"},{"floor":11,"key":"Ornamental Fan"},{"floor":23,"key":"Art of War"},{"floor":25,"key":"Happy Flower"},{"floor":26,"key":"Toxic Egg 2"},{"floor":27,"key":"Meat on the Bone"},{"floor":41,"key":"Question Card"},{"floor":43,"key":"Shuriken"}],"event_choices":[{"damage_healed":0,"gold_gain":0,"player_choice":"Leave","damage_taken":0,"max_hp_gain":0,"max_hp_loss":0,"event_name":"The Cleric","floor":3,"gold_loss":0},{"damage_healed":0,"gold_gain":0,"player_choice":"Take Damage","damage_taken":26,"relics_obtained":["Golden Idol"],"max_hp_gain":0,"max_hp_loss":0,"event_name":"Golden Idol","floor":12,"gold_loss":0},{"damage_healed":0,"gold_gain":0,"player_choice":"Gave Idol","damage_taken":0,"relics_obtained":["Bloody Idol"],"max_hp_gain":0,"max_hp_loss":0,"event_name":"Forgotten Altar","floor":24,"relics_lost":["Golden Idol"],"gold_loss":0},{"damage_healed":0,"gold_gain":0,"player_choice":"Embrace Madness","damage_taken":14,"max_hp_gain":0,"max_hp_loss":0,"event_name":"Winding Halls","floor":42,"gold_loss":0,"cards_obtained":["Madness","Madness"]}],"is_beta":false,"boss_relics":[{"not_picked":["Calling Bell","White Beast Statue"],"picked":"Velvet Choker"},{"not_picked":["Runic Cube","Black Star"],"picked":"Coffee Dripper"}],"items_purged_floors":[],"is_endless":false,"potions_floor_spawned":[1,4,11,14,18,23,25,29,36,39,41],"killed_by":"Reptomancer","ascension_level":16}