{"gold_per_floor":[115,173,187,187,205,205,230,248,273,290,319,50,50,62,62,138,138,148,148,168,168,185,185,197,228,228,228,262,262,287,236,236,314,314,327,346,361,161,0,0,35,35,35,61,61,161,161,174,174,174],"floor_reached":51,"playtime":3050,"items_purged":["Strike_B"],"score":1409,"play_id":"7cd7dcd7-f01b-40ef-97be-405e3fc426a4","local_time":"20190125140917","is_ascension_mode":true,"campfire_choices":[{"data":"Zap","floor":6,"key":"SMITH"},{"data":"Streamline","floor":13,"key":"SMITH"},{"floor":15,"key":"REST"},{"data":"Self Repair","floor":23,"key":"SMITH"},{"data":"Go for the Eyes","floor":27,"key":"SMITH"},{"floor":32,"key":"REST"},{"data":"Glacier","floor":40,"key":"SMITH"},{"floor":49,"key":"REST"}],"neow_cost":"NONE","seed_source_timestamp":19867341423041,"circlet_count":0,"master_deck":["AscendersBane","Strike_B","Defend_B","Defend_B","Defend_B","Defend_B","Zap+1","Dualcast","Streamline+1","Glacier","Ball Lightning","Go for the Eyes+1","Self Repair+1","Ball Lightning","Echo Form","Conserve Battery+1","White Noise+1","Beam Cell","Ball Lightning","Glacier+1","Ball Lightning","Recycle","Capacitor","Creative AI","Glacier","Compile Driver"],"special_seed":0,"relics":["FrozenCore","Potion Belt","Bronze Scales","Bag of Preparation","ClockworkSouvenir","Snecko Eye","Bag of Marbles","Singing Bowl","Blue Candle","Kunai","Bottled Tornado","Vajra","Red Mask","War Paint","Mango","Symbiotic Virus","Nunchaku"],"potions_floor_usage":[7,11,25,28,33,37,41,44,48,50],"damage_taken":[{"damage":0.0,"enemies":"2 Louse","floor":1.0,"turns":1.0},{"damage":1.0,"enemies":"Jaw Worm","floor":3.0,"turns":3.0},{"damage":0,"enemies":"Cultist","floor":5,"turns":3},{"damage":15,"enemies":"3 Sentries","floor":7,"turns":12},{"damage":12,"enemies":"2 Fungi Beasts","floor":8,"turns":3},{"damage":11,"enemies":"Blue Slaver","floor":10,"turns":3},{"damage":11,"enemies":"Lagavulin","floor":11,"turns":6},{"damage":1,"enemies":"Exordium Thugs","floor":14,"turns":4},{"damage":39,"enemies":"Slime Boss","floor":16,"turns":11},{"damage":3,"enemies":"Chosen","floor":18,"turns":5},{"damage":0,"enemies":"3 Byrds","floor":20,"turns":3},{"damage":12,"enemies":"3 Cultists","floor":22,"turns":4},{"damage":0,"enemies":"Centurion and Healer","floor":24,"turns":5},{"damage":17,"enemies":"Gremlin Leader","floor":25,"turns":7},{"damage":3,"enemies":"Book of Stabbing","floor":28,"turns":5},{"damage":54,"enemies":"Gremlin Leader","floor":30,"turns":8},{"damage":7,"enemies":"Collector","floor":33,"turns":15},{"damage":13,"enemies":"3 Shapes","floor":35,"turns":5},{"damage":24,"enemies":"Orb Walker","floor":36,"turns":5},{"damage":25,"enemies":"4 Shapes","floor":37,"turns":7},{"damage":0,"enemies":"Giant Head","floor":41,"turns":12},{"damage":53,"enemies":"Reptomancer","floor":44,"turns":9},{"damage":5,"enemies":"Mind Bloom Boss Battle","floor":46,"turns":8},{"damage":8,"enemies":"Transient","floor":48,"turns":5},{"damage":48,"enemies":"Donu and Deca","floor":50,"turns":13}],"seed_played":"-7601088189508376720","potions_obtained":[{"floor":3.0,"key":"SpeedPotion"},{"floor":5,"key":"Poison Potion"},{"floor":8,"key":"LiquidBronze"},{"floor":18,"key":"SpeedPotion"},{"floor":24,"key":"LiquidBronze"},{"floor":25,"key":"Poison Potion"},{"floor":33,"key":"Fire Potion"},{"floor":35,"key":"Weak Potion"},{"floor":41,"key":"GamblersBrew"}],"is_trial":false,"path_per_floor":["M","?","M","?","M","R","E","M","T","M","E","$","R","M","R","B",null,"M","?","M","?","M","R","M","E","T","R","E","T","E","$","R","B",null,"M","M","M","$","?","R","E","?","T","E","?","?","?","M","R","B",null],"character_chosen":"DEFECT","items_purchased":["ClockworkSouvenir","SpeedPotion","Vajra","Compile Driver"],"campfire_rested":3,"item_purchase_floors":[12,31,38,38],"current_hp_per_floor":[64,64,63,63,63,63,48,36,36,25,14,14,14,20,41,9,56,60,60,71,51,53,53,73,76,76,76,76,76,44,44,67,70,76,73,71,58,58,58,58,60,62,76,45,45,62,62,76,106,78],"gold":174,"neow_bonus":"THREE_CARDS","is_prod":false,"is_daily":false,"chose_seed":false,"campfire_upgraded":5,"win_rate":0,"timestamp":1548454157,"path_taken":["M","?","M","?","M","R","E","M","T","M","E","$","R","M","R","BOSS","M","?","M","?","M","R","M","E","T","R","E","?","E","$","R","BOSS","M","M","M","$","?","R","E","?","T","E","?","?","?","M","R","BOSS"],"build_version":"2019-01-23","purchased_purges":1,"victory":true,"max_hp_per_floor":[71,71,71,71,71,71,71,71,71,71,71,71,71,71,71,71,71,71,71,71,76,76,76,76,76,76,76,76,76,78,78,78,78,78,78,80,82,82,82,82,84,86,100,102,102,104,104,106,106,106],"card_choices":[{"not_picked":["Capacitor","Redo"],"picked":"Streamline","floor":0.0},{"not_picked":["Steam","Tempest"],"picked":"Glacier","floor":1.0},{"not_picked":["Redo","Genetic Algorithm"],"picked":"Ball Lightning","floor":3.0},{"not_picked":["Leap","Fusion"],"picked":"Go for the Eyes","floor":5},{"not_picked":["Barrage","Turbo","Gash"],"picked":"SKIP","floor":7},{"not_picked":["Beam Cell","Streamline"],"picked":"Loop","floor":8},{"not_picked":["Lockon","Turbo","Go for the Eyes"],"picked":"SKIP","floor":10},{"not_picked":["Stack","Tempest"],"picked":"Self Repair","floor":11},{"not_picked":["Blizzard","Thunder Strike"],"picked":"Ball Lightning","floor":14},{"not_picked":["Multi-Cast","Core Surge"],"picked":"Echo Form","floor":16},{"not_picked":["Hello World","Steam"],"picked":"Conserve Battery","floor":18},{"not_picked":["Loop","Darkness"],"picked":"Ball Lightning","floor":20},{"not_picked":["Compile Driver+1","Melter"],"picked":"Glacier","floor":22},{"not_picked":["Beam Cell","Loop"],"picked":"Ball Lightning","floor":24},{"not_picked":["Multi-Cast","Reprogram"],"picked":"Recycle","floor":25},{"not_picked":["Cold Snap","Beam Cell"],"picked":"Capacitor","floor":28},{"not_picked":["Self Repair","Gash","Multi-Cast"],"picked":"Singing Bowl","floor":30},{"not_picked":["Amplify","Multi-Cast"],"picked":"Creative AI","floor":33},{"not_picked":["Leap","BootSequence"],"picked":"Glacier","floor":35},{"not_picked":["Streamline+1","Sweeping Beam","Steam"],"picked":"Singing Bowl","floor":36},{"not_picked":["Beam Cell","Ball Lightning","Reprogram"],"picked":"Singing Bowl","floor":37},{"not_picked":["Leap","Steam","Compile Driver"],"picked":"Singing Bowl","floor":41},{"not_picked":["Good Instincts","Impatience","Swift Strike"],"picked":"Singing Bowl","floor":42},{"not_picked":["Aggregate+1","Static Discharge","Rebound"],"picked":"Singing Bowl","floor":44},{"not_picked":["Sunder","Loop","FTL+1"],"picked":"Singing Bowl","floor":46},{"not_picked":["Heatsinks","Redo","Go for the Eyes+1"],"picked":"Singing Bowl","floor":48}],"player_experience":2054840,"relics_obtained":[{"floor":7,"key":"Potion Belt"},{"floor":9,"key":"Bronze Scales"},{"floor":11,"key":"Bag of Preparation"},{"floor":25,"key":"Bag of Marbles"},{"floor":26,"key":"Singing Bowl"},{"floor":28,"key":"Blue Candle"},{"floor":29,"key":"Kunai"},{"floor":30,"key":"Bottled Tornado"},{"floor":41,"key":"War Paint"},{"floor":43,"key":"Mango"},{"floor":44,"key":"Symbiotic Virus"},{"floor":46,"key":"Nunchaku"}],"event_choices":[{"damage_healed":0.0,"max_hp_gain":0.0,"max_hp_loss":0.0,"gold_gain":58.0,"event_name":"Golden Wing","player_choice":"Gained Gold","floor":2.0,"gold_loss":0.0,"damage_taken":0.0},{"damage_healed":0,"gold_gain":0,"player_choice":"Fled","damage_taken":0,"max_hp_gain":0,"max_hp_loss":0,"event_name":"Scrap Ooze","floor":4,"gold_loss":0},{"damage_healed":0,"gold_gain":0,"cards_transformed":["Strike_B","Strike_B"],"player_choice":"Became Test Subject","damage_taken":0,"max_hp_gain":0,"max_hp_loss":0,"event_name":"Drug Dealer","floor":19,"gold_loss":0,"cards_obtained":["White Noise","Beam Cell"]},{"damage_healed":0,"gold_gain":0,"player_choice":"Shed Blood","damage_taken":25,"max_hp_gain":5,"max_hp_loss":0,"event_name":"Forgotten Altar","floor":21,"gold_loss":0},{"damage_healed":0,"gold_gain":0,"player_choice":"Paid","damage_taken":0,"relics_obtained":["Red Mask"],"max_hp_gain":0,"max_hp_loss":0,"event_name":"Tomb of Lord Red Mask","floor":39,"gold_loss":161},{"damage_healed":0,"gold_gain":0,"player_choice":"Memory 1","damage_taken":0,"max_hp_gain":0,"max_hp_loss":0,"event_name":"SensoryStone","floor":42,"gold_loss":0},{"damage_healed":0,"gold_gain":0,"player_choice":"Ignored","damage_taken":0,"max_hp_gain":0,"max_hp_loss":0,"event_name":"Mysterious Sphere","floor":45,"gold_loss":0},{"damage_healed":0,"gold_gain":0,"player_choice":"Fight","damage_taken":0,"max_hp_gain":0,"max_hp_loss":0,"event_name":"MindBloom","floor":46,"gold_loss":0},{"cards_removed":["Loop"],"damage_healed":0,"gold_gain":0,"player_choice":"Removed Power","damage_taken":0,"max_hp_gain":0,"max_hp_loss":0,"event_name":"Falling","floor":47,"gold_loss":0}],"is_beta":false,"boss_relics":[{"not_picked":["Orrery","Calling Bell"],"picked":"Snecko Eye"},{"not_picked":["Eternal Feather","Coffee Dripper"],"picked":"FrozenCore"}],"items_purged_floors":[12],"is_endless":false,"potions_floor_spawned":[3,5,8,18,24,25,33,35,41],"ascension_level":15}