{"gold_per_floor":[112,130,150,150,162,189,189,219,219,230,254,280,312,37,37,37],"floor_reached":16,"playtime":2163,"items_purged":["Strike_G"],"score":132,"play_id":"e549a7a9-cf5c-4fc0-9a15-c9ae69041607","local_time":"20190128204011","is_ascension_mode":true,"campfire_choices":[{"floor":7,"key":"REST"},{"data":"Footwork","floor":15,"key":"SMITH"}],"neow_cost":"NONE","seed_source_timestamp":6599386626717,"circlet_count":0,"master_deck":["Defend_G","Defend_G","Defend_G","Defend_G","Defend_G","Strike_G","Strike_G","Strike_G","Strike_G","Survivor","Neutralize","Trip","Flying Knee","Terror","Blade Dance","Prepared","Footwork+1","Infinite Blades","All Out Attack+1","Backflip","Slice+1","Quick Slash+1"],"relics":["Ring of the Snake","Regal Pillow","Bag of Marbles","Molten Egg 2","Blood Vial","Odd Mushroom","Ancient Tea Set","Omamori","Pen Nib"],"potions_floor_usage":[8,8,16],"damage_taken":[{"damage":0,"enemies":"Small Slimes","floor":1,"turns":3},{"damage":1,"enemies":"Jaw Worm","floor":2,"turns":4},{"damage":0,"enemies":"Cultist","floor":3,"turns":3},{"damage":5,"enemies":"Red Slaver","floor":5,"turns":3},{"damage":37,"enemies":"Lagavulin","floor":6,"turns":7},{"damage":6,"enemies":"3 Sentries","floor":8,"turns":8},{"damage":5,"enemies":"3 Louse","floor":10,"turns":4},{"damage":9,"enemies":"The Mushroom Lair","floor":11,"turns":3},{"damage":25,"enemies":"Gremlin Nob","floor":13,"turns":5},{"damage":24,"enemies":"Slime Boss","floor":16,"turns":9}],"seed_played":"3592287866432200217","potions_obtained":[{"floor":3,"key":"Explosive Potion"},{"floor":5,"key":"SpeedPotion"},{"floor":6,"key":"Dexterity Potion"},{"floor":10,"key":"Ancient Potion"}],"is_trial":false,"path_per_floor":["M","M","M","?","M","E","R","E","T","M","?","T","E","$","R","B"],"character_chosen":"THE_SILENT","items_purchased":["Pen Nib","Quick Slash+1"],"campfire_rested":1,"item_purchase_floors":[14,14],"current_hp_per_floor":[70,69,69,62,57,20,56,50,50,47,40,40,17,17,17,0],"gold":37,"neow_bonus":"RANDOM_COLORLESS","is_prod":false,"is_daily":false,"chose_seed":false,"campfire_upgraded":1,"win_rate":0,"timestamp":1548715211,"path_taken":["M","M","M","?","M","E","R","E","T","M","?","?","E","$","R","BOSS"],"build_version":"2019-01-23","purchased_purges":1,"victory":false,"max_hp_per_floor":[70,70,70,70,70,70,70,70,70,70,70,70,70,70,70,70],"card_choices":[{"not_picked":["Expertise","Tactician"],"picked":"Flying Knee","floor":1},{"not_picked":["Reflex","Predator"],"picked":"Terror","floor":2},{"not_picked":["Deadly Poison","Bouncing Flask"],"picked":"Blade Dance","floor":3},{"not_picked":["Dash","Outmaneuver"],"picked":"Prepared","floor":5},{"not_picked":["Expertise","Calculated Gamble"],"picked":"Footwork","floor":6},{"not_picked":["Blur","Deadly Poison"],"picked":"Infinite Blades","floor":8},{"not_picked":["Masterful Stab+1","Dodge and Roll"],"picked":"All Out Attack+1","floor":10},{"not_picked":["Dagger Throw+1","Dagger Spray+1"],"picked":"Backflip","floor":11},{"not_picked":["Well Laid Plans","Reflex"],"picked":"Slice+1","floor":13}],"player_experience":127374,"relics_obtained":[{"floor":6,"key":"Bag of Marbles"},{"floor":8,"key":"Molten Egg 2"},{"floor":9,"key":"Blood Vial"},{"floor":11,"key":"Odd Mushroom"},{"floor":12,"key":"Ancient Tea Set"},{"floor":13,"key":"Omamori"}],"event_choices":[{"damage_healed":0,"gold_gain":0,"player_choice":"Success","damage_taken":7,"relics_obtained":["Regal Pillow"],"max_hp_gain":0,"max_hp_loss":0,"event_name":"Scrap Ooze","floor":4,"gold_loss":0},{"damage_healed":0,"gold_gain":0,"player_choice":"Fought Mushrooms","damage_taken":0,"max_hp_gain":0,"max_hp_loss":0,"event_name":"Mushrooms","floor":11,"gold_loss":0}],"is_beta":false,"boss_relics":[],"items_purged_floors":[14],"is_endless":false,"potions_floor_spawned":[3,5,6,10],"killed_by":"Slime Boss","ascension_level":2}