{"gold_per_floor":[114,129,138,138,153,183,183,198,223,238,238,88,103,118,118,218,218,183,183,8,23,23,23,15,15,15,45,60,75,187,87,87,100,100,115,115,80,80,30,60,60,75,150,150,165,165,180,195,195,145],"floor_reached":50,"playtime":2338,"items_purged":["Decay","Decay"],"score":528,"play_id":"e9b4c5ad-50dc-4a29-a67d-e44f8c03661c","local_time":"25620226233243","daily_mods":["Allstar","Blue Cards","Terminal"],"is_ascension_mode":false,"campfire_choices":[{"data":"Replay:Fractal Strike","floor":7,"key":"SMITH"},{"data":"Black Contract","floor":15,"key":"SMITH"},{"data":"Memory Alloy","floor":23,"key":"SMITH"},{"data":"Winding Magic","floor":25,"key":"SMITH"},{"data":"Here Defend Chip","floor":32,"key":"SMITH"},{"data":"Perfect Defend","floor":41,"key":"SMITH"},{"data":"Here Defend Chip+2","floor":44,"key":"SMITH"},{"data":"Here Defend Chip+3","floor":46,"key":"SMITH"},{"data":"Here Defend Chip+4","floor":49,"key":"SMITH"}],"neow_cost":"","seed_source_timestamp":0,"circlet_count":0,"master_deck":["Strike_C+1","Strike_C+1","Strike_C+1","Strike_C+1","Defend_C+1","Defend_C+1","Defend_C+1","Defend_C+1","Knight Kick+1","Chip+1","Thinking Ahead+1","strawberrySpire:Fade+1","Deep Breath+1","Panache+1","Master of Strategy+1","Gravity Defend+1","Rupture+1","Sub Weapons+1","Here Defend Chip+5","Decay","Replay:Fractal Strike+1","Twin Teeth+1","Lunge+1","Black Contract+1","Memory Alloy+1","Decay","Provocative+1","Meaballize+1","Afterwards+1","Judgment+1","Winding Magic+1","Shame","Cooling Song+1","New Defend Magic+1","Black Execution+1","Black Contract+1","Decay","Transfer Energy+1","Fire Up+1","Perfect Defend+1","Fixing+1","Fixing+1","Afterwards+1"],"special_seed":17953,"relics":["Apod","halation:AfternoonTea","halation:KoshaPiece","Dream Catcher","Bag of Marbles","jedi:endoplasm","Pet Ghost","Letter Opener","Tiny Chest","hubris:RunicObelisk","Mark of the Bloom","hubris:Icosahedron","infinitespire:Lucky Rock","infinitespire:Bottled Soul"],"potions_floor_usage":[6,16,16,24,33,40,40],"damage_taken":[{"damage":0,"enemies":"Cultist","floor":1,"turns":3},{"damage":0,"enemies":"Small Slimes","floor":2,"turns":4},{"damage":0,"enemies":"conspire:MimicChest","floor":3,"turns":5},{"damage":0,"enemies":"Jaw Worm","floor":5,"turns":5},{"damage":3,"enemies":"Lagavulin","floor":6,"turns":6},{"damage":2,"enemies":"Blue Slaver","floor":8,"turns":3},{"damage":0,"enemies":"3 Louse","floor":10,"turns":4},{"damage":0,"enemies":"Exordium Wildlife","floor":13,"turns":3},{"damage":1,"enemies":"2 Fungi Beasts","floor":14,"turns":3},{"damage":7,"enemies":"The Guardian","floor":16,"turns":11},{"damage":2,"enemies":"Shell Parasite","floor":18,"turns":4},{"damage":0,"enemies":"3 Byrds","floor":21,"turns":5},{"damage":4,"enemies":"Snecko","floor":24,"turns":3},{"damage":0,"enemies":"Cultist and Chosen","floor":28,"turns":5},{"damage":0,"enemies":"Snake Plant","floor":29,"turns":3},{"damage":0,"enemies":"Sentry and Sphere","floor":30,"turns":4},{"damage":12,"enemies":"Automaton","floor":33,"turns":9},{"damage":0,"enemies":"Orb Walker","floor":35,"turns":4},{"damage":2,"enemies":"3 Shapes","floor":37,"turns":4},{"damage":0,"enemies":"Giant Head","floor":40,"turns":8},{"damage":0,"enemies":"Spire Growth","floor":42,"turns":2},{"damage":0,"enemies":"3 Darklings","floor":45,"turns":2},{"damage":0,"enemies":"Jaw Worm Horde","floor":47,"turns":2},{"damage":0,"enemies":"Transient","floor":48,"turns":5},{"damage":28,"enemies":"conspire:OrnateMirror","floor":50,"turns":6}],"seed_played":"3640749256774158397","potions_obtained":[{"floor":2,"key":"Regen Potion"},{"floor":5,"key":"Adrenaline Potion"},{"floor":6,"key":"Elixir"},{"floor":8,"key":"Weak Potion"},{"floor":16,"key":"FearPotion"},{"floor":18,"key":"AttackPotion"},{"floor":28,"key":"Elixir"},{"floor":35,"key":"Fire Potion"},{"floor":45,"key":"Explosive Potion"},{"floor":47,"key":"Fire Potion"}],"is_trial":false,"path_per_floor":["M","M","?","?","M","E","R","M","T","M","?","$","M","M","R","B",null,"M","?","$","M","?","R","M","R","T","?","M","M","M","$","R","B",null,"M","?","M","?","$","E","R","M","T","R","M","R","M","M","R","B"],"character_chosen":"TD1MADAO_CLASS","items_purchased":["Bag of Marbles","Afterwards","Pet Ghost","Adrenaline Potion"],"campfire_rested":0,"item_purchase_floors":[12,20,20,39],"current_hp_per_floor":[68,67,66,65,64,61,61,59,59,59,52,52,52,51,51,44,52,50,50,49,48,47,46,42,42,42,42,41,40,39,38,37,35,35,34,33,31,31,30,29,28,27,26,25,24,23,22,21,20,0],"gold":145,"neow_bonus":"","is_prod":false,"is_daily":true,"chose_seed":false,"campfire_upgraded":9,"win_rate":0,"timestamp":1551198763,"path_taken":["M","M","?","?","M","E","R","?","T","M","?","$","M","M","R","BOSS","M","?","$","M","?","R","M","R","T","?","M","M","M","$","R","BOSS","M","?","M","?","$","E","R","M","T","R","M","R","M","?","R","BOSS"],"build_version":"2019-01-23","purchased_purges":2,"victory":false,"max_hp_per_floor":[68,67,66,65,64,63,62,61,60,59,58,57,56,55,54,53,52,51,50,49,48,47,46,45,44,43,42,41,40,39,38,37,36,35,34,33,32,31,30,29,28,27,26,25,24,23,22,21,20,20],"card_choices":[{"not_picked":["Bugfix","Weapon Shift"],"picked":"Gravity Defend","floor":1},{"not_picked":["Black Shadow","Awareness"],"picked":"Rupture","floor":2},{"not_picked":["Black Shadow","Fixing"],"picked":"Sub Weapons","floor":3},{"not_picked":["Sub Weapons","Cursed Blade"],"picked":"Here Defend Chip","floor":5},{"not_picked":["hubris:Rewind","infinitespire:UltimateForm"],"picked":"Replay:Fractal Strike","floor":6},{"not_picked":["Rupture","Lore"],"picked":"Twin Teeth","floor":6},{"not_picked":["Black Shadow","Revenge"],"picked":"Lunge","floor":8},{"not_picked":["Black Dance","Lunge"],"picked":"Black Contract","floor":10},{"not_picked":["White Contract","Preloading","Oblique Hack"],"picked":"SKIP","floor":13},{"not_picked":["Machining","Preloading","Optimization"],"picked":"SKIP","floor":14},{"not_picked":["Retrieval Recycling","Backup"],"picked":"Memory Alloy","floor":16},{"not_picked":["Fire Up","White Contract"],"picked":"Provocative+1","floor":18},{"not_picked":["Lunge","Fire Up"],"picked":"Judgment","floor":21},{"not_picked":["Provocative","White Contract+1"],"picked":"Winding Magic","floor":24},{"not_picked":["Black Execution","Reflection Mechanism+1"],"picked":"Cooling Song","floor":28},{"not_picked":["Optimization","Rupture"],"picked":"New Defend Magic","floor":29},{"not_picked":["Fixing+1","Twin Teeth"],"picked":"Black Execution+1","floor":30},{"not_picked":["Moon Tear","Backup"],"picked":"Black Contract","floor":33},{"not_picked":["Black Shadow","Reflection Mechanism+1"],"picked":"Transfer Energy+1","floor":35},{"not_picked":["Lunge+1","Ruin Defend"],"picked":"Fire Up+1","floor":37},{"not_picked":["White Contract","Here Defend Chip"],"picked":"Perfect Defend","floor":40},{"not_picked":["Black Hand","Money Cant Rescue"],"picked":"Fixing+1","floor":42},{"not_picked":["Preloading","Break Into"],"picked":"Fixing+1","floor":45},{"not_picked":["Load Balancing","Fire Blade+1"],"picked":"Afterwards+1","floor":47},{"not_picked":["Black Hand+1","Here Defend Chip","Pod Fire"],"picked":"SKIP","floor":48}],"player_experience":409449,"relics_obtained":[{"floor":3,"key":"halation:AfternoonTea"},{"floor":6,"key":"halation:KoshaPiece"},{"floor":9,"key":"Dream Catcher"},{"floor":26,"key":"Letter Opener"},{"floor":40,"key":"infinitespire:Lucky Rock"},{"floor":43,"key":"infinitespire:Bottled Soul"}],"event_choices":[{"damage_healed":0,"gold_gain":0,"player_choice":"Leave","damage_taken":0,"max_hp_gain":0,"max_hp_loss":0,"event_name":"conspire:Investor","floor":4,"gold_loss":0},{"cards_removed":["Decay"],"damage_healed":0,"gold_gain":0,"player_choice":"Card Removal","damage_taken":7,"max_hp_gain":0,"max_hp_loss":0,"event_name":"Golden Wing","floor":11,"gold_loss":0},{"damage_healed":0,"gold_gain":0,"player_choice":"Read","damage_taken":0,"max_hp_gain":0,"max_hp_loss":0,"event_name":"The Library","floor":19,"gold_loss":0,"cards_obtained":["Meaballize"]},{"damage_healed":0,"gold_gain":0,"player_choice":"Stole Relic","damage_taken":0,"relics_obtained":["Tiny Chest"],"max_hp_gain":0,"max_hp_loss":0,"event_name":"Addict","floor":27,"gold_loss":0,"cards_obtained":["Shame"]},{"damage_healed":0,"gold_gain":0,"player_choice":"Upgrade","damage_taken":0,"relics_obtained":["Mark of the Bloom"],"max_hp_gain":0,"max_hp_loss":0,"event_name":"MindBloom","floor":36,"gold_loss":0,"cards_upgraded":["Strike_C","Strike_C","Strike_C","Strike_C","Defend_C","Defend_C","Defend_C","Defend_C","Knight Kick","Chip","Thinking Ahead","strawberrySpire:Fade","Deep Breath","Panache","Master of Strategy","Gravity Defend","Rupture","Sub Weapons","Here Defend Chip","Twin Teeth","Lunge","Meaballize","Afterwards","Judgment","Cooling Song","New Defend Magic","Black Contract"]}],"is_beta":false,"boss_relics":[{"not_picked":["Empty Cage","hubris:TerracottaHorce"],"picked":"jedi:endoplasm"},{"not_picked":["hubris:CrackedHourglass","hubris:GrandSneckoEye"],"picked":"hubris:RunicObelisk"}],"items_purged_floors":[20,31],"is_endless":false,"potions_floor_spawned":[2,5,6,8,16,18,28,35,37,45,47],"killed_by":"conspire:OrnateMirror","ascension_level":0}