{"gold_per_floor":[16,16,16,27,43,43,69,83,160,180,190,190,190,208,208,331,331,356,356,131,145,169,169],"floor_reached":23,"playtime":1456,"items_purged":["Injury"],"score":257,"play_id":"69ca4b36-2751-45ff-95a3-31fecc24342f","local_time":"20181013233938","is_ascension_mode":true,"campfire_choices":[{"data":"Chaos","floor":6,"key":"SMITH"},{"data":"Electrodynamics","floor":13,"key":"SMITH"},{"data":"Darkness","floor":15,"key":"SMITH"}],"neow_cost":"NO_GOLD","seed_source_timestamp":276035720872709,"circlet_count":0,"master_deck":["Zap","Dualcast","Rainbow+1","Chaos+1","Recycle","Electrodynamics+1","Darkness+1","Conserve Battery","Cold Snap","Thunder Strike","Undo","Gash+1","Fusion","Doom and Gloom","Redo","Leap","Sweeping Beam+1","Storm","Cold Snap"],"relics":["Cracked Core","FossilizedHelix","Meat on the Bone","Golden Idol","Pandora\u0027s Box","Nilry\u0027s Codex","Whetstone"],"potions_floor_usage":[7,10,16,16,16,23,23],"damage_taken":[{"damage":0,"enemies":"Cultist","floor":1,"turns":4},{"damage":5,"enemies":"Small Slimes","floor":4,"turns":3},{"damage":6,"enemies":"Jaw Worm","floor":5,"turns":4},{"damage":38,"enemies":"Gremlin Nob","floor":7,"turns":4},{"damage":0,"enemies":"Large Slime","floor":8,"turns":4},{"damage":4,"enemies":"Gremlin Gang","floor":10,"turns":2},{"damage":0,"enemies":"Looter","floor":11,"turns":2},{"damage":0,"enemies":"Exordium Wildlife","floor":14,"turns":3},{"damage":0,"enemies":"Slime Boss","floor":16,"turns":7},{"damage":16,"enemies":"2 Thieves","floor":18,"turns":3},{"damage":34,"enemies":"Chosen","floor":21,"turns":6},{"damage":10,"enemies":"Sentry and Sphere","floor":22,"turns":4},{"damage":25,"enemies":"Book of Stabbing","floor":23,"turns":3}],"seed_played":"1423611426515067731","potions_obtained":[{"floor":1,"key":"SkillPotion"},{"floor":8,"key":"Fire Potion"},{"floor":10,"key":"EssenceOfSteel"},{"floor":11,"key":"AttackPotion"},{"floor":14,"key":"Energy Potion"},{"floor":18,"key":"AttackPotion"},{"floor":22,"key":"AttackPotion"}],"is_trial":false,"path_per_floor":["M","?","?","M","M","R","E","M","T","M","M","?","R","M","R","B",null,"M","?","$","M","M"],"character_chosen":"DEFECT","items_purchased":["Whetstone"],"campfire_rested":0,"item_purchase_floors":[20],"current_hp_per_floor":[75,75,68,63,57,57,19,19,19,27,39,39,39,39,39,39,75,59,43,43,21,23,0],"gold":169,"neow_bonus":"THREE_RARE_CARDS","is_prod":false,"is_daily":false,"chose_seed":false,"campfire_upgraded":3,"win_rate":0,"timestamp":1539488378,"path_taken":["M","?","?","M","M","R","E","M","T","M","M","?","R","?","R","BOSS","M","?","$","?","M","E"],"build_version":"2018-10-11","purchased_purges":1,"victory":false,"max_hp_per_floor":[75,75,75,75,75,75,75,75,75,75,75,75,75,75,75,75,75,75,75,75,75,75,75],"card_choices":[{"not_picked":["Biased Cognition","All For One"],"picked":"Rainbow","floor":0},{"not_picked":["Cold Snap","Redo"],"picked":"Chaos","floor":1},{"not_picked":["Aggregate","Barrage"],"picked":"Recycle","floor":4},{"not_picked":["Double Energy","Rebound","Stack"],"picked":"SKIP","floor":5},{"not_picked":["Go for the Eyes","BootSequence"],"picked":"Electrodynamics","floor":7},{"not_picked":["Barrage","Skim"],"picked":"Darkness","floor":8},{"not_picked":["Compile Driver","Sweeping Beam"],"picked":"Conserve Battery","floor":10},{"not_picked":["Barrage","Compile Driver","Reprogram"],"picked":"SKIP","floor":11},{"not_picked":["Streamline","Beam Cell"],"picked":"Cold Snap","floor":14},{"not_picked":["Amplify","Core Surge"],"picked":"Thunder Strike","floor":16},{"not_picked":["Go for the Eyes+1","Coolheaded"],"picked":"Storm","floor":18},{"not_picked":["Reprogram+1","Chill"],"picked":"Cold Snap","floor":21},{"not_picked":["Skim","Sunder","Streamline+1"],"picked":"SKIP","floor":22}],"player_experience":53571,"relics_obtained":[{"floor":7,"key":"FossilizedHelix"},{"floor":9,"key":"Meat on the Bone"},{"floor":19,"key":"Nilry\u0027s Codex"}],"event_choices":[{"event_name":"Accursed Blacksmith","player_choice":"Forge","floor":2,"damage_taken":0},{"event_name":"Golden Wing","player_choice":"Card Removal","floor":3,"damage_taken":0},{"event_name":"Golden Idol","player_choice":"Take Wound","floor":12,"damage_taken":0},{"event_name":"Cursed Tome","player_choice":"Obtained Book","floor":19,"damage_taken":0}],"is_beta":false,"boss_relics":[{"not_picked":["Coffee Dripper","Sozu"],"picked":"Pandora\u0027s Box"}],"items_purged_floors":[20],"is_endless":false,"potions_floor_spawned":[1,8,10,11,14,18,22],"killed_by":"Book of Stabbing","ascension_level":1}