{"gold_per_floor":[114,134,146,157,171,203,264,264,314,314,314,215,230,263,263,263],"floor_reached":16,"playtime":2245,"items_purged":["Deep Breath"],"score":112,"play_id":"4d54922a-5295-46ad-8130-5c64b873aba0","local_time":"20190102002932","is_ascension_mode":false,"campfire_choices":[{"data":"Cold Snap","floor":8,"key":"SMITH"},{"data":"Fusion","floor":11,"key":"SMITH"},{"floor":15,"key":"REST"}],"neow_cost":"NONE","seed_source_timestamp":13094362790607,"circlet_count":0,"master_deck":["Strike_B","Strike_B","Strike_B","Strike_B","Defend_B","Defend_B","Defend_B","Defend_B","Zap","Dualcast","Stack","Compile Driver","Stack","Cold Snap+1","Gash","Self Repair","Fusion+1","Stack","Sweeping Beam","Coolheaded"],"relics":["Cracked Core","Mummified Hand","Pear","Happy Flower","GremlinMask","Centennial Puzzle"],"potions_floor_usage":[7],"damage_taken":[{"damage":2,"enemies":"Small Slimes","floor":1,"turns":4},{"damage":0,"enemies":"Cultist","floor":2,"turns":3},{"damage":1,"enemies":"Jaw Worm","floor":3,"turns":5},{"damage":6,"enemies":"Blue Slaver","floor":4,"turns":5},{"damage":0,"enemies":"3 Louse","floor":5,"turns":5},{"damage":32,"enemies":"Gremlin Nob","floor":6,"turns":5},{"damage":18,"enemies":"3 Sentries","floor":7,"turns":8},{"damage":5,"enemies":"Looter","floor":13,"turns":2},{"damage":20,"enemies":"Lagavulin","floor":14,"turns":7},{"damage":47,"enemies":"Hexaghost","floor":16,"turns":14}],"seed_played":"-746427274252984913","potions_obtained":[{"floor":1,"key":"Ancient Potion"},{"floor":3,"key":"LiquidBronze"},{"floor":5,"key":"Block Potion"},{"floor":14,"key":"SpeedPotion"}],"is_trial":false,"path_per_floor":["M","M","M","M","M","E","?","R","T","?","R","$","M","E","R","B"],"character_chosen":"DEFECT","items_purchased":["Stack"],"campfire_rested":1,"item_purchase_floors":[12],"current_hp_per_floor":[73,73,72,66,66,34,33,33,33,33,33,33,28,15,40,0],"gold":263,"neow_bonus":"RANDOM_COLORLESS","is_prod":false,"is_daily":false,"chose_seed":false,"campfire_upgraded":2,"win_rate":0.0,"timestamp":1546396172,"path_taken":["M","M","M","M","M","E","?","R","T","?","R","$","?","E","R","BOSS"],"build_version":"2018-12-20","purchased_purges":1,"victory":false,"max_hp_per_floor":[75,75,75,75,75,75,85,85,85,85,85,85,85,85,85,85],"card_choices":[{"not_picked":["Rebound","Streamline"],"picked":"Stack","floor":1},{"not_picked":["Chaos","Stack"],"picked":"Compile Driver","floor":2},{"not_picked":["Go for the Eyes","Hologram"],"picked":"Stack","floor":3},{"not_picked":["Undo","Melter"],"picked":"Cold Snap","floor":4},{"not_picked":["Leap","Static Discharge"],"picked":"Gash","floor":5},{"not_picked":["Compile Driver","Cold Snap"],"picked":"Self Repair","floor":6},{"not_picked":["Cold Snap","Darkness"],"picked":"Fusion","floor":7},{"not_picked":["Go for the Eyes","Barrage"],"picked":"Sweeping Beam","floor":13},{"not_picked":["Defragment","Fusion"],"picked":"Coolheaded","floor":14}],"player_experience":41673,"relics_obtained":[{"floor":6,"key":"Mummified Hand"},{"floor":7,"key":"Pear"},{"floor":9,"key":"Happy Flower"},{"floor":14,"key":"Centennial Puzzle"}],"event_choices":[{"damage_healed":0,"gold_gain":30,"player_choice":"Searched \u00273\u0027 times","damage_taken":0,"max_hp_gain":0,"max_hp_loss":0,"event_name":"Dead Adventurer","floor":7,"gold_loss":0},{"damage_healed":0,"gold_gain":0,"player_choice":"Trade","damage_taken":0,"relics_obtained":["GremlinMask"],"max_hp_gain":0,"max_hp_loss":0,"event_name":"FaceTrader","floor":10,"gold_loss":0}],"is_beta":false,"boss_relics":[],"items_purged_floors":[12],"is_endless":false,"potions_floor_spawned":[1,3,5,14],"killed_by":"Hexaghost","ascension_level":0}