{"gold_per_floor":[116,129,129,204,224,224,224,234,310,310,336,125,142,177,177,255,255,267,267,267,167,187,187,112,112],"floor_reached":25,"playtime":495,"items_purged":["Strike_B","Strike_B"],"score":468,"play_id":"5ee460c6-184b-488a-9aa7-2293dc61fb65","local_time":"20190114142249","is_ascension_mode":true,"campfire_choices":[{"data":"Zap","floor":6,"key":"SMITH"},{"floor":10,"key":"REST"},{"data":"Static Discharge","floor":15,"key":"SMITH"},{"data":"Glacier","floor":23,"key":"SMITH"}],"neow_cost":"NONE","seed_source_timestamp":331383395673048,"circlet_count":0,"master_deck":["AscendersBane","Strike_B","Defend_B","Defend_B","Defend_B","Defend_B","Zap+1","Dualcast","Sunder+1","Gash","Glacier+1","Static Discharge+1","Leap","Hologram","Echo Form"],"relics":["Cracked Core","NeowsBlessing","Regal Pillow","Symbiotic Virus","Pen Nib","Orichalcum","Velvet Choker"],"potions_floor_usage":[11,14],"damage_taken":[{"damage":0,"enemies":"Small Slimes","floor":1,"turns":1},{"damage":0,"enemies":"Jaw Worm","floor":2,"turns":1},{"damage":0,"enemies":"2 Louse","floor":5,"turns":1},{"damage":10,"enemies":"Exordium Wildlife","floor":8,"turns":3},{"damage":0,"enemies":"Lagavulin","floor":11,"turns":5},{"damage":4,"enemies":"Large Slime","floor":13,"turns":3},{"damage":4,"enemies":"Gremlin Nob","floor":14,"turns":3},{"damage":5,"enemies":"The Guardian","floor":16,"turns":11},{"damage":4,"enemies":"Chosen","floor":18,"turns":3},{"damage":18,"enemies":"3 Byrds","floor":22,"turns":3},{"damage":47,"enemies":"Book of Stabbing","floor":25,"turns":4}],"seed_played":"-1420723740187949478","potions_obtained":[{"floor":1,"key":"Poison Potion"},{"floor":8,"key":"FearPotion"},{"floor":11,"key":"FearPotion"},{"floor":16,"key":"Explosive Potion"}],"is_trial":false,"path_per_floor":["M","M","?","?","M","R","?","M","T","R","E","$","M","E","R","B",null,"M","?","?","$","M","R","?","E"],"character_chosen":"DEFECT","items_purchased":["Static Discharge","Leap"],"campfire_rested":1,"item_purchase_floors":[12,12],"current_hp_per_floor":[64,64,64,53,53,53,48,38,38,71,71,71,67,63,63,58,68,64,64,64,64,46,46,46,0],"gold":112,"neow_bonus":"THREE_ENEMY_KILL","is_prod":false,"is_daily":false,"chose_seed":false,"campfire_upgraded":3,"win_rate":0,"timestamp":1547493769,"path_taken":["M","M","?","?","?","R","?","M","T","R","E","?","M","E","R","BOSS","M","?","?","?","M","R","?","E"],"build_version":"2019-01-10","purchased_purges":2,"victory":false,"max_hp_per_floor":[71,71,71,71,71,71,71,71,71,71,71,71,71,71,71,71,71,71,71,71,71,71,71,71,71],"card_choices":[{"not_picked":["Conserve Battery","Rebound"],"picked":"Sunder","floor":1},{"not_picked":["Steam","Tempest"],"picked":"Gash","floor":5},{"not_picked":["Gash","Streamline"],"picked":"Glacier","floor":8},{"not_picked":["Steam Power","Barrage","Hologram"],"picked":"SKIP","floor":13},{"not_picked":["Steam Power","Barrage"],"picked":"Hologram","floor":13},{"not_picked":["Redo","Meteor Strike","Heatsinks"],"picked":"SKIP","floor":14},{"not_picked":["Meteor Strike","Amplify"],"picked":"Echo Form","floor":16},{"not_picked":["Beam Cell+1","Leap","Lockon"],"picked":"SKIP","floor":18},{"not_picked":["Leap","Reprogram","Barrage"],"picked":"SKIP","floor":22}],"player_experience":1627718,"relics_obtained":[{"floor":9,"key":"Symbiotic Virus"},{"floor":11,"key":"Pen Nib"},{"floor":14,"key":"Orichalcum"}],"event_choices":[{"damage_healed":0,"gold_gain":0,"player_choice":"Grow","damage_taken":0,"max_hp_gain":0,"max_hp_loss":0,"event_name":"Living Wall","floor":3,"gold_loss":0,"cards_upgraded":["Sunder"]},{"damage_healed":0,"gold_gain":75,"player_choice":"Gather Gold","damage_taken":11,"max_hp_gain":0,"max_hp_loss":0,"event_name":"World of Goop","floor":4,"gold_loss":0},{"damage_healed":0,"gold_gain":0,"player_choice":"Success","damage_taken":5,"relics_obtained":["Regal Pillow"],"max_hp_gain":0,"max_hp_loss":0,"event_name":"Scrap Ooze","floor":7,"gold_loss":0},{"damage_healed":0,"gold_gain":0,"player_choice":"Ignored","damage_taken":0,"max_hp_gain":0,"max_hp_loss":0,"event_name":"Ghosts","floor":19,"gold_loss":0},{"damage_healed":0,"gold_gain":0,"player_choice":"Ignored","damage_taken":0,"max_hp_gain":0,"max_hp_loss":0,"event_name":"Vampires","floor":20,"gold_loss":0},{"cards_removed":["Strike_B"],"damage_healed":0,"gold_gain":0,"player_choice":"Gave Gold","damage_taken":0,"max_hp_gain":0,"max_hp_loss":0,"event_name":"Beggar","floor":24,"gold_loss":75}],"is_beta":true,"boss_relics":[{"not_picked":["Coffee Dripper","Runic Dome"],"picked":"Velvet Choker"}],"items_purged_floors":[12,21],"is_endless":false,"potions_floor_spawned":[1,8,11,16,18],"killed_by":"Book of Stabbing","ascension_level":20}