{"gold_per_floor":[114,114,131,7,7,7,42,42,66,76,76,105,118,145,145,224,224,243,253,265,265,285,285,295,295,295,325,325,337,337,350,350,424,424,434,361,372,422,472,472,472],"floor_reached":41,"playtime":2708,"items_purged":["Strike_R"],"score":754,"play_id":"d300a347-f74d-4333-9832-7f1a5234a206","local_time":"20180728171302","is_ascension_mode":true,"campfire_choices":[{"data":"Armaments","floor":6.0,"key":"SMITH"},{"floor":8.0,"key":"REST"},{"data":"Demon Form","floor":11.0,"key":"SMITH"},{"data":"True Grit","floor":15.0,"key":"SMITH"},{"floor":23.0,"key":"REST"},{"floor":28.0,"key":"REST"},{"floor":30.0,"key":"REST"},{"floor":32.0,"key":"REST"},{"data":"Flame Barrier","floor":40.0,"key":"SMITH"}],"neow_cost":"NONE","seed_source_timestamp":33751329238661,"circlet_count":0,"master_deck":["Strike_R","Strike_R+1","Strike_R","Defend_R","Defend_R","Defend_R","Bash+1","AscendersBane","Armaments+1","Iron Wave","Demon Form+1","Pommel Strike","Flame Barrier+1","Metallicize","True Grit+1","Impervious","Feed","Cleave","Whirlwind","Twin Strike+1","Disarm","Shrug It Off+1","Headbutt"],"special_seed":0,"relics":["Burning Blood","Boot","Bottled Tornado","Whetstone","Ornamental Fan","Strawberry","Mark of Pain","Juzu Bracelet","SsserpentHead","Darkstone Periapt","Shuriken","Orrery"],"potions_floor_usage":[],"damage_taken":[{"damage":3.0,"enemies":"Jaw Worm","floor":1.0,"turns":4.0},{"damage":3.0,"enemies":"2 Louse","floor":3.0,"turns":4.0},{"damage":54.0,"enemies":"Gremlin Nob","floor":7.0,"turns":5.0},{"damage":0.0,"enemies":"Cultist","floor":10.0,"turns":4.0},{"damage":19.0,"enemies":"3 Sentries","floor":12.0,"turns":6.0},{"damage":6.0,"enemies":"Looter","floor":13.0,"turns":4.0},{"damage":5.0,"enemies":"Gremlin Nob","floor":14.0,"turns":4.0},{"damage":34.0,"enemies":"Slime Boss","floor":16.0,"turns":10.0},{"damage":13.0,"enemies":"Spheric Guardian","floor":18.0,"turns":6.0},{"damage":9.0,"enemies":"Chosen","floor":19.0,"turns":5.0},{"damage":8.0,"enemies":"Centurion and Healer","floor":20.0,"turns":8.0},{"damage":20.0,"enemies":"Chosen and Byrds","floor":22.0,"turns":7.0},{"damage":21.0,"enemies":"Snake Plant","floor":24.0,"turns":4.0},{"damage":23.0,"enemies":"Gremlin Leader","floor":27.0,"turns":6.0},{"damage":22.0,"enemies":"Sentry and Sphere","floor":29.0,"turns":6.0},{"damage":33.0,"enemies":"Cultist and Chosen","floor":31.0,"turns":6.0},{"damage":31.0,"enemies":"Champ","floor":33.0,"turns":9.0},{"damage":10.0,"enemies":"3 Shapes","floor":35.0,"turns":8.0},{"damage":15.0,"enemies":"Orb Walker","floor":37.0,"turns":4.0},{"damage":77,"enemies":"Giant Head","floor":41,"turns":7}],"seed_played":"3736305884112206022","potions_obtained":[{"floor":3.0,"key":"Regen Potion"},{"floor":7.0,"key":"Poison Potion"},{"floor":14.0,"key":"Swift Potion"},{"floor":16.0,"key":"PowerPotion"},{"floor":27.0,"key":"LiquidBronze"}],"is_trial":false,"path_per_floor":["M","?","M","$","?","R","E","R","T","M","R","E","M","E","R","B",null,"M","M","M","T","M","R","M","?","T","E","R","M","R","M","R","B",null,"M","$","M","?","?","R"],"character_chosen":"IRONCLAD","items_purchased":["Demon Form","Pommel Strike","Dexterity Potion"],"campfire_rested":5,"item_purchase_floors":[4,4,36],"current_hp_per_floor":[71,64,67,67,67,67,19,41,41,47,47,49,49,57,57,29,69,62,59,60,60,46,71,59,59,59,42,68,52,78,51,77,52,79,79,79,70,70,70,70,0],"gold":472,"neow_bonus":"RANDOM_COMMON_RELIC","is_prod":false,"is_daily":false,"chose_seed":false,"campfire_upgraded":4,"win_rate":0,"timestamp":1532823182,"path_taken":["M","?","M","$","?","R","E","R","T","M","R","E","M","E","R","BOSS","M","M","M","?","M","R","M","?","T","E","R","M","R","M","R","BOSS","M","?","M","?","?","R","E"],"build_version":"2018-07-26","purchased_purges":1,"victory":false,"max_hp_per_floor":[75,75,75,75,75,75,75,75,75,75,75,75,75,82,82,82,82,82,82,85,85,85,85,88,88,88,88,88,88,88,88,88,88,88,92,92,92,92,92,92,92],"card_choices":[{"not_picked":["Cleave","Infernal Blade"],"picked":"Armaments","floor":1.0},{"not_picked":["Armaments","Hemokinesis"],"picked":"Iron Wave","floor":3.0},{"not_picked":["Thunderclap","Blood for Blood"],"picked":"Flame Barrier","floor":7.0},{"not_picked":["Perfected Strike","Armaments"],"picked":"Metallicize","floor":10.0},{"not_picked":["Pommel Strike","Demon Form","Iron Wave"],"picked":"SKIP","floor":12.0},{"not_picked":["Bloodletting","Havoc"],"picked":"True Grit","floor":13.0},{"not_picked":["Combust","Reckless Charge"],"picked":"Impervious","floor":14.0},{"not_picked":["Impervious","Bludgeon"],"picked":"Feed","floor":16.0},{"not_picked":["Carnage+1","Flex","Uppercut"],"picked":"SKIP","floor":18.0},{"not_picked":["Metallicize","Clothesline","Blood for Blood"],"picked":"SKIP","floor":19.0},{"not_picked":["Iron Wave","Sentinel"],"picked":"Cleave","floor":20.0},{"not_picked":["Hemokinesis","Combust"],"picked":"Whirlwind","floor":22.0},{"not_picked":["True Grit","Perfected Strike"],"picked":"Twin Strike+1","floor":24.0},{"not_picked":["Sentinel","Warcry","Hemokinesis"],"picked":"SKIP","floor":27.0},{"not_picked":["Searing Blow","Armaments","Burning Pact+1"],"picked":"SKIP","floor":29.0},{"not_picked":["Fire Breathing","Body Slam","Clash"],"picked":"SKIP","floor":31.0},{"not_picked":["Fiend Fire","Clothesline"],"picked":"Disarm","floor":34.0},{"not_picked":["Reckless Charge","Twin Strike+1"],"picked":"Shrug It Off","floor":34.0},{"not_picked":["Flex","Dropkick"],"picked":"Headbutt","floor":34.0},{"not_picked":["Sentinel","Perfected Strike+1","Warcry+1"],"picked":"SKIP","floor":35.0},{"not_picked":["Blood for Blood","Headbutt+1","Anger+1"],"picked":"SKIP","floor":37.0}],"player_experience":923696,"relics_obtained":[{"floor":7.0,"key":"Bottled Tornado"},{"floor":9.0,"key":"Whetstone"},{"floor":12.0,"key":"Ornamental Fan"},{"floor":14.0,"key":"Strawberry"},{"floor":21.0,"key":"Juzu Bracelet"},{"floor":26.0,"key":"Darkstone Periapt"},{"floor":27.0,"key":"Shuriken"}],"event_choices":[{"event_name":"Golden Wing","player_choice":"Card Removal","floor":2.0,"damage_taken":0.0},{"event_name":"The Cleric","player_choice":"Leave","floor":5.0,"damage_taken":0.0},{"event_name":"FaceTrader","player_choice":"Trade","floor":25.0,"damage_taken":0.0},{"event_name":"Falling","player_choice":"Removed Attack","floor":38.0,"damage_taken":0.0},{"event_name":"Upgrade Shrine","player_choice":"Upgraded","floor":39.0,"damage_taken":0.0}],"is_beta":false,"boss_relics":[{"not_picked":["Pandora\u0027s Box","Philosopher\u0027s Stone"],"picked":"Mark of Pain"},{"not_picked":["Calling Bell","Busted Crown"],"picked":"Orrery"}],"items_purged_floors":[36],"is_endless":false,"potions_floor_spawned":[3,7,14,16,18,19,20,27],"killed_by":"Giant Head","ascension_level":15}