{"gold_per_floor":[118,132,143,68,79,109,124,124,151,151,101,134,148,176,176,274,274,291,303,320,320,332,367,367,392,392,392,392,307,15,30,30,131,131,150,150,25,41,41,74,91,142,188,188,38,338,338,7,7,7],"floor_reached":50,"playtime":1997,"items_purged":["Strike_R","Wild Strike","Strike_R","Heavy Blade"],"score":603,"play_id":"fa7ea12a-1b5b-4e08-8dc8-49aa0adc6e92","local_time":"25610718004019","is_ascension_mode":false,"campfire_choices":[{"data":"Armaments","floor":8,"key":"SMITH"},{"data":"Flex","floor":10,"key":"SMITH"},{"data":"Flex","floor":15,"key":"SMITH"},{"data":"Clothesline","floor":24,"key":"SMITH"},{"data":"Armaments","floor":28,"key":"SMITH"},{"data":"Immolate","floor":32,"key":"SMITH"},{"floor":44,"key":"REST"},{"floor":47,"key":"DIG"},{"floor":49,"key":"DIG"}],"neow_cost":"NONE","seed_source_timestamp":47952088840290,"circlet_count":0,"master_deck":["Strike_R+1","Strike_R+1","Defend_R","Defend_R","Defend_R","Defend_R","Bash","Limit Break","Infernal Blade","Flex+1","Flex+1","Armaments+1","Clothesline+1","Metallicize","Heavy Blade","Immolate+1","Flex+1","Flame Barrier+1","Sentinel+1","Armaments+1","Fiend Fire","Madness","Madness","Bandage Up","True Grit","Bloodletting+1"],"relics":["Burning Blood","Lantern","Bag of Preparation","Whetstone","Anchor","Runic Pyramid","Nilry\u0027s Codex","Vajra","Juzu Bracelet","Champion Belt","Unceasing Top","Lee\u0027s Waffle","Busted Crown","Incense Burner","Shovel","Centennial Puzzle","Potion Belt","Bag of Marbles","Pen Nib"],"potions_floor_usage":[3,3,6,13,23,23,31,33,38,42,50,50,50,50],"damage_taken":[{"damage":5,"enemies":"Small Slimes","floor":1,"turns":3},{"damage":6,"enemies":"Jaw Worm","floor":2,"turns":3},{"damage":1,"enemies":"Cultist","floor":3,"turns":3},{"damage":17,"enemies":"Gremlin Gang","floor":5,"turns":7},{"damage":20,"enemies":"Gremlin Nob","floor":6,"turns":3},{"damage":7,"enemies":"Blue Slaver","floor":7,"turns":3},{"damage":32,"enemies":"Lagavulin","floor":12,"turns":6},{"damage":0,"enemies":"2 Fungi Beasts","floor":13,"turns":3},{"damage":26,"enemies":"Gremlin Nob","floor":14,"turns":4},{"damage":0,"enemies":"Slime Boss","floor":16,"turns":5},{"damage":17,"enemies":"Spheric Guardian","floor":18,"turns":4},{"damage":0,"enemies":"Chosen","floor":19,"turns":3},{"damage":9,"enemies":"Centurion and Healer","floor":20,"turns":6},{"damage":6,"enemies":"Snake Plant","floor":22,"turns":2},{"damage":17,"enemies":"Slavers","floor":23,"turns":8},{"damage":2,"enemies":"Book of Stabbing","floor":25,"turns":3},{"damage":3,"enemies":"3 Cultists","floor":31,"turns":4},{"damage":69,"enemies":"Champ","floor":33,"turns":14},{"damage":0,"enemies":"Orb Walker","floor":35,"turns":2},{"damage":27,"enemies":"3 Darklings","floor":38,"turns":4},{"damage":27,"enemies":"Giant Head","floor":40,"turns":7},{"damage":16,"enemies":"Transient","floor":41,"turns":5},{"damage":25,"floor":42,"turns":4},{"damage":51,"enemies":"Awakened One","floor":50,"turns":14}],"seed_played":"-2638112010786784029","potions_obtained":[{"floor":1,"key":"AttackPotion"},{"floor":2,"key":"Fire Potion"},{"floor":5,"key":"SkillPotion"},{"floor":12,"key":"PowerPotion"},{"floor":18,"key":"BloodPotion"},{"floor":19,"key":"Weak Potion"},{"floor":20,"key":"Weak Potion"},{"floor":23,"key":"SteroidPotion"},{"floor":35,"key":"EssenceOfSteel"},{"floor":41,"key":"Swift Potion"},{"floor":42,"key":"SkillPotion"}],"is_trial":false,"path_per_floor":["M","M","M","$","M","E","M","R","T","R","?","E","M","E","R","B",null,"M","M","M","?","M","E","R","E","T","?","R","?","$","M","R","B",null,"M","?","$","M","?","E","M","?","T","R","$","?","R","$","R"],"character_chosen":"IRONCLAD","items_purchased":["Lee\u0027s Waffle","Bag of Marbles","Block Potion","SkillPotion","Ancient Potion"],"campfire_rested":1,"item_purchase_floors":[30,48,48,48,48],"current_hp_per_floor":[80,80,80,80,69,55,54,54,54,54,54,28,34,14,14,20,80,69,75,72,56,56,53,53,57,57,57,57,57,87,87,87,24,87,87,76,76,55,55,38,32,13,13,39,39,39,39,39,39,0],"gold":7,"neow_bonus":"ONE_RANDOM_RARE_CARD","is_prod":false,"is_daily":false,"chose_seed":false,"campfire_upgraded":6,"win_rate":0,"timestamp":1531849219,"path_taken":["M","M","M","$","M","E","M","R","T","R","?","E","M","E","R","BOSS","M","M","M","?","?","E","R","E","T","?","R","?","$","M","R","BOSS","M","?","$","M","?","E","M","?","T","R","?","?","R","$","R","BOSS"],"build_version":"2018-07-12","purchased_purges":4,"victory":false,"max_hp_per_floor":[80,80,80,80,80,80,80,80,80,80,80,80,80,80,80,80,80,80,80,80,80,80,80,80,80,80,80,80,80,87,87,87,87,87,87,87,87,87,87,87,87,87,87,87,87,87,87,87,87,87],"card_choices":[{"not_picked":["Rage","Shrug It Off"],"picked":"Heavy Blade","floor":1},{"not_picked":["Anger","Fire Breathing"],"picked":"Infernal Blade","floor":2},{"not_picked":["Clash","Armaments"],"picked":"Wild Strike","floor":3},{"not_picked":["True Grit","Disarm"],"picked":"Flex","floor":5},{"not_picked":["Rage","Intimidate"],"picked":"Flex","floor":6},{"not_picked":["Body Slam","Cleave"],"picked":"Armaments","floor":7},{"not_picked":["Perfected Strike","Rage"],"picked":"Clothesline","floor":12},{"not_picked":["Blood for Blood","Pommel Strike"],"picked":"Metallicize","floor":13},{"not_picked":["Dropkick","Pommel Strike"],"picked":"Heavy Blade","floor":14},{"not_picked":["Demon Form","Brutality"],"picked":"Immolate","floor":16},{"not_picked":["Power Through","Sword Boomerang+1"],"picked":"Flex+1","floor":18},{"not_picked":["Pommel Strike","Shrug It Off"],"picked":"Flame Barrier+1","floor":19},{"not_picked":["Rage","Evolve","Combust"],"picked":"SKIP","floor":20},{"not_picked":["Searing Blow","Thunderclap+1"],"picked":"Sentinel+1","floor":22},{"not_picked":["Havoc","Headbutt","Rupture+1"],"picked":"SKIP","floor":23},{"not_picked":["Body Slam","Cleave","Disarm"],"picked":"SKIP","floor":25},{"not_picked":["Anger","Clash","Barricade"],"picked":"SKIP","floor":31},{"not_picked":["Demon Form","Barricade"],"picked":"Fiend Fire","floor":33},{"not_picked":["Battle Trance"],"picked":"SKIP","floor":35},{"not_picked":["Body Slam"],"picked":"SKIP","floor":38},{"not_picked":[],"picked":"Bandage Up","floor":39},{"not_picked":[],"picked":"True Grit","floor":40},{"not_picked":[],"picked":"Bloodletting+1","floor":41}],"player_experience":81444,"relics_obtained":[{"floor":6,"key":"Lantern"},{"floor":9,"key":"Bag of Preparation"},{"floor":12,"key":"Whetstone"},{"floor":14,"key":"Anchor"},{"floor":21,"key":"Nilry\u0027s Codex"},{"floor":23,"key":"Vajra"},{"floor":25,"key":"Juzu Bracelet"},{"floor":26,"key":"Champion Belt"},{"floor":40,"key":"Incense Burner"},{"floor":42,"key":"Shovel"},{"floor":43,"key":"Centennial Puzzle"},{"floor":47,"key":"Potion Belt"},{"floor":49,"key":"Pen Nib"}],"event_choices":[{"event_name":"The Cleric","player_choice":"Card Removal","floor":11,"damage_taken":0},{"event_name":"Cursed Tome","player_choice":"Obtained Book","floor":21,"damage_taken":0},{"event_name":"The Library","player_choice":"Read","floor":27,"damage_taken":0},{"event_name":"Addict","player_choice":"Obtained Relic","floor":29,"damage_taken":0},{"event_name":"Winding Halls","player_choice":"Embrace Madness","floor":36,"damage_taken":0},{"event_name":"SensoryStone","player_choice":"Memory 1","floor":39,"damage_taken":0},{"event_name":"Mysterious Sphere","player_choice":"Fight","floor":42,"damage_taken":0},{"event_name":"Wheel of Change","player_choice":"Gold","floor":46,"damage_taken":0}],"boss_relics":[{"not_picked":["Philosopher\u0027s Stone","Ectoplasm"],"picked":"Runic Pyramid"},{"not_picked":["Snecko Eye","Mark of Pain"],"picked":"Busted Crown"}],"items_purged_floors":[4,30,37,45],"is_endless":false,"potions_floor_spawned":[1,2,5,12,18,19,20,23,35,41,42],"killed_by":"Awakened One","ascension_level":0}