{"gold_per_floor":[109,122,122,172,183,183,216,216,216,234,244,255,266,294,294,367,367,352,352,368,386,386,412,285,285,363,363,398,413,413,425,425,499,499,511,478,488,488,488,515,515,543,620,72,72,83,98,117,117,117],"floor_reached":51,"playtime":3292,"items_purged":["Strike_G"],"score":1335,"play_id":"2da71076-9655-46ec-bc02-4446e4024c89","local_time":"20181126123340","is_ascension_mode":true,"campfire_choices":[{"data":"Terror","floor":6,"key":"SMITH"},{"data":"Deflect","floor":8,"key":"SMITH"},{"data":"Noxious Fumes","floor":15,"key":"SMITH"},{"data":"Crippling Poison","floor":25,"key":"SMITH"},{"data":"Burst","floor":30,"key":"SMITH"},{"data":"Leg Sweep","floor":32,"key":"SMITH"},{"floor":41,"key":"REST"},{"floor":45,"key":"DIG"},{"floor":49,"key":"REST"}],"neow_cost":"NONE","seed_source_timestamp":13909195811478,"circlet_count":0,"master_deck":["AscendersBane","Survivor","Neutralize+1","Slice","Finisher","Terror+1","Deflect+1","Dagger Spray","After Image","Dodge and Roll","Noxious Fumes+1","Burst+1","Backflip","Adrenaline","Tools of the Trade","Dagger Spray+1","Quick Slash","Leg Sweep+1","Crippling Poison+1","PiercingWail","Deflect+1","Deadly Poison+1","A Thousand Cuts+1","Flying Knee","Prepared+1","Underhanded Strike","Bouncing Flask+1","Acrobatics+1","Distraction+1","Reflex+1","Dodge and Roll+1","Calculated Gamble+1","Sucker Punch+1","Dark Shackles+1","Choke+1","Blur+1","Well Laid Plans+1","Caltrops+1","Expertise+1","Cloak And Dagger+1"],"relics":["Ring of the Snake","Boot","Matryoshka","Meat on the Bone","Dodecahedron","Potion Belt","Sozu","Calipers","Bag of Preparation","Frozen Egg 2","Gremlin Horn","Toxic Egg 2","Pandora\u0027s Box","Mercury Hourglass","Singing Bowl","Sundial","Shovel","ClockworkSouvenir","Bottled Flame"],"potions_floor_usage":[14,33,33],"damage_taken":[{"damage":0,"enemies":"2 Louse","floor":1,"turns":3},{"damage":2,"enemies":"Cultist","floor":2,"turns":4},{"damage":1,"enemies":"Jaw Worm","floor":5,"turns":4},{"damage":17,"enemies":"Lagavulin","floor":7,"turns":5},{"damage":6,"enemies":"Blue Slaver","floor":10,"turns":5},{"damage":12,"enemies":"3 Louse","floor":11,"turns":7},{"damage":2,"enemies":"Red Slaver","floor":12,"turns":3},{"damage":11,"enemies":"Large Slime","floor":13,"turns":8},{"damage":11,"enemies":"Gremlin Nob","floor":14,"turns":4},{"damage":12,"enemies":"The Guardian","floor":16,"turns":12},{"damage":10,"enemies":"2 Thieves","floor":18,"turns":4},{"damage":7,"enemies":"Spheric Guardian","floor":20,"turns":7},{"damage":0,"enemies":"Centurion and Healer","floor":21,"turns":6},{"damage":21,"enemies":"Slavers","floor":23,"turns":7},{"damage":7,"enemies":"Gremlin Leader","floor":28,"turns":6},{"damage":12,"enemies":"Shelled Parasite and Fungi","floor":29,"turns":5},{"damage":0,"enemies":"Cultist and Chosen","floor":31,"turns":5},{"damage":29,"enemies":"Champ","floor":33,"turns":14},{"damage":15,"enemies":"Orb Walker","floor":35,"turns":4},{"damage":0,"enemies":"3 Shapes","floor":37,"turns":4},{"damage":17,"enemies":"Giant Head","floor":40,"turns":8},{"damage":0,"enemies":"Reptomancer","floor":42,"turns":6},{"damage":14,"enemies":"Writhing Mass","floor":46,"turns":6},{"damage":0,"enemies":"Maw","floor":47,"turns":7},{"damage":2,"enemies":"Transient","floor":48,"turns":5},{"damage":30,"enemies":"Donu and Deca","floor":50,"turns":10}],"seed_played":"-4948408341289534391","potions_obtained":[{"floor":1,"key":"Swift Potion"},{"floor":10,"key":"FearPotion"},{"floor":16,"key":"Poison Potion"}],"is_trial":false,"path_per_floor":["M","M","?","?","M","R","E","R","T","M","M","M","M","E","R","B",null,"M","?","M","M","?","E","$","R","T","T","E","M","R","M","R","B",null,"M","$","M","?","?","E","R","E","T","$","R","M","M","M","R","B",null],"character_chosen":"THE_SILENT","items_purchased":["PiercingWail","Calculated Gamble+1","Well Laid Plans+1","Shovel","ClockworkSouvenir"],"campfire_rested":2,"item_purchase_floors":[24,36,44,44,44],"current_hp_per_floor":[59,57,57,57,56,56,39,39,39,45,45,43,44,45,45,45,61,51,51,44,44,44,35,35,35,35,35,40,40,40,40,40,23,55,40,40,40,40,40,35,54,54,54,54,54,40,40,38,57,39],"gold":117,"neow_bonus":"RANDOM_COMMON_RELIC","is_prod":false,"is_daily":false,"chose_seed":false,"campfire_upgraded":6,"win_rate":0,"timestamp":1543264420,"path_taken":["M","M","?","?","M","R","E","R","T","M","M","M","?","E","R","BOSS","M","?","M","M","?","E","$","R","T","?","E","M","R","M","R","BOSS","M","$","M","?","?","E","R","E","T","$","R","M","M","M","R","BOSS"],"build_version":"2018-11-15","purchased_purges":1,"victory":true,"max_hp_per_floor":[66,66,66,66,66,66,66,66,66,66,66,66,66,66,66,66,66,66,66,66,66,66,66,66,66,66,66,66,66,66,66,66,66,66,66,66,66,66,66,66,66,66,66,66,66,66,66,66,66,66],"card_choices":[{"not_picked":["Concentrate","Backflip"],"picked":"Slice","floor":1},{"not_picked":["Quick Slash","Dodge and Roll"],"picked":"Finisher","floor":2},{"not_picked":["Dagger Throw","Flying Knee"],"picked":"Terror","floor":5},{"not_picked":["Acrobatics","Bane"],"picked":"Deflect","floor":7},{"not_picked":["Predator","Flying Knee"],"picked":"Dagger Spray","floor":10},{"not_picked":["Terror","Acrobatics","Outmaneuver"],"picked":"SKIP","floor":11},{"not_picked":["Backstab","Endless Agony"],"picked":"After Image","floor":12},{"not_picked":["Caltrops","Quick Slash"],"picked":"Dodge and Roll","floor":13},{"not_picked":["Reflex","Flechettes"],"picked":"Noxious Fumes","floor":14},{"not_picked":["Phantasmal Killer","Grand Finale"],"picked":"Burst","floor":16},{"not_picked":["Dodge and Roll","Dagger Throw"],"picked":"Backflip","floor":18},{"not_picked":["Underhanded Strike+1","Prepared+1"],"picked":"Dagger Spray+1","floor":20},{"not_picked":["Blade Dance","Flechettes"],"picked":"Quick Slash","floor":21},{"not_picked":["Dagger Throw","Grand Finale"],"picked":"Crippling Poison","floor":23},{"not_picked":["Choke","PiercingWail"],"picked":"Deflect","floor":28},{"not_picked":["Outmaneuver+1","Deadly Poison+1","Finisher"],"picked":"SKIP","floor":29},{"not_picked":["Tactician+1","Riddle With Holes"],"picked":"Deadly Poison+1","floor":31},{"not_picked":["Bullet Time+1","Burst+1"],"picked":"A Thousand Cuts+1","floor":33},{"not_picked":["Backstab","Poisoned Stab"],"picked":"Dodge and Roll+1","floor":35},{"not_picked":["Masterful Stab","Calculated Gamble+1"],"picked":"Sucker Punch+1","floor":37},{"not_picked":["Forethought+1","PanicButton+1"],"picked":"Dark Shackles+1","floor":39},{"not_picked":["Quick Slash+1","Venomology+1"],"picked":"Choke+1","floor":40},{"not_picked":["Masterful Stab","Slice"],"picked":"Blur+1","floor":42},{"not_picked":["Quick Slash","Deflect+1"],"picked":"Caltrops+1","floor":46},{"not_picked":["Deflect+1","Calculated Gamble+1"],"picked":"Expertise+1","floor":47},{"not_picked":["PiercingWail+1","Underhanded Strike+1"],"picked":"Cloak And Dagger+1","floor":48}],"player_experience":1671019,"relics_obtained":[{"floor":7,"key":"Matryoshka"},{"floor":9,"key":"Meat on the Bone"},{"floor":9,"key":"Dodecahedron"},{"floor":14,"key":"Potion Belt"},{"floor":23,"key":"Calipers"},{"floor":26,"key":"Bag of Preparation"},{"floor":26,"key":"Frozen Egg 2"},{"floor":27,"key":"Gremlin Horn"},{"floor":28,"key":"Toxic Egg 2"},{"floor":40,"key":"Mercury Hourglass"},{"floor":42,"key":"Singing Bowl"},{"floor":43,"key":"Sundial"},{"floor":45,"key":"Bottled Flame"}],"event_choices":[{"damage_healed":0,"gold_gain":0,"player_choice":"Grow","damage_taken":0,"max_hp_gain":0,"max_hp_loss":0,"event_name":"Living Wall","floor":3,"gold_loss":0,"cards_upgraded":["Neutralize"]},{"damage_healed":0,"gold_gain":50,"player_choice":"Pray","damage_taken":0,"max_hp_gain":0,"max_hp_loss":0,"event_name":"Golden Shrine","floor":4,"gold_loss":0},{"damage_healed":0,"gold_gain":0,"cards_transformed":["Strike_G","Strike_G"],"player_choice":"Became Test Subject","damage_taken":0,"max_hp_gain":0,"max_hp_loss":0,"event_name":"Drug Dealer","floor":19,"gold_loss":0,"cards_obtained":["Adrenaline","Tools of the Trade"]},{"damage_healed":0,"gold_gain":0,"player_choice":"Read","damage_taken":0,"max_hp_gain":0,"max_hp_loss":0,"event_name":"The Library","floor":22,"gold_loss":0,"cards_obtained":["Leg Sweep"]},{"damage_healed":0,"gold_gain":0,"player_choice":"Ignored","damage_taken":0,"max_hp_gain":0,"max_hp_loss":0,"event_name":"Tomb of Lord Red Mask","floor":38,"gold_loss":0},{"damage_healed":0,"gold_gain":0,"player_choice":"Memory 1","damage_taken":0,"max_hp_gain":0,"max_hp_loss":0,"event_name":"SensoryStone","floor":39,"gold_loss":0}],"is_beta":false,"boss_relics":[{"not_picked":["Black Star","Velvet Choker"],"picked":"Sozu"},{"not_picked":["WristBlade","Snecko Eye"],"picked":"Pandora\u0027s Box"}],"items_purged_floors":[24],"is_endless":false,"potions_floor_spawned":[1,10,13,16,18,28,29,37,42,46],"ascension_level":15}