{"gold_per_floor":[116,116,136,151,168,168,194,78,78,178,178,3,35,85,85,159,159,179,179,179,193,205,205,215,215,215,215,229,179,192,212,212,286,286,298,143,155,171,185,185,199,146,171,183,26,38,49,63,63,63],"floor_reached":51,"playtime":2381,"items_purged":["Strike_G","Strike_G","Dagger Spray","Blade Dance"],"score":1123,"play_id":"a71fda77-adc1-4afc-bddc-3ba33f241ef9","local_time":"20180921112703","is_ascension_mode":true,"campfire_choices":[{"data":"Noxious Fumes","floor":6.0,"key":"SMITH"},{"floor":11.0,"key":"REST"},{"data":"Neutralize","floor":15.0,"key":"SMITH"},{"data":"Cloak And Dagger","floor":23.0,"key":"SMITH"},{"floor":25.0,"key":"REST"},{"floor":27.0,"key":"REST"},{"floor":32.0,"key":"REST"},{"floor":40.0,"key":"REST"},{"floor":49,"key":"REST"}],"neow_cost":"NONE","seed_source_timestamp":12446426899310,"circlet_count":0,"master_deck":["Survivor","Neutralize+1","AscendersBane","Noxious Fumes+1","Dagger Throw","Poisoned Stab","Dash","Footwork","Deadly Poison","Dagger Spray","After Image","Terror","Poisoned Stab","Sucker Punch","Outmaneuver","Deflect","Tactician","Backflip","Backflip","Cloak And Dagger+1","Catalyst","Dash","Footwork","Corpse Explosion","PiercingWail","Acrobatics","Backflip","Crippling Poison","Prepared+1"],"special_seed":0,"relics":["Ring of the Snake","Anchor","Snake Skull","Potion Belt","Sundial","Pandora\u0027s Box","Smiling Mask","Busted Crown","Bag of Preparation","PreservedInsect","MawBank"],"potions_floor_usage":[50,50,50,50],"damage_taken":[{"damage":2.0,"enemies":"Jaw Worm","floor":1.0,"turns":6.0},{"damage":0.0,"enemies":"2 Louse","floor":3.0,"turns":3.0},{"damage":1.0,"enemies":"Cultist","floor":4.0,"turns":4.0},{"damage":5.0,"enemies":"Red Slaver","floor":5.0,"turns":4.0},{"damage":25.0,"enemies":"Gremlin Nob","floor":7.0,"turns":5.0},{"damage":7.0,"enemies":"3 Sentries","floor":13.0,"turns":6.0},{"damage":33.0,"enemies":"Slime Boss","floor":16.0,"turns":10.0},{"damage":2.0,"enemies":"Spheric Guardian","floor":18.0,"turns":5.0},{"damage":0.0,"enemies":"Shell Parasite","floor":21.0,"turns":5.0},{"damage":22.0,"enemies":"Snake Plant","floor":22.0,"turns":5.0},{"damage":21.0,"enemies":"Sentry and Sphere","floor":24.0,"turns":5.0},{"damage":21.0,"enemies":"Cultist and Chosen","floor":28.0,"turns":6.0},{"damage":0.0,"enemies":"Snake Plant","floor":30.0,"turns":7.0},{"damage":0.0,"enemies":"Centurion and Healer","floor":31.0,"turns":5.0},{"damage":36.0,"enemies":"Automaton","floor":33.0,"turns":11.0},{"damage":9.0,"enemies":"Orb Walker","floor":35.0,"turns":4.0},{"damage":7.0,"enemies":"3 Shapes","floor":37.0,"turns":3.0},{"damage":23.0,"enemies":"Spire Growth","floor":38.0,"turns":6.0},{"damage":4.0,"enemies":"Sphere and 2 Shapes","floor":39.0,"turns":7.0},{"damage":2.0,"enemies":"Transient","floor":41.0,"turns":5.0},{"damage":2.0,"enemies":"4 Shapes","floor":46.0,"turns":2.0},{"damage":9.0,"enemies":"Sphere and 2 Shapes","floor":47.0,"turns":4.0},{"damage":8,"enemies":"Spire Growth","floor":48,"turns":6},{"damage":23,"enemies":"Awakened One","floor":50,"turns":14}],"seed_played":"-1926195264955825803","potions_obtained":[{"floor":3.0,"key":"Energy Potion"},{"floor":5.0,"key":"LiquidBronze"},{"floor":24.0,"key":"Weak Potion"},{"floor":28.0,"key":"AttackPotion"},{"floor":33.0,"key":"Strength Potion"},{"floor":38.0,"key":"EssenceOfSteel"},{"floor":41.0,"key":"Energy Potion"},{"floor":47.0,"key":"LiquidBronze"}],"is_trial":false,"path_per_floor":["M","?","M","M","M","R","E","$","T","?","R","$","E","?","R","B",null,"M","?","?","M","M","R","M","R","T","R","M","$","M","M","R","B",null,"M","$","M","M","M","R","M","?","T","?","$","M","M","M","R","B"],"character_chosen":"THE_SILENT","items_purchased":["Footwork","Deadly Poison","Dagger Spray","Bag of Preparation","Block Potion","Crippling Poison"],"campfire_rested":6,"item_purchase_floors":[8,12,12,36,45,45],"current_hp_per_floor":[57,57,57,56,51,51,26,26,26,26,45,45,38,38,38,5,51,49,49,49,49,27,27,6,25,25,44,23,23,23,23,42,6,51,42,42,35,12,8,27,25,25,25,25,25,23,14,6,25,2],"gold":63,"neow_bonus":"RANDOM_COMMON_RELIC","is_prod":false,"is_daily":false,"chose_seed":false,"campfire_upgraded":3,"win_rate":0,"timestamp":1537554423,"path_taken":["M","?","M","M","M","R","E","$","T","?","R","$","E","?","R","BOSS","M","?","?","M","M","R","M","R","T","R","M","?","M","M","R","BOSS","M","$","M","M","?","R","M","?","T","?","$","M","M","M","R","BOSS"],"build_version":"2018-09-20","purchased_purges":4,"victory":true,"max_hp_per_floor":[66,66,66,66,66,66,66,66,66,66,66,66,66,66,66,66,66,66,66,66,66,66,66,66,66,66,66,66,66,66,66,66,66,66,66,66,66,66,66,66,66,66,66,66,66,66,66,66,66,66],"card_choices":[{"not_picked":["Deflect","Backflip"],"picked":"Noxious Fumes","floor":1.0},{"not_picked":["Underhanded Strike","Prepared"],"picked":"Dagger Throw","floor":3.0},{"not_picked":["Flying Knee","Terror"],"picked":"Poisoned Stab","floor":4.0},{"not_picked":["Acrobatics","PiercingWail","Blade Dance"],"picked":"SKIP","floor":5.0},{"not_picked":["PiercingWail","All Out Attack"],"picked":"Dash","floor":7.0},{"not_picked":["Noxious Fumes","Predator"],"picked":"Dagger Spray","floor":13.0},{"not_picked":["Bullet Time","Doppelganger"],"picked":"After Image","floor":16.0},{"not_picked":["Terror+1","Flechettes","Bane"],"picked":"SKIP","floor":18.0},{"not_picked":["Quick Slash","Finisher"],"picked":"Cloak And Dagger","floor":21.0},{"not_picked":["Eviscerate+1","Sucker Punch","Concentrate+1"],"picked":"SKIP","floor":22.0},{"not_picked":["Dagger Throw","Prepared"],"picked":"Catalyst","floor":24.0},{"not_picked":["Underhanded Strike","Outmaneuver"],"picked":"Dash","floor":28.0},{"not_picked":["Concentrate","Finisher","Eviscerate"],"picked":"SKIP","floor":30.0},{"not_picked":["Backstab","Well Laid Plans"],"picked":"Footwork","floor":31.0},{"not_picked":["Die Die Die","Venomology"],"picked":"Corpse Explosion","floor":33.0},{"not_picked":["Sucker Punch"],"picked":"SKIP","floor":35.0},{"not_picked":[],"picked":"PiercingWail","floor":37.0},{"not_picked":[],"picked":"Acrobatics","floor":38.0},{"not_picked":["Flying Knee"],"picked":"SKIP","floor":39.0},{"not_picked":[],"picked":"Backflip","floor":41.0},{"not_picked":["Prepared"],"picked":"SKIP","floor":46.0},{"not_picked":["Bane"],"picked":"SKIP","floor":47.0},{"not_picked":[],"picked":"Prepared+1","floor":48}],"player_experience":1186690,"relics_obtained":[{"floor":7.0,"key":"Snake Skull"},{"floor":9.0,"key":"Potion Belt"},{"floor":13.0,"key":"Sundial"},{"floor":26.0,"key":"Smiling Mask"},{"floor":43.0,"key":"MawBank"}],"event_choices":[{"event_name":"Golden Wing","player_choice":"Ignored","floor":2.0,"damage_taken":0.0},{"event_name":"Wheel of Change","player_choice":"Gold","floor":10.0,"damage_taken":0.0},{"event_name":"Golden Shrine","player_choice":"Pray","floor":14.0,"damage_taken":0.0},{"event_name":"Duplicator","player_choice":"One dupe","floor":19.0,"damage_taken":0.0},{"event_name":"The Mausoleum","player_choice":"No","floor":20.0,"damage_taken":0.0},{"event_name":"WeMeetAgain","player_choice":"Gold","floor":42.0,"damage_taken":0.0},{"event_name":"Tomb of Lord Red Mask","player_choice":"Ignored","floor":44.0,"damage_taken":0.0}],"is_beta":false,"boss_relics":[{"not_picked":["Runic Pyramid","Black Star"],"picked":"Pandora\u0027s Box"},{"not_picked":["Runic Dome","Philosopher\u0027s Stone"],"picked":"Busted Crown"}],"items_purged_floors":[8,12,29,45],"is_endless":false,"potions_floor_spawned":[3,5,7,24,28,33,38,41,47],"ascension_level":15}