{"gold_per_floor":[118,17,35,210,210,236,236,266,290,290,300,318,318,343,343,439,439,452,467,467,19,29,29,29,29,29,56,56,56,56,56,56,154,154,170,0,17,17,31,65,65,65,65,76,76,103,3,3,3,3],"floor_reached":51,"playtime":2187,"items_purged":["Doubt","Injury"],"score":1191,"play_id":"a205653a-eb62-4083-a5ed-7f1b2385459f","local_time":"20180820203728","is_ascension_mode":true,"campfire_choices":[{"data":"Bouncing Flask","floor":7,"key":"SMITH"},{"data":"Die Die Die","floor":10,"key":"SMITH"},{"data":"Catalyst","floor":13,"key":"SMITH"},{"floor":15,"key":"REST"},{"data":"Noxious Fumes","floor":23,"key":"SMITH"},{"floor":25,"key":"REST"},{"data":"PiercingWail","floor":28,"key":"SMITH"},{"data":"Catalyst","floor":32,"key":"SMITH"},{"data":"Burst","floor":41,"key":"SMITH"},{"floor":45,"key":"REST"},{"data":"Deadly Poison","floor":49,"key":"SMITH"}],"neow_cost":"NONE","seed_source_timestamp":94179313715505,"circlet_count":0,"master_deck":["Defend_G+1","Defend_G+1","Defend_G+1","Defend_G+1","Defend_G+1","Strike_G+1","Strike_G+1","Strike_G+1","Strike_G+1","Strike_G+1","Survivor","Neutralize","Bouncing Flask+1","Discovery+1","Die Die Die+1","Catalyst+1","PiercingWail","Deadly Poison+1","Deadly Poison","Catalyst+1","Noxious Fumes+1","PiercingWail+1","Sucker Punch+1","Burst+1","Tools of the Trade"],"relics":["Ring of the Snake","NeowsBlessing","Regal Pillow","Centennial Puzzle","Orichalcum","Bronze Scales","Velvet Choker","Letter Opener","Gambling Chip","Boot","Happy Flower","WristBlade","Red Mask","Anchor","Dodecahedron","Dream Catcher"],"potions_floor_usage":[8,8,46,50,50],"damage_taken":[{"damage":0,"enemies":"Small Slimes","floor":1,"turns":1},{"damage":0,"enemies":"2 Louse","floor":3,"turns":1},{"damage":0,"enemies":"Lagavulin","floor":6,"turns":1},{"damage":17,"enemies":"Gremlin Nob","floor":8,"turns":4},{"damage":0,"enemies":"Cultist","floor":11,"turns":3},{"damage":0,"enemies":"Large Slime","floor":12,"turns":5},{"damage":27,"enemies":"Lagavulin","floor":14,"turns":8},{"damage":43,"enemies":"The Guardian","floor":16,"turns":6},{"damage":20,"enemies":"2 Thieves","floor":18,"turns":4},{"damage":2,"enemies":"Chosen","floor":19,"turns":3},{"damage":3,"enemies":"Snecko","floor":22,"turns":3},{"damage":20,"enemies":"Gremlin Leader","floor":27,"turns":5},{"damage":6,"enemies":"Automaton","floor":33,"turns":5},{"damage":13,"enemies":"Flame Bruiser 1 Orb","floor":35,"turns":3},{"damage":0,"enemies":"Orb Walker","floor":37,"turns":2},{"damage":10,"enemies":"3 Darklings","floor":39,"turns":3},{"damage":0,"enemies":"Nemesis","floor":40,"turns":3},{"damage":3,"enemies":"Sphere and 2 Shapes","floor":44,"turns":4},{"damage":0,"enemies":"2 Orb Walkers","floor":46,"turns":4},{"damage":61,"enemies":"Awakened One","floor":50,"turns":13}],"seed_played":"5804771836695449702","potions_obtained":[{"floor":3,"key":"FearPotion"},{"floor":6,"key":"EssenceOfSteel"},{"floor":18,"key":"Energy Potion"},{"floor":37,"key":"Weak Potion"},{"floor":40,"key":"GhostInAJar"},{"floor":46,"key":"GhostInAJar"}],"is_trial":false,"path_per_floor":["M","$","M","?","?","E","R","E","T","R","M","M","R","E","R","B",null,"M","M","?","$","M","R","?","R","T","E","R","?","$","T","R","B",null,"M","?","M","$","M","E","R","?","T","M","R","E","$","?","R","B"],"character_chosen":"THE_SILENT","items_purchased":["Discovery","Noxious Fumes","Letter Opener","PiercingWail"],"campfire_rested":3,"item_purchase_floors":[2,21,21,21],"current_hp_per_floor":[63,63,63,63,63,63,63,46,46,46,46,46,46,19,55,12,56,36,34,34,34,31,31,31,67,67,47,47,47,47,47,47,41,63,50,50,50,50,40,40,40,40,40,37,70,70,70,70,70,9],"gold":3,"neow_bonus":"THREE_ENEMY_KILL","is_prod":false,"is_daily":false,"chose_seed":false,"campfire_upgraded":8,"win_rate":0,"timestamp":1534790248,"path_taken":["M","$","M","?","?","E","R","E","T","R","M","?","R","E","R","BOSS","M","M","?","$","M","R","?","R","T","E","R","?","?","?","R","BOSS","M","?","M","$","M","E","R","?","T","M","R","E","$","?","R","BOSS"],"build_version":"2018-08-16","purchased_purges":2,"victory":true,"max_hp_per_floor":[70,70,70,70,70,70,70,70,70,70,70,70,70,70,70,70,70,70,70,70,70,70,70,70,70,70,70,70,70,70,70,70,70,70,70,70,70,70,70,70,70,70,70,70,70,70,70,70,70,70],"card_choices":[{"not_picked":["Bane","Backflip"],"picked":"Bouncing Flask","floor":1},{"not_picked":["Backflip","Cloak And Dagger"],"picked":"Die Die Die","floor":3},{"not_picked":["Masterful Stab","Slice","Flying Knee"],"picked":"SKIP","floor":6},{"not_picked":["Eviscerate","Blade Dance"],"picked":"Infinite Blades","floor":8},{"not_picked":["Prepared","Flying Knee"],"picked":"Catalyst","floor":11},{"not_picked":["Expertise","Setup"],"picked":"PiercingWail","floor":12},{"not_picked":["Catalyst","Infinite Blades"],"picked":"Deadly Poison","floor":14},{"not_picked":["Quick Slash","Dash"],"picked":"Deadly Poison","floor":18},{"not_picked":["Finisher+1","Slice"],"picked":"Catalyst","floor":19},{"not_picked":["Dagger Spray","Underhanded Strike"],"picked":"Sucker Punch+1","floor":22},{"not_picked":["Acrobatics+1","Outmaneuver","A Thousand Cuts"],"picked":"SKIP","floor":27},{"not_picked":["Malaise","Night Terror"],"picked":"Burst","floor":33},{"not_picked":["Sucker Punch+1","Blade Dance","Prepared+1"],"picked":"SKIP","floor":35},{"not_picked":["Acrobatics+1","Expertise+1","Slice"],"picked":"SKIP","floor":37},{"not_picked":["Dodge and Roll+1","Terror"],"picked":"Tools of the Trade","floor":39},{"not_picked":["Dagger Throw","Predator","Blade Dance+1"],"picked":"SKIP","floor":40},{"not_picked":["Slice+1","Choke+1","Skewer+1"],"picked":"SKIP","floor":44},{"not_picked":["Backflip","Blade Dance+1","Riddle With Holes"],"picked":"SKIP","floor":46}],"player_experience":244496,"relics_obtained":[{"floor":6,"key":"Regal Pillow"},{"floor":8,"key":"Centennial Puzzle"},{"floor":9,"key":"Orichalcum"},{"floor":14,"key":"Bronze Scales"},{"floor":26,"key":"Gambling Chip"},{"floor":27,"key":"Boot"},{"floor":31,"key":"Happy Flower"},{"floor":40,"key":"Anchor"},{"floor":43,"key":"Dodecahedron"},{"floor":46,"key":"Dream Catcher"}],"event_choices":[{"event_name":"Liars Game","player_choice":"agreed","floor":4,"damage_taken":0},{"event_name":"Accursed Blacksmith","player_choice":"Forge","floor":5,"damage_taken":0},{"event_name":"Drug Dealer","player_choice":"Ignored","floor":20,"damage_taken":0},{"event_name":"Addict","player_choice":"Ignored","floor":24,"damage_taken":0},{"event_name":"Back to Basics","player_choice":"Simplicity","floor":29,"damage_taken":0},{"event_name":"Tomb of Lord Red Mask","player_choice":"Paid","floor":36,"damage_taken":0},{"event_name":"The Woman in Blue","player_choice":"Bought 0 Potions","floor":42,"damage_taken":0},{"event_name":"Falling","player_choice":"Removed Power","floor":48,"damage_taken":0}],"is_beta":false,"boss_relics":[{"not_picked":["Snecko Eye","Empty Cage"],"picked":"Velvet Choker"},{"not_picked":["Fusion Hammer","Orrery"],"picked":"WristBlade"}],"items_purged_floors":[21,47],"is_endless":false,"potions_floor_spawned":[3,6,18,37,40,44,46],"ascension_level":9}