{"gold_per_floor":[118,130,31,106,118,118,118,153,226,246,257,273,273,301,301,373,373,373,373,373,118,118,118],"floor_reached":23,"playtime":910,"items_purged":["Strike_R","Strike_R"],"score":406,"play_id":"718f8ef0-3330-4897-96c6-d0a4c87322e4","local_time":"20190427203020","is_ascension_mode":true,"campfire_choices":[{"data":"Armaments","floor":6,"key":"SMITH"},{"data":"Flex","floor":13,"key":"SMITH"},{"data":"Magnetism","floor":15,"key":"SMITH"}],"neow_cost":"TEN_PERCENT_HP_LOSS","seed_source_timestamp":4789519175200,"circlet_count":0,"master_deck":["AscendersBane","Strike_R+1","Strike_R+1","Defend_R","Defend_R","Defend_R","Defend_R","Bash","Good Instincts","Magnetism+1","Second Wind","Flex+1","Armaments+1","Evolve","Sword Boomerang","Headbutt","Disarm","Dark Embrace","Offering","Corruption"],"special_seed":0,"relics":["Burning Blood","Whetstone","Shuriken","Dream Catcher","Ectoplasm"],"potions_floor_usage":[10,14,22,23],"damage_taken":[{"damage":7.0,"enemies":"Jaw Worm","floor":1.0,"turns":3.0},{"damage":2.0,"enemies":"Small Slimes","floor":2.0,"turns":4.0},{"damage":1,"enemies":"Cultist","floor":5,"turns":4},{"damage":22,"enemies":"3 Sentries","floor":8,"turns":7},{"damage":23,"enemies":"Gremlin Gang","floor":10,"turns":5},{"damage":0,"enemies":"Blue Slaver","floor":11,"turns":4},{"damage":9,"enemies":"Red Slaver","floor":12,"turns":4},{"damage":10,"enemies":"Gremlin Nob","floor":14,"turns":3},{"damage":15,"enemies":"Hexaghost","floor":16,"turns":9},{"damage":4,"enemies":"Chosen","floor":18,"turns":5},{"damage":18,"enemies":"Shell Parasite","floor":20,"turns":6},{"damage":30,"enemies":"Snake Plant","floor":22,"turns":5},{"damage":6,"enemies":"Slavers","floor":23,"turns":1}],"seed_played":"324556350244645855","potions_obtained":[{"floor":2.0,"key":"SkillPotion"},{"floor":8,"key":"GamblersBrew"},{"floor":10,"key":"Energy Potion"},{"floor":11,"key":"Fire Potion"},{"floor":16,"key":"Energy Potion"},{"floor":22,"key":"Poison Potion"}],"is_trial":false,"path_per_floor":["M","M","$","?","M","R","?","E","T","M","M","M","R","E","R","B",null,"M","?","M","$","M","E"],"character_chosen":"IRONCLAD","items_purchased":["Flex","Offering","Corruption"],"campfire_rested":0,"item_purchase_floors":[3,21,21],"current_hp_per_floor":[67,68,68,57,62,62,62,46,46,29,35,32,32,28,28,19,56,58,58,46,46,22,16],"gold":118,"neow_bonus":"RANDOM_COLORLESS_2","is_prod":false,"is_daily":false,"chose_seed":false,"campfire_upgraded":3,"win_rate":0,"timestamp":1556368220,"path_taken":["M","M","$","?","M","R","?","E","T","M","?","?","R","E","R","BOSS","M","?","M","$","?","E"],"build_version":"2019-04-23","purchased_purges":2,"victory":false,"max_hp_per_floor":[68,68,68,68,68,68,68,68,68,68,68,68,68,68,68,68,68,68,68,68,68,68,68],"card_choices":[{"not_picked":["Sword Boomerang","Disarm"],"picked":"Second Wind","floor":1.0},{"not_picked":["Rupture","Havoc","Sword Boomerang"],"picked":"SKIP","floor":2.0},{"not_picked":["Headbutt","Hemokinesis"],"picked":"Armaments","floor":5},{"not_picked":["Flex","Headbutt","Armaments"],"picked":"SKIP","floor":8},{"not_picked":["Whirlwind","Combust"],"picked":"Evolve","floor":10},{"not_picked":["Headbutt","Body Slam"],"picked":"Sword Boomerang","floor":11},{"not_picked":["True Grit","Thunderclap"],"picked":"Headbutt","floor":12},{"not_picked":["Body Slam","Anger"],"picked":"Disarm","floor":14},{"not_picked":["Juggernaut","Fiend Fire"],"picked":"Dark Embrace","floor":16},{"not_picked":["Metallicize+1","Clash","Rupture"],"picked":"SKIP","floor":18},{"not_picked":["Perfected Strike","Shrug It Off","Clothesline"],"picked":"SKIP","floor":20},{"not_picked":["Perfected Strike","Shrug It Off","Clothesline"],"picked":"SKIP","floor":20},{"not_picked":["Pommel Strike","Anger","Thunderclap"],"picked":"SKIP","floor":22}],"player_experience":1400303,"relics_obtained":[{"floor":8,"key":"Whetstone"},{"floor":9,"key":"Shuriken"},{"floor":14,"key":"Dream Catcher"}],"event_choices":[{"damage_healed":0,"gold_gain":75,"player_choice":"Gather Gold","damage_taken":11,"max_hp_gain":0,"max_hp_loss":0,"event_name":"World of Goop","floor":4,"gold_loss":0},{"cards_removed":["Strike_R"],"damage_healed":0,"gold_gain":0,"player_choice":"Purged","damage_taken":0,"max_hp_gain":0,"max_hp_loss":0,"event_name":"Purifier","floor":7,"gold_loss":0},{"damage_healed":0,"gold_gain":0,"player_choice":"0 cards matched","damage_taken":0,"max_hp_gain":0,"max_hp_loss":0,"event_name":"Match and Keep!","floor":19,"gold_loss":0,"cards_obtained":[]}],"is_beta":true,"boss_relics":[{"not_picked":["Runic Cube","Tiny House"],"picked":"Ectoplasm"}],"items_purged_floors":[3,21],"is_endless":false,"potions_floor_spawned":[2,8,10,11,16,20,22],"killed_by":"Slavers","ascension_level":20}