{"gold_per_floor":[117,117,130,19,19,19,57,80,80,95,134,134,134,154,154,154],"floor_reached":16,"playtime":1123,"items_purged":["Strike_G"],"score":149,"play_id":"f2d0a35b-f3e0-42a2-ac3b-804892c2ad28","local_time":"20180703215733","is_ascension_mode":true,"campfire_choices":[{"data":"Dash","floor":6.0,"key":"SMITH"},{"floor":13.0,"key":"DIG"},{"data":"After Image","floor":15.0,"key":"SMITH"}],"neow_cost":"","seed_source_timestamp":36772772021275,"circlet_count":0,"master_deck":["Defend_G","Defend_G","Defend_G","Defend_G","Defend_G","Strike_G","Strike_G","Strike_G","Strike_G","Survivor","Neutralize+1","Sucker Punch","Dash+1","Footwork","Dagger Spray","Backflip+1","Backflip","After Image+1"],"special_seed":0,"relics":["Ring of the Snake","Golden Idol","Shovel","Mango","Ancient Tea Set","Dodecahedron"],"potions_floor_usage":[16],"damage_taken":[{"damage":0.0,"enemies":"Jaw Worm","floor":1.0,"turns":6.0},{"damage":0.0,"enemies":"Small Slimes","floor":3.0,"turns":3.0},{"damage":8.0,"enemies":"Lagavulin","floor":7.0,"turns":11.0},{"damage":0.0,"enemies":"2 Louse","floor":8.0,"turns":3.0},{"damage":0.0,"enemies":"Blue Slaver","floor":10.0,"turns":5.0},{"damage":20.0,"enemies":"3 Sentries","floor":11.0,"turns":7.0},{"damage":0.0,"enemies":"Looter","floor":14.0,"turns":3.0},{"damage":53,"enemies":"Slime Boss","floor":16,"turns":13}],"seed_played":"5391429393739378129","potions_obtained":[{"floor":7.0,"key":"Dexterity Potion"},{"floor":8.0,"key":"Strength Potion"},{"floor":10.0,"key":"SneckoOil"},{"floor":11.0,"key":"SteroidPotion"}],"is_trial":false,"path_per_floor":["M","?","M","$","?","R","E","M","T","M","E","?","R","M","R"],"character_chosen":"THE_SILENT","items_purchased":["Footwork"],"campfire_rested":0,"item_purchase_floors":[],"current_hp_per_floor":[63,63,63,63,63,63,55,55,69,69,49,49,49,49,49,0],"gold":154,"neow_bonus":"","is_prod":false,"is_daily":false,"chose_seed":false,"campfire_upgraded":2,"win_rate":0,"timestamp":1530680253,"path_taken":["M","?","M","$","?","R","E","M","T","M","E","?","R","?","R","BOSS"],"build_version":"2018-06-28","purchased_purges":1,"victory":false,"max_hp_per_floor":[70,70,70,70,65,65,65,65,79,79,79,79,79,79,79,79],"card_choices":[{"not_picked":["Deflect","Deadly Poison"],"picked":"Sucker Punch","floor":1.0},{"not_picked":["Poisoned Stab","Crippling Poison"],"picked":"Dash","floor":3.0},{"not_picked":["Quick Slash","Deadly Poison"],"picked":"Dagger Spray","floor":7.0},{"not_picked":["Deflect","Flying Knee","Blur"],"picked":"SKIP","floor":8.0},{"not_picked":["Sucker Punch","Outmaneuver"],"picked":"Backflip","floor":10.0},{"not_picked":["Terror","Bane"],"picked":"Backflip","floor":11.0},{"not_picked":["Bouncing Flask","Deflect"],"picked":"After Image","floor":14.0}],"player_experience":676018,"relics_obtained":[{"floor":7.0,"key":"Shovel"},{"floor":9.0,"key":"Mango"},{"floor":11.0,"key":"Ancient Tea Set"},{"floor":13.0,"key":"Dodecahedron"}],"event_choices":[{"event_name":"Scrap Ooze","player_choice":"unsuccessful","floor":2.0,"damage_taken":0.0},{"event_name":"Golden Idol","player_choice":"Lose Max HP","floor":5.0,"damage_taken":0.0},{"event_name":"Living Wall","player_choice":"Grow","floor":12.0,"damage_taken":0.0}],"boss_relics":[],"items_purged_floors":[],"is_endless":false,"potions_floor_spawned":[7,8,10,11],"killed_by":"Slime Boss","ascension_level":7}