{"gold_per_floor":[114,114,131,150,19,51,51,77,77,41,54,72,72,105,105,207,207,218,229,4,16,27,27,47,47,117,517,532,543,543,443,443,538,538,548,548,563,54,154,179,193,193,217,236,267,113,113,21,21,21],"floor_reached":51,"playtime":4022,"items_purged":["Strike_G","Strike_G"],"score":939,"play_id":"489cc39e-7c61-4fa9-9d21-14ec076579cf","local_time":"20181231030347","is_ascension_mode":true,"campfire_choices":[{"data":"Leg Sweep","floor":7.0,"key":"SMITH"},{"floor":13.0,"key":"REST"},{"data":"Accuracy","floor":15.0,"key":"SMITH"},{"floor":23.0,"key":"REST"},{"data":"Blade Dance","floor":25.0,"key":"SMITH"},{"data":"Accuracy","floor":30.0,"key":"SMITH"},{"data":"Blade Dance","floor":32.0,"key":"SMITH"},{"data":"Neutralize","floor":42,"key":"SMITH"},{"data":"Finisher","floor":47,"key":"SMITH"},{"data":"Dash","floor":49,"key":"SMITH"}],"neow_cost":"NONE","seed_source_timestamp":211231929489109,"circlet_count":0,"master_deck":["Defend_G","Defend_G","Defend_G","Defend_G","Defend_G","Strike_G","Strike_G","Survivor","Neutralize+1","PiercingWail","Infinite Blades","Calculated Gamble","Leg Sweep+1","Blade Dance+1","Caltrops","Terror","Backstab","Finisher+1","Accuracy+1","Crippling Poison+1","Venomology","Blade Dance+1","Bullet Time","Dash+1","Blade Dance+1","Accuracy+1","Backflip+1","Night Terror+1","Dash+1","Blur+1","Bandage Up"],"special_seed":0,"relics":["Ring of the Snake","Potion Belt","Ninja Scroll","Blood Vial","Bird Faced Urn","White Beast Statue","Vajra","Bottled Tornado","Old Coin","Blue Candle","Busted Crown","Torii","War Paint","Boot","Happy Flower","Omamori","Bag of Marbles"],"potions_floor_usage":[37,37,40,41,44,44,45,50,50,50,50],"damage_taken":[{"damage":0.0,"enemies":"Small Slimes","floor":1.0,"turns":5.0},{"damage":0.0,"enemies":"Cultist","floor":3.0,"turns":4.0},{"damage":0.0,"enemies":"2 Louse","floor":4.0,"turns":3.0},{"damage":14.0,"enemies":"Lagavulin","floor":6.0,"turns":12.0},{"damage":36.0,"enemies":"3 Sentries","floor":8.0,"turns":16.0},{"damage":2.0,"enemies":"Blue Slaver","floor":11.0,"turns":3.0},{"damage":0.0,"enemies":"2 Fungi Beasts","floor":12.0,"turns":3.0},{"damage":1.0,"enemies":"Lagavulin","floor":14.0,"turns":3.0},{"damage":9.0,"enemies":"The Guardian","floor":16.0,"turns":10.0},{"damage":16.0,"enemies":"Shell Parasite","floor":18.0,"turns":6.0},{"damage":0.0,"enemies":"3 Byrds","floor":19.0,"turns":4.0},{"damage":13.0,"enemies":"Centurion and Healer","floor":21.0,"turns":5.0},{"damage":40.0,"enemies":"3 Cultists","floor":22.0,"turns":6.0},{"damage":0.0,"enemies":"Snake Plant","floor":24.0,"turns":4.0},{"damage":2.0,"enemies":"Colosseum Slavers","floor":27.0,"turns":2.0},{"damage":11.0,"enemies":"Colosseum Nobs","floor":27.0,"turns":5.0},{"damage":7.0,"enemies":"Cultist and Chosen","floor":28.0,"turns":3.0},{"damage":0.0,"enemies":"Centurion and Healer","floor":29.0,"turns":2.0},{"damage":60.0,"enemies":"Automaton","floor":33.0,"turns":10.0},{"damage":2.0,"enemies":"3 Shapes","floor":35.0,"turns":9.0},{"damage":10,"enemies":"3 Darklings","floor":37,"turns":5},{"damage":1,"enemies":"Giant Head","floor":40,"turns":3},{"damage":0,"enemies":"Transient","floor":41,"turns":5},{"damage":1,"enemies":"Sphere and 2 Shapes","floor":44,"turns":4},{"damage":1,"enemies":"Nemesis","floor":45,"turns":6},{"damage":47,"enemies":"Awakened One","floor":50,"turns":13}],"seed_played":"-669388094298190762","potions_obtained":[{"floor":6.0,"key":"Weak Potion"},{"floor":8.0,"key":"Weak Potion"},{"floor":12.0,"key":"Energy Potion"},{"floor":14.0,"key":"Block Potion"},{"floor":18.0,"key":"Weak Potion"},{"floor":19.0,"key":"Regen Potion"},{"floor":21.0,"key":"Dexterity Potion"},{"floor":22.0,"key":"GhostInAJar"},{"floor":24.0,"key":"Block Potion"},{"floor":27.0,"key":"Explosive Potion"},{"floor":28.0,"key":"SpeedPotion"},{"floor":29.0,"key":"FearPotion"},{"floor":33.0,"key":"GhostInAJar"},{"floor":35.0,"key":"Block Potion"},{"floor":37,"key":"Energy Potion"},{"floor":40,"key":"GhostInAJar"},{"floor":41,"key":"Block Potion"},{"floor":44,"key":"GamblersBrew"},{"floor":45,"key":"Swift Potion"}],"is_trial":false,"path_per_floor":["M","?","M","M","$","E","R","E","T","$","M","M","R","E","R","B",null,"M","$","M","M","R","M","R","T","M","R","$","R","B",null,"M","?","$","?","E","M","R","T","M","E","$","R","$","R","B",null],"character_chosen":"THE_SILENT","items_purchased":["Blade Dance","Caltrops","Backstab","Vajra","Torii","War Paint","Dexterity Potion","Bag of Marbles","Bandage Up"],"campfire_rested":2,"item_purchase_floors":[5,5,10,20,38,38,38,46,48],"current_hp_per_floor":[70,70,70,70,70,56,56,20,20,20,20,22,45,46,46,45,69,61,67,67,60,37,60,66,66,66,61,58,64,64,64,64,12,61,69,69,63,63,63,66,76,76,76,76,77,77,77,77,77,49],"gold":21,"neow_bonus":"TEN_PERCENT_HP_BONUS","is_prod":false,"is_daily":false,"chose_seed":false,"campfire_upgraded":8,"win_rate":0,"timestamp":1546221827,"path_taken":["M","?","M","M","$","E","R","E","T","$","M","M","R","E","R","BOSS","M","M","?","M","M","R","M","R","T","?","M","M","R","$","R","BOSS","M","?","M","$","?","E","?","R","T","M","E","$","R","$","R","BOSS"],"build_version":"2018-12-25","purchased_purges":2,"victory":true,"max_hp_per_floor":[77,77,77,77,77,77,77,77,77,77,77,77,77,77,77,77,77,77,77,77,77,77,77,77,77,77,77,77,77,77,77,77,77,77,77,77,77,77,77,77,77,77,77,77,77,77,77,77,77,77],"card_choices":[{"not_picked":["Dodge and Roll","Deflect"],"picked":"PiercingWail","floor":1.0},{"not_picked":["Flying Knee","PiercingWail"],"picked":"Calculated Gamble","floor":3.0},{"not_picked":["Masterful Stab","Quick Slash"],"picked":"Leg Sweep","floor":4.0},{"not_picked":["Deflect","Endless Agony"],"picked":"Terror","floor":6.0},{"not_picked":["PiercingWail","Deadly Poison","Heel Hook"],"picked":"SKIP","floor":8.0},{"not_picked":["Endless Agony","Bouncing Flask"],"picked":"Finisher","floor":11.0},{"not_picked":["Flying Knee","Dodge and Roll"],"picked":"Accuracy","floor":12.0},{"not_picked":["Calculated Gamble","Terror"],"picked":"Crippling Poison","floor":14.0},{"not_picked":["Unload","Adrenaline"],"picked":"Venomology","floor":16.0},{"not_picked":["Dagger Spray","Prepared"],"picked":"Blade Dance","floor":18.0},{"not_picked":["Dagger Spray","Flying Knee","Underhanded Strike"],"picked":"SKIP","floor":19.0},{"not_picked":["Underhanded Strike","Quick Slash","Sucker Punch+1"],"picked":"SKIP","floor":21.0},{"not_picked":["Dagger Throw","Flying Knee+1"],"picked":"Bullet Time","floor":22.0},{"not_picked":["Sucker Punch","Well Laid Plans"],"picked":"Dash","floor":24.0},{"not_picked":["Deflect+1","Eviscerate"],"picked":"Blade Dance+1","floor":27.0},{"not_picked":["Prepared+1","Poisoned Stab+1"],"picked":"Accuracy","floor":28.0},{"not_picked":["Catalyst","Slice+1"],"picked":"Backflip+1","floor":29.0},{"not_picked":["Bullet Time","Doppelganger"],"picked":"Night Terror","floor":33.0},{"not_picked":["Deadly Poison"],"picked":"SKIP","floor":35.0},{"not_picked":[],"picked":"Dash+1","floor":37},{"not_picked":["Deflect"],"picked":"SKIP","floor":40},{"not_picked":[],"picked":"Blur+1","floor":41},{"not_picked":["PiercingWail"],"picked":"SKIP","floor":44},{"not_picked":["Slice"],"picked":"SKIP","floor":45}],"player_experience":341499,"relics_obtained":[{"floor":6.0,"key":"Potion Belt"},{"floor":8.0,"key":"Ninja Scroll"},{"floor":9.0,"key":"Blood Vial"},{"floor":14.0,"key":"Bird Faced Urn"},{"floor":26.0,"key":"Bottled Tornado"},{"floor":27.0,"key":"Old Coin"},{"floor":27.0,"key":"Blue Candle"},{"floor":40,"key":"Boot"},{"floor":43,"key":"Happy Flower"},{"floor":45,"key":"Omamori"}],"event_choices":[{"damage_healed":0.0,"max_hp_gain":0.0,"max_hp_loss":0.0,"gold_gain":0.0,"cards_transformed":["Strike_G"],"event_name":"Transmorgrifier","player_choice":"Transformed","floor":2.0,"gold_loss":0.0,"damage_taken":0.0,"cards_obtained":["Infinite Blades"]},{"damage_healed":0.0,"max_hp_gain":0.0,"max_hp_loss":0.0,"gold_gain":0.0,"event_name":"Colosseum","player_choice":"Fight","floor":27.0,"gold_loss":0.0,"damage_taken":0.0},{"damage_healed":0.0,"max_hp_gain":0.0,"max_hp_loss":0.0,"gold_gain":0.0,"event_name":"Colosseum","player_choice":"Fought Nobs","floor":27.0,"gold_loss":0.0,"damage_taken":0.0},{"damage_healed":0.0,"max_hp_gain":0.0,"max_hp_loss":0.0,"gold_gain":0.0,"event_name":"Mysterious Sphere","player_choice":"Ignored","floor":36.0,"gold_loss":0.0,"damage_taken":0.0},{"damage_healed":0,"gold_gain":100,"player_choice":"Pray","damage_taken":0,"max_hp_gain":0,"max_hp_loss":0,"event_name":"Golden Shrine","floor":39,"gold_loss":0}],"is_beta":true,"boss_relics":[{"not_picked":["Coffee Dripper","Eternal Feather"],"picked":"White Beast Statue"},{"not_picked":["Calling Bell","Astrolabe"],"picked":"Busted Crown"}],"items_purged_floors":[20,31],"is_endless":false,"potions_floor_spawned":[6,8,12,14,18,19,21,22,24,27,27,28,29,33,35,37,40,41,44,45],"ascension_level":7}