{"gold_per_floor":[20,36,50,100,120,146,146,173,223,238,238,238,265,278,278,355,355,355,355,355,355,355,355,355,355,355,355,355,355,355,355,355,355,355,355,231,231,231,231,231,231,231,231,231,30,30,30,30,30,30],"floor_reached":51,"playtime":2624,"items_purged":["Strike_G+1","Decay"],"score":1311,"play_id":"6182c202-a446-46b3-8188-ab187c825e72","local_time":"20190218124908","is_ascension_mode":true,"campfire_choices":[{"data":"Neutralize","floor":7,"key":"SMITH"},{"floor":11,"key":"REST"},{"data":"Calculated Gamble","floor":15,"key":"SMITH"},{"data":"Noxious Fumes","floor":23,"key":"SMITH"},{"floor":29,"key":"REST"},{"floor":32,"key":"REST"},{"data":"Footwork","floor":40,"key":"SMITH"},{"data":"Dodge and Roll","floor":42,"key":"SMITH"},{"data":"Deadly Poison","floor":49,"key":"SMITH"}],"neow_cost":"NO_GOLD","seed_source_timestamp":21119568423264,"circlet_count":0,"master_deck":["AscendersBane","Defend_G+1","Defend_G+1","Defend_G+1","Defend_G+1","Defend_G+1","Strike_G+1","Strike_G+1","Survivor","Neutralize+1","Unload","Dagger Spray","Poisoned Stab","Flying Knee","Poisoned Stab","Calculated Gamble+1","Cloak And Dagger","Dagger Throw","Deadly Poison+1","Crippling Poison","Doppelganger","Noxious Fumes+1","Cloak And Dagger+1","Cloak And Dagger","Prepared+1","Backstab+1","Dodge and Roll+1","Backflip+1","Footwork+1","Adrenaline","PiercingWail","PiercingWail","Sucker Punch+1","Blur","Acrobatics","Backstab","Deadly Poison+1"],"special_seed":0,"relics":["Ring of the Snake","Blue Candle","Paper Crane","Bag of Marbles","Regal Pillow","Ectoplasm","Pantograph","Meat on the Bone","Ice Cream","MawBank","Cursed Key","Nunchaku","Anchor"],"potions_floor_usage":[8,13,16,24,33,41,47,48,50],"damage_taken":[{"damage":0.0,"enemies":"Small Slimes","floor":1.0,"turns":4.0},{"damage":0,"enemies":"Cultist","floor":2,"turns":3},{"damage":0,"enemies":"Jaw Worm","floor":3,"turns":4},{"damage":9,"enemies":"Red Slaver","floor":5,"turns":4},{"damage":29,"enemies":"Gremlin Nob","floor":6,"turns":4},{"damage":19,"enemies":"3 Sentries","floor":8,"turns":8},{"damage":0,"enemies":"Gremlin Gang","floor":10,"turns":1},{"damage":15,"enemies":"Gremlin Nob","floor":13,"turns":4},{"damage":1,"enemies":"Exordium Wildlife","floor":14,"turns":4},{"damage":14,"enemies":"Slime Boss","floor":16,"turns":9},{"damage":0,"enemies":"Spheric Guardian","floor":18,"turns":3},{"damage":7,"enemies":"Shell Parasite","floor":19,"turns":5},{"damage":4,"enemies":"3 Cultists","floor":21,"turns":5},{"damage":0,"enemies":"Chosen and Byrds","floor":22,"turns":6},{"damage":1,"enemies":"Gremlin Leader","floor":24,"turns":7},{"damage":10,"enemies":"Centurion and Healer","floor":25,"turns":6},{"damage":24,"enemies":"Slavers","floor":28,"turns":5},{"damage":0,"enemies":"Gremlin Leader","floor":30,"turns":7},{"damage":12,"enemies":"Sentry and Sphere","floor":31,"turns":5},{"damage":14,"enemies":"Automaton","floor":33,"turns":10},{"damage":2,"enemies":"Orb Walker","floor":35,"turns":3},{"damage":23,"enemies":"3 Darklings","floor":37,"turns":7},{"damage":7,"enemies":"Writhing Mass","floor":38,"turns":7},{"damage":14,"enemies":"2 Orb Walkers","floor":41,"turns":5},{"damage":10,"enemies":"Sphere and 2 Shapes","floor":46,"turns":7},{"damage":0,"enemies":"4 Shapes","floor":47,"turns":6},{"damage":9,"enemies":"Transient","floor":48,"turns":5},{"damage":40,"enemies":"Awakened One","floor":50,"turns":18}],"seed_played":"8970961172281545931","potions_obtained":[{"floor":2,"key":"Regen Potion"},{"floor":5,"key":"Ancient Potion"},{"floor":8,"key":"GhostInAJar"},{"floor":14,"key":"LiquidBronze"},{"floor":20,"key":"SteroidPotion"},{"floor":24,"key":"Ancient Potion"},{"floor":38,"key":"Strength Potion"},{"floor":41,"key":"Explosive Potion"},{"floor":46,"key":"Regen Potion"},{"floor":47,"key":"Explosive Potion"}],"is_trial":false,"path_per_floor":["M","M","M","?","M","E","R","E","T","M","R","?","E","M","R","B",null,"M","M","?","M","M","R","E","M","T","?","E","R","E","M","R","B",null,"M","$","M","M","?","R","?","R","T","?","$","M","M","M","R","B",null],"character_chosen":"THE_SILENT","items_purchased":["PiercingWail","Blur","Acrobatics"],"campfire_rested":3,"item_purchase_floors":[36,45,45],"current_hp_per_floor":[59,59,59,59,50,21,21,17,17,17,36,36,21,20,20,6,51,51,44,44,40,40,40,39,29,29,29,17,51,51,39,66,52,63,61,61,38,43,43,43,41,41,41,41,41,43,57,48,48,35],"gold":30,"neow_bonus":"THREE_RARE_CARDS","is_prod":false,"is_daily":false,"chose_seed":false,"campfire_upgraded":6,"win_rate":0,"timestamp":1550522948,"path_taken":["M","M","M","?","M","E","R","E","T","?","R","?","E","M","R","BOSS","M","M","?","M","?","R","E","?","T","?","E","R","E","M","R","BOSS","M","$","M","M","?","R","?","R","T","?","$","M","M","M","R","BOSS"],"build_version":"2019-01-23","purchased_purges":2,"victory":true,"max_hp_per_floor":[66,66,66,66,66,66,66,66,66,66,66,66,66,66,66,66,66,66,66,66,66,66,66,66,66,66,66,66,66,66,66,66,66,66,66,66,66,66,66,66,66,66,66,63,63,63,63,63,63,63],"card_choices":[{"not_picked":["Burst","Phantasmal Killer"],"picked":"Unload","floor":0.0},{"not_picked":["Acrobatics","Sucker Punch"],"picked":"Dagger Spray","floor":1.0},{"not_picked":["PiercingWail","Dagger Spray"],"picked":"Poisoned Stab","floor":2},{"not_picked":["Distraction","Dagger Spray"],"picked":"Flying Knee","floor":3},{"not_picked":["Flechettes","Distraction"],"picked":"Poisoned Stab","floor":5},{"not_picked":["Sucker Punch","Underhanded Strike","Poisoned Stab"],"picked":"SKIP","floor":6},{"not_picked":["Dagger Spray","Quick Slash"],"picked":"Calculated Gamble","floor":8},{"not_picked":["Endless Agony","Prepared"],"picked":"Cloak And Dagger","floor":10},{"not_picked":["Tools of the Trade","Calculated Gamble"],"picked":"Deadly Poison","floor":13},{"not_picked":["Slice","Dagger Throw"],"picked":"Crippling Poison","floor":14},{"not_picked":["Phantasmal Killer","Unload"],"picked":"Doppelganger","floor":16},{"not_picked":["Setup","Deadly Poison"],"picked":"Noxious Fumes","floor":18},{"not_picked":["Underhanded Strike","Infinite Blades"],"picked":"Cloak And Dagger+1","floor":19},{"not_picked":["Outmaneuver","Deadly Poison"],"picked":"Cloak And Dagger","floor":21},{"not_picked":["Deadly Poison","Tools of the Trade"],"picked":"Prepared+1","floor":22},{"not_picked":["Poisoned Stab","Outmaneuver"],"picked":"Backstab+1","floor":24},{"not_picked":["Slice","Dagger Throw"],"picked":"Dodge and Roll","floor":25},{"not_picked":["Quick Slash","Dodge and Roll"],"picked":"Backflip+1","floor":28},{"not_picked":["Distraction","Venomology"],"picked":"Footwork","floor":30},{"not_picked":["Tactician","Caltrops","Eviscerate"],"picked":"SKIP","floor":31},{"not_picked":["Unload","Storm of Steel"],"picked":"Adrenaline","floor":33},{"not_picked":["Prepared","Deflect","Dagger Throw"],"picked":"SKIP","floor":35},{"not_picked":["Dagger Spray","Prepared","All Out Attack+1"],"picked":"SKIP","floor":37},{"not_picked":["Poisoned Stab","Dodge and Roll"],"picked":"PiercingWail","floor":38},{"not_picked":["Slice","Deflect"],"picked":"Sucker Punch+1","floor":41},{"not_picked":["Cloak And Dagger","Outmaneuver"],"picked":"Backstab","floor":46},{"not_picked":["Flechettes","Sucker Punch","Flying Knee"],"picked":"SKIP","floor":47},{"not_picked":["Venomology","Flying Knee"],"picked":"Deadly Poison+1","floor":48}],"player_experience":2219220,"relics_obtained":[{"floor":6,"key":"Blue Candle"},{"floor":8,"key":"Paper Crane"},{"floor":9,"key":"Bag of Marbles"},{"floor":13,"key":"Regal Pillow"},{"floor":24,"key":"Pantograph"},{"floor":26,"key":"Meat on the Bone"},{"floor":28,"key":"Ice Cream"},{"floor":30,"key":"MawBank"},{"floor":41,"key":"Nunchaku"},{"floor":43,"key":"Anchor"}],"event_choices":[{"damage_healed":0,"gold_gain":50,"player_choice":"Pray","damage_taken":0,"max_hp_gain":0,"max_hp_loss":0,"event_name":"Golden Shrine","floor":4,"gold_loss":0},{"damage_healed":0,"gold_gain":0,"cards_transformed":["Strike_G"],"player_choice":"Transformed","damage_taken":0,"max_hp_gain":0,"max_hp_loss":0,"event_name":"Transmorgrifier","floor":12,"gold_loss":0,"cards_obtained":["Dagger Throw"]},{"damage_healed":0,"gold_gain":0,"player_choice":"Got Potions","damage_taken":0,"max_hp_gain":0,"max_hp_loss":0,"event_name":"Lab","floor":20,"gold_loss":0},{"damage_healed":0,"gold_gain":0,"player_choice":"Simplicity","damage_taken":0,"max_hp_gain":0,"max_hp_loss":0,"event_name":"Back to Basics","floor":27,"gold_loss":0,"cards_upgraded":["Defend_G","Defend_G","Defend_G","Defend_G","Defend_G","Strike_G","Strike_G","Strike_G","Strike_G"]},{"cards_removed":["Strike_G"],"damage_healed":0,"gold_gain":0,"player_choice":"Removed Attack","damage_taken":0,"max_hp_gain":0,"max_hp_loss":0,"event_name":"Falling","floor":39,"gold_loss":0},{"damage_healed":0,"gold_gain":0,"player_choice":"Fight","damage_taken":0,"max_hp_gain":0,"max_hp_loss":0,"event_name":"Mysterious Sphere","floor":41,"gold_loss":0},{"damage_healed":0,"gold_gain":0,"player_choice":"Max HP","damage_taken":0,"max_hp_gain":0,"max_hp_loss":3,"event_name":"Winding Halls","floor":44,"gold_loss":0}],"is_beta":false,"boss_relics":[{"not_picked":["Tiny House","Empty Cage"],"picked":"Ectoplasm"},{"not_picked":["Coffee Dripper","Runic Dome"],"picked":"Cursed Key"}],"items_purged_floors":[36,45],"is_endless":false,"potions_floor_spawned":[2,5,8,14,21,24,31,38,41,46,47],"ascension_level":15}