{"gold_per_floor":[111,111,124,52,127,127,157,174,221,221,239,239,252,265,265,339,339,354,354,354,367,238,238,266,226,226,226,176,196,210,227,227,298,298,317,417,430,441,142,142,142,142,142,142,153,0,0,14,14,14],"floor_reached":51,"playtime":3926,"items_purged":["Writhe","Decay","Parasite","Writhe"],"score":1018,"play_id":"322c2880-b461-4f7b-9112-0c30e0f70483","local_time":"20190109064120","is_ascension_mode":true,"campfire_choices":[{"floor":6.0,"key":"REST"},{"data":"Zap","floor":10.0,"key":"SMITH"},{"data":"Dualcast","floor":12.0,"key":"SMITH"},{"data":"Multi-Cast","floor":15.0,"key":"SMITH"},{"data":"Creative AI","floor":23.0,"key":"SMITH"},{"floor":27.0,"key":"REST"},{"floor":32.0,"key":"REST"},{"floor":40.0,"key":"REST"},{"data":"Chill","floor":47,"key":"SMITH"},{"data":"Redo","floor":49,"key":"SMITH"}],"neow_cost":"PERCENT_DAMAGE","seed_source_timestamp":24299311472925,"circlet_count":0,"master_deck":["AscendersBane","Strike_B","Strike_B","Strike_B","Defend_B","Defend_B","Defend_B","Defend_B","Zap+1","Dualcast+1","Seek","Gash","Self Repair","BootSequence","Ball Lightning","Multi-Cast+1","Darkness","Capacitor","Coolheaded","Creative AI+1","Leap","Reinforced Body","Sunder+1","Hologram","Chill+1","Leap","Reboot","Double Energy+1","Reinforced Body","Go for the Eyes+1","Glacier","Coolheaded","Redo+1"],"special_seed":0,"relics":["Cracked Core","Potion Belt","Smiling Mask","Orichalcum","Cursed Key","Cables","Art of War","Dead Branch","Nuclear Battery","Turnip","Sundial"],"potions_floor_usage":[50,50,50],"damage_taken":[{"damage":1.0,"enemies":"2 Louse","floor":1.0,"turns":2.0},{"damage":0.0,"enemies":"Small Slimes","floor":3.0,"turns":2.0},{"damage":30.0,"enemies":"3 Sentries","floor":7.0,"turns":8.0},{"damage":1.0,"enemies":"Cultist","floor":8.0,"turns":4.0},{"damage":4.0,"enemies":"Exordium Wildlife","floor":11.0,"turns":4.0},{"damage":9.0,"enemies":"Large Slime","floor":13.0,"turns":3.0},{"damage":0.0,"enemies":"2 Fungi Beasts","floor":14.0,"turns":3.0},{"damage":26.0,"enemies":"Slime Boss","floor":16.0,"turns":4.0},{"damage":27.0,"enemies":"Shell Parasite","floor":18.0,"turns":7.0},{"damage":12.0,"enemies":"Spheric Guardian","floor":21.0,"turns":5.0},{"damage":31.0,"enemies":"Gremlin Leader","floor":24.0,"turns":7.0},{"damage":13.0,"enemies":"Centurion and Healer","floor":29.0,"turns":4.0},{"damage":9.0,"enemies":"Snecko","floor":30.0,"turns":4.0},{"damage":12.0,"enemies":"Shelled Parasite and Fungi","floor":31.0,"turns":8.0},{"damage":20.0,"enemies":"Collector","floor":33.0,"turns":8.0},{"damage":2.0,"enemies":"Orb Walker","floor":35.0,"turns":4.0},{"damage":0.0,"enemies":"Mind Bloom Boss Battle","floor":36.0,"turns":4.0},{"damage":11.0,"enemies":"3 Darklings","floor":37.0,"turns":5.0},{"damage":46.0,"enemies":"Writhing Mass","floor":38.0,"turns":7.0},{"damage":0,"enemies":"Transient","floor":45,"turns":5},{"damage":3,"enemies":"Maw","floor":48,"turns":6},{"damage":68,"enemies":"Awakened One","floor":50,"turns":27}],"seed_played":"-6290994531630204061","potions_obtained":[{"floor":3.0,"key":"Explosive Potion"},{"floor":7.0,"key":"SkillPotion"},{"floor":13.0,"key":"AttackPotion"},{"floor":25.0,"key":"SpeedPotion"},{"floor":25.0,"key":"FocusPotion"},{"floor":25.0,"key":"Regen Potion"},{"floor":30.0,"key":"GamblersBrew"},{"floor":36.0,"key":"FocusPotion"},{"floor":45,"key":"Strength Potion"}],"is_trial":false,"path_per_floor":["M","?","M","$","?","R","E","M","T","R","M","R","M","M","R","B",null,"M","?","?","M","$","R","E","?","T","R","$","M","M","M","R","B",null,"M","?","M","M","$","R","?","T","T","?","M","$","R","M","R","B",null],"character_chosen":"DEFECT","items_purchased":["BootSequence","Ancient Potion","Sundial","Coolheaded","SteroidPotion"],"campfire_rested":4,"item_purchase_floors":[4,22,39,46,46],"current_hp_per_floor":[49,42,42,42,35,57,34,40,40,40,43,43,41,48,48,29,64,51,51,51,46,46,46,22,22,22,44,44,38,36,46,68,55,70,75,75,71,32,32,53,71,71,71,71,72,72,72,72,72,11],"gold":14,"neow_bonus":"THREE_RARE_CARDS","is_prod":false,"is_daily":false,"chose_seed":false,"campfire_upgraded":6,"win_rate":0,"timestamp":1547012480,"path_taken":["M","?","M","$","?","R","E","M","T","R","?","R","M","M","R","BOSS","M","?","?","M","$","R","E","?","T","R","$","M","?","M","R","BOSS","M","?","M","M","$","R","?","?","T","?","M","$","R","M","R","BOSS"],"build_version":"2019-01-07","purchased_purges":4,"victory":true,"max_hp_per_floor":[75,75,75,75,75,75,75,75,75,75,75,75,75,75,75,75,75,75,75,75,75,75,75,75,75,75,75,75,75,75,75,75,75,75,75,75,75,75,72,72,72,72,72,72,72,72,72,72,72,72],"card_choices":[{"not_picked":["Multi-Cast","Meteor Strike"],"picked":"Seek","floor":0.0},{"not_picked":["Beam Cell","Compile Driver"],"picked":"Gash","floor":1.0},{"not_picked":["Turbo","Hologram"],"picked":"Self Repair","floor":3.0},{"not_picked":["Barrage","Rebound"],"picked":"Ball Lightning","floor":7.0},{"not_picked":["Stack","Fusion"],"picked":"Multi-Cast","floor":8.0},{"not_picked":["Cold Snap","Stack"],"picked":"Darkness","floor":11.0},{"not_picked":["Recycle","Force Field"],"picked":"Capacitor","floor":13.0},{"not_picked":["Double Energy","Hello World"],"picked":"Coolheaded","floor":14.0},{"not_picked":["Rainbow","Hyperbeam"],"picked":"Creative AI","floor":16.0},{"not_picked":["Recycle","Sweeping Beam"],"picked":"Leap","floor":18.0},{"not_picked":["Chill","Sweeping Beam"],"picked":"Sunder+1","floor":21.0},{"not_picked":["Sweeping Beam","Creative AI"],"picked":"Hologram","floor":24.0},{"not_picked":["Sunder","BootSequence"],"picked":"Chill","floor":29.0},{"not_picked":["Steam Power","Barrage"],"picked":"Leap","floor":30.0},{"not_picked":["Turbo","Reprogram","Chaos"],"picked":"SKIP","floor":31.0},{"not_picked":["Multi-Cast","Biased Cognition"],"picked":"Reboot","floor":33.0},{"not_picked":["Coolheaded","Steam Power+1"],"picked":"Double Energy+1","floor":35.0},{"not_picked":["Consume","Defragment"],"picked":"Reinforced Body","floor":36.0},{"not_picked":["Ball Lightning+1","Cold Snap"],"picked":"Go for the Eyes+1","floor":37.0},{"not_picked":["Rebound","Fusion+1"],"picked":"Glacier","floor":38.0},{"not_picked":["Rebound","Beam Cell","White Noise"],"picked":"SKIP","floor":45},{"not_picked":["Storm","Skim"],"picked":"Redo","floor":48}],"player_experience":432881,"relics_obtained":[{"floor":7.0,"key":"Smiling Mask"},{"floor":9.0,"key":"Orichalcum"},{"floor":24.0,"key":"Art of War"},{"floor":26.0,"key":"Dead Branch"},{"floor":36.0,"key":"Turnip"}],"event_choices":[{"damage_healed":0.0,"max_hp_gain":0.0,"max_hp_loss":0.0,"gold_gain":0.0,"event_name":"Scrap Ooze","player_choice":"Success","floor":2.0,"gold_loss":0.0,"damage_taken":7.0,"relics_obtained":["Potion Belt"]},{"damage_healed":0.0,"max_hp_gain":0.0,"max_hp_loss":0.0,"gold_gain":75.0,"event_name":"FaceTrader","player_choice":"Touch","floor":5.0,"gold_loss":0.0,"damage_taken":7.0},{"damage_healed":0.0,"max_hp_gain":0.0,"max_hp_loss":0.0,"gold_gain":0.0,"event_name":"The Mausoleum","player_choice":"Opened","floor":19.0,"gold_loss":0.0,"damage_taken":0.0,"relics_obtained":["Cables"],"cards_obtained":["Writhe"]},{"damage_healed":0.0,"max_hp_gain":0.0,"max_hp_loss":0.0,"gold_gain":0.0,"event_name":"The Library","player_choice":"Read","floor":20.0,"gold_loss":0.0,"damage_taken":0.0,"cards_obtained":["Reinforced Body"]},{"damage_healed":0.0,"max_hp_gain":0.0,"max_hp_loss":0.0,"gold_gain":0.0,"event_name":"The Woman in Blue","player_choice":"Bought 3 Potions","floor":25.0,"gold_loss":0.0,"damage_taken":0.0},{"damage_healed":0.0,"max_hp_gain":0.0,"max_hp_loss":0.0,"gold_gain":0.0,"event_name":"MindBloom","player_choice":"Fight","floor":36.0,"gold_loss":0.0,"damage_taken":0.0},{"damage_healed":18.0,"max_hp_gain":0.0,"max_hp_loss":0.0,"gold_gain":0.0,"event_name":"Winding Halls","player_choice":"Writhe","floor":41.0,"gold_loss":0.0,"damage_taken":0.0,"cards_obtained":["Writhe"]},{"cards_removed":["Strike_B"],"damage_healed":0,"gold_gain":0,"player_choice":"Removed Attack","damage_taken":0,"max_hp_gain":0,"max_hp_loss":0,"event_name":"Falling","floor":44,"gold_loss":0}],"is_beta":true,"boss_relics":[{"not_picked":["Runic Dome","Velvet Choker"],"picked":"Cursed Key"},{"not_picked":["Eternal Feather","Coffee Dripper"],"picked":"Nuclear Battery"}],"items_purged_floors":[22,28,39,46],"is_endless":false,"potions_floor_spawned":[3,7,13,29,30,36,45],"ascension_level":13}