{"gold_per_floor":[18,18,38,38,54,54,73,73,151,37,65,91,130,2,2,102,102,119,135,234,162,174,174,191,217,244,270,270,270,283,312,312,407,407,417,417,430,35,35,35,35,135,205,205,231,242,242,162,162,162],"floor_reached":51,"playtime":3955,"items_purged":["Pain","Writhe"],"score":1025,"play_id":"1daa4d1a-088b-42f9-819c-f07333d27b20","local_time":"20190102022945","is_ascension_mode":true,"campfire_choices":[{"data":"Accuracy","floor":6.0,"key":"SMITH"},{"data":"Cloak And Dagger","floor":8.0,"key":"SMITH"},{"data":"Neutralize","floor":15.0,"key":"SMITH"},{"data":"Terror","floor":23.0,"key":"SMITH"},{"floor":29.0,"key":"REST"},{"floor":32.0,"key":"REST"},{"data":"Envenom","floor":40,"key":"SMITH"},{"data":"Storm of Steel","floor":44,"key":"SMITH"},{"data":"Noxious Fumes","floor":47,"key":"SMITH"},{"floor":49,"key":"REST"}],"neow_cost":"NO_GOLD","seed_source_timestamp":28778632874726,"circlet_count":0,"master_deck":["Survivor","Neutralize+1","Cloak And Dagger+1","Poisoned Stab","Accuracy+1","Infinite Blades","Die Die Die","Envenom+1","Heel Hook","Slice","Acrobatics","Die Die Die","Terror+1","Dodge and Roll+1","Noxious Fumes+1","Storm of Steel+1","Accuracy","Blade Dance+1","Footwork","Dash+1","Backstab","Blade Dance+1","PiercingWail+1","Phantasmal Killer","Blade Dance+1","PanicButton","PiercingWail","Catalyst"],"special_seed":0,"relics":["Ring of the Snake","WarpedTongs","Matryoshka","Boot","MawBank","Lantern","Singing Bowl","Pandora\u0027s Box","Pen Nib","Anchor","Oddly Smooth Stone","Bronze Scales","Kunai","Busted Crown","War Paint","Vajra","Prayer Wheel","Shuriken","Incense Burner","Calipers"],"potions_floor_usage":[33,45,46],"damage_taken":[{"damage":4.0,"enemies":"Small Slimes","floor":1.0,"turns":4.0},{"damage":8.0,"enemies":"Cultist","floor":3.0,"turns":5.0},{"damage":3.0,"enemies":"Jaw Worm","floor":5.0,"turns":4.0},{"damage":9.0,"enemies":"Large Slime","floor":7.0,"turns":6.0},{"damage":9.0,"enemies":"3 Sentries","floor":11.0,"turns":7.0},{"damage":12.0,"enemies":"Lagavulin","floor":13.0,"turns":4.0},{"damage":6.0,"enemies":"The Guardian","floor":16.0,"turns":12.0},{"damage":0.0,"enemies":"Chosen","floor":18.0,"turns":3.0},{"damage":11.0,"enemies":"Spheric Guardian","floor":19.0,"turns":3.0},{"damage":8.0,"enemies":"Chosen and Byrds","floor":22.0,"turns":3.0},{"damage":4.0,"enemies":"Cultist and Chosen","floor":24.0,"turns":3.0},{"damage":35.0,"enemies":"Book of Stabbing","floor":25.0,"turns":4.0},{"damage":7.0,"enemies":"Slavers","floor":27.0,"turns":6.0},{"damage":18.0,"enemies":"Snecko","floor":30.0,"turns":3.0},{"damage":0.0,"enemies":"Gremlin Leader","floor":31.0,"turns":3.0},{"damage":27,"enemies":"Collector","floor":33,"turns":5},{"damage":14,"enemies":"3 Shapes","floor":35,"turns":3},{"damage":13,"enemies":"3 Darklings","floor":37,"turns":4},{"damage":0,"enemies":"Mind Bloom Boss Battle","floor":42,"turns":4},{"damage":4,"enemies":"Giant Head","floor":45,"turns":5},{"damage":16,"enemies":"Spire Growth","floor":46,"turns":4},{"damage":30,"enemies":"Awakened One","floor":50,"turns":7}],"seed_played":"-8099509381728171250","potions_obtained":[{"floor":3.0,"key":"Block Potion"},{"floor":11.0,"key":"SteroidPotion"},{"floor":13.0,"key":"SteroidPotion"},{"floor":18.0,"key":"FearPotion"},{"floor":22.0,"key":"Swift Potion"},{"floor":27.0,"key":"FearPotion"},{"floor":33,"key":"PowerPotion"},{"floor":35,"key":"PowerPotion"}],"is_trial":false,"path_per_floor":["M","?","M","$","M","R","M","R","T","$","E","T","E","$","R","B",null,"M","M","?","$","M","R","M","E","T","E","?","R","M","E","R",null,"M","?","M","$","?","R","$","?","T","R","E","M","R","?","R","B",null],"character_chosen":"THE_SILENT","items_purchased":["Infinite Blades","Die Die Die","Regen Potion","War Paint","Vajra"],"campfire_rested":3,"item_purchase_floors":[10,14,21,38,38],"current_hp_per_floor":[73,73,65,65,62,62,53,53,53,53,44,44,34,34,34,28,72,74,63,63,63,57,57,53,30,30,23,23,50,32,32,59,32,76,64,87,74,74,74,74,74,74,74,74,70,58,58,58,86,56],"gold":162,"neow_bonus":"TWENTY_PERCENT_HP_BONUS","is_prod":false,"is_daily":false,"chose_seed":false,"campfire_upgraded":7,"win_rate":0,"timestamp":1546392585,"path_taken":["M","?","M","?","?","R","M","R","T","$","E","?","E","$","R","BOSS","M","?","?","$","M","R","M","E","T","E","?","R","M","E","R","BOSS","M","?","M","$","?","R","$","?","T","R","E","M","R","?","R","BOSS"],"build_version":"2018-12-25","purchased_purges":2,"victory":true,"max_hp_per_floor":[84,84,84,84,84,84,84,84,84,84,84,84,86,86,86,86,86,88,88,88,88,90,90,90,90,90,90,90,90,90,90,90,90,90,92,92,92,92,92,92,92,92,92,92,92,96,96,96,96,96],"card_choices":[{"not_picked":["Slice","Prepared"],"picked":"Cloak And Dagger","floor":1.0},{"not_picked":["Skewer","Underhanded Strike"],"picked":"Poisoned Stab","floor":3.0},{"not_picked":["Cloak And Dagger","Outmaneuver"],"picked":"Accuracy","floor":5.0},{"not_picked":["Bane","Masterful Stab","Heel Hook"],"picked":"SKIP","floor":7.0},{"not_picked":["Predator","Bane","Reflex"],"picked":"SKIP","floor":11.0},{"not_picked":["Outmaneuver","Riddle With Holes","Masterful Stab"],"picked":"Singing Bowl","floor":13.0},{"not_picked":["Phantasmal Killer","Doppelganger"],"picked":"Envenom","floor":16.0},{"not_picked":["Acrobatics","Well Laid Plans","Bane"],"picked":"Singing Bowl","floor":18.0},{"not_picked":["PiercingWail","Skewer"],"picked":"Blade Dance+1","floor":19.0},{"not_picked":["Expertise","Dagger Throw","Noxious Fumes"],"picked":"Singing Bowl","floor":22.0},{"not_picked":["Cloak And Dagger","Burst"],"picked":"Footwork","floor":24.0},{"not_picked":["Night Terror","Caltrops+1"],"picked":"Dash+1","floor":25.0},{"not_picked":["Noxious Fumes","Heel Hook"],"picked":"Backstab","floor":27.0},{"not_picked":["Sucker Punch+1","Well Laid Plans"],"picked":"Blade Dance","floor":30.0},{"not_picked":["Heel Hook+1","Deadly Poison+1"],"picked":"PiercingWail+1","floor":31.0},{"not_picked":["Envenom","Night Terror"],"picked":"Phantasmal Killer","floor":33},{"not_picked":["Dagger Spray+1"],"picked":"Singing Bowl","floor":35},{"not_picked":[],"picked":"Blade Dance+1","floor":37},{"not_picked":[],"picked":"PanicButton","floor":39},{"not_picked":[],"picked":"PiercingWail","floor":42},{"not_picked":[],"picked":"Catalyst","floor":45},{"not_picked":["Slice+1"],"picked":"Singing Bowl","floor":46},{"not_picked":["Setup+1"],"picked":"Singing Bowl","floor":46}],"player_experience":348452,"relics_obtained":[{"floor":9.0,"key":"Matryoshka"},{"floor":11.0,"key":"Boot"},{"floor":12.0,"key":"MawBank"},{"floor":12.0,"key":"Lantern"},{"floor":13.0,"key":"Singing Bowl"},{"floor":25.0,"key":"Pen Nib"},{"floor":26.0,"key":"Anchor"},{"floor":26.0,"key":"Oddly Smooth Stone"},{"floor":27.0,"key":"Bronze Scales"},{"floor":31.0,"key":"Kunai"},{"floor":42,"key":"Prayer Wheel"},{"floor":43,"key":"Shuriken"},{"floor":45,"key":"Incense Burner"}],"event_choices":[{"damage_healed":0.0,"max_hp_gain":0.0,"max_hp_loss":0.0,"gold_gain":0.0,"event_name":"Accursed Blacksmith","player_choice":"Rummage","floor":2.0,"gold_loss":0.0,"damage_taken":0.0,"relics_obtained":["WarpedTongs"],"cards_obtained":["Pain"]},{"damage_healed":0.0,"max_hp_gain":0.0,"max_hp_loss":0.0,"gold_gain":99.0,"event_name":"Nest","player_choice":"Stole From Cult","floor":20.0,"gold_loss":0.0,"damage_taken":0.0},{"cards_removed":["Masterful Stab"],"damage_healed":0.0,"max_hp_gain":0.0,"max_hp_loss":0.0,"gold_gain":0.0,"event_name":"Back to Basics","player_choice":"Elegance","floor":28.0,"gold_loss":0.0,"damage_taken":0.0},{"damage_healed":23,"gold_gain":0,"player_choice":"Writhe","damage_taken":0,"max_hp_gain":0,"max_hp_loss":0,"event_name":"Winding Halls","floor":36,"gold_loss":0,"cards_obtained":["Writhe"]},{"damage_healed":0,"gold_gain":0,"player_choice":"Memory 1","damage_taken":0,"max_hp_gain":0,"max_hp_loss":0,"event_name":"SensoryStone","floor":39,"gold_loss":0},{"damage_healed":0,"gold_gain":0,"player_choice":"Fight","damage_taken":0,"max_hp_gain":0,"max_hp_loss":0,"event_name":"MindBloom","floor":42,"gold_loss":0},{"damage_healed":0,"gold_gain":0,"player_choice":"Paid Gold","damage_taken":0,"relics_obtained":["Calipers"],"max_hp_gain":0,"max_hp_loss":0,"event_name":"WeMeetAgain","floor":48,"gold_loss":80}],"is_beta":true,"boss_relics":[{"not_picked":["HoveringKite","Sozu"],"picked":"Pandora\u0027s Box"},{"not_picked":["Astrolabe","Runic Dome"],"picked":"Busted Crown"}],"items_purged_floors":[10,38],"is_endless":false,"potions_floor_spawned":[3,11,13,18,22,27,33,35],"ascension_level":8}