{"gold_per_floor":[114,114,129,144,159,159,189,189,189,219,219,40,70,145,145,245,245,260,260,185,200,215,245,245,260,260,290,7,7,37,52,52,152,152,167,167,182,197,27,57,57,87,87,132,14,14,44,44,44,44],"floor_reached":51,"playtime":1814,"items_purged":[],"score":1009,"play_id":"71e7efa3-947d-4534-9a1e-bb341d043aa2","local_time":"25620214221850","daily_mods":["Heirloom","Flight","Binary"],"is_ascension_mode":false,"campfire_choices":[{"data":"Static Discharge","floor":6.0,"key":"SMITH"},{"data":"Self Repair","floor":8.0,"key":"SMITH"},{"data":"Zap","floor":11.0,"key":"SMITH"},{"data":"Hologram","floor":15.0,"key":"SMITH"},{"data":"Multi-Cast","floor":24.0,"key":"SMITH"},{"data":"Defragment","floor":29.0,"key":"SMITH"},{"data":"Fission","floor":32.0,"key":"SMITH"},{"data":"Capacitor","floor":41.0,"key":"SMITH"},{"data":"Apotheosis","floor":46.0,"key":"SMITH"},{"data":"Rainbow","floor":49,"key":"SMITH"}],"neow_cost":"","seed_source_timestamp":0,"circlet_count":0,"master_deck":["Strike_B","Strike_B","Strike_B","Defend_B","Defend_B","Defend_B+1","Defend_B","Zap+1","Dualcast","BootSequence","Static Discharge+1","Coolheaded","Self Repair+1","Conserve Battery","Hologram+1","Multi-Cast+1","Double Energy","Cold Snap","Gash","Conserve Battery+1","Storm+1","Capacitor+1","Defragment+1","Fission+1","Fusion+1","Amplify","BootSequence","Madness","Madness","Barrage+1","Force Field+1","Tempest","Decay","Chaos+1","Rainbow+1","Apotheosis+1","Rainbow"],"special_seed":17941,"relics":["Cracked Core","Dead Branch","The Courier","Potion Belt","Dream Catcher","Unceasing Top","Lee\u0027s Waffle","Letter Opener","Philosopher\u0027s Stone","Question Card","Happy Flower","StoneCalendar","Membership Card","War Paint","Pear","Cursed Key","Runic Capacitor","Tiny Chest","Lantern","Ornamental Fan","Shuriken","Bronze Scales","Gambling Chip","Mummified Hand","SsserpentHead"],"potions_floor_usage":[50,50,50],"damage_taken":[{"damage":0.0,"enemies":"2 Louse","floor":1.0,"turns":2.0},{"damage":1.0,"enemies":"Jaw Worm","floor":3.0,"turns":2.0},{"damage":0.0,"enemies":"Small Slimes","floor":4.0,"turns":4.0},{"damage":2.0,"enemies":"Exordium Thugs","floor":5.0,"turns":3.0},{"damage":10.0,"enemies":"Lagavulin","floor":7.0,"turns":6.0},{"damage":15.0,"enemies":"Gremlin Nob","floor":10.0,"turns":4.0},{"damage":6.0,"enemies":"3 Sentries","floor":13.0,"turns":6.0},{"damage":38.0,"enemies":"The Guardian","floor":16.0,"turns":9.0},{"damage":2.0,"enemies":"Spheric Guardian","floor":18.0,"turns":3.0},{"damage":2.0,"enemies":"Chosen","floor":21.0,"turns":3.0},{"damage":23.0,"enemies":"3 Cultists","floor":22.0,"turns":6.0},{"damage":14.0,"enemies":"Book of Stabbing","floor":23.0,"turns":4.0},{"damage":18.0,"enemies":"Sentry and Sphere","floor":25.0,"turns":4.0},{"damage":14.0,"enemies":"Gremlin Leader","floor":27.0,"turns":4.0},{"damage":8.0,"enemies":"Book of Stabbing","floor":30.0,"turns":5.0},{"damage":11.0,"enemies":"Centurion and Healer","floor":31.0,"turns":5.0},{"damage":0.0,"enemies":"Collector","floor":33.0,"turns":5.0},{"damage":0.0,"enemies":"3 Shapes","floor":35.0,"turns":2.0},{"damage":0.0,"enemies":"Orb Walker","floor":37.0,"turns":2.0},{"damage":0.0,"enemies":"Spire Growth","floor":38.0,"turns":2.0},{"damage":4.0,"enemies":"Reptomancer","floor":40.0,"turns":5.0},{"damage":0.0,"enemies":"Giant Head","floor":42.0,"turns":4.0},{"damage":2.0,"enemies":"2 Orb Walkers","floor":44.0,"turns":3.0},{"damage":31,"enemies":"Nemesis","floor":47,"turns":5},{"damage":8,"enemies":"Donu and Deca","floor":50,"turns":4}],"seed_played":"-7343806222778123622","potions_obtained":[{"floor":1.0,"key":"Swift Potion"},{"floor":4.0,"key":"Block Potion"},{"floor":13.0,"key":"SkillPotion"},{"floor":16.0,"key":"Fire Potion"},{"floor":22.0,"key":"Explosive Potion"},{"floor":23.0,"key":"Weak Potion"},{"floor":25.0,"key":"Regen Potion"},{"floor":37.0,"key":"AttackPotion"},{"floor":38.0,"key":"FairyPotion"},{"floor":47,"key":"Dexterity Potion"}],"is_trial":false,"path_per_floor":["M","?","M","M","M","R","E","R","T","E","R","$","E","?","R","B",null,"M","?","?","M","M","E","R","M","T","E","$","R","E","M","R","B",null,"M","?","M","M","$","E","R","E","T","?","$","R","E","?","R","B",null],"character_chosen":"DEFECT","items_purchased":["Lee\u0027s Waffle","Conserve Battery","Membership Card","War Paint","Capacitor","Defragment","Runic Capacitor","Tiny Chest","Lantern","Rainbow","Apotheosis","PowerPotion"],"campfire_rested":0,"item_purchase_floors":[12,12,28,28,28,28,39,39,39,45,45,45],"current_hp_per_floor":[75,57,56,56,54,54,44,44,44,39,39,82,82,71,71,43,82,82,66,66,74,61,57,57,49,49,45,45,45,71,70,70,80,97,97,85,85,95,95,91,91,97,97,95,95,95,74,74,74,66],"gold":44,"neow_bonus":"","is_prod":false,"is_daily":true,"chose_seed":false,"campfire_upgraded":10,"win_rate":0,"timestamp":1550157530,"path_taken":["M","?","M","M","M","R","E","R","T","E","R","$","E","?","R","BOSS","M","?","?","M","M","E","R","M","T","E","$","R","E","M","R","BOSS","M","?","M","M","$","E","R","E","T","?","$","R","E","?","R","BOSS"],"build_version":"2019-01-23","purchased_purges":0,"victory":true,"max_hp_per_floor":[75,75,75,75,75,75,75,75,75,75,75,82,82,82,82,82,82,82,87,87,87,87,87,87,87,87,87,87,87,97,97,97,97,97,97,97,97,97,97,97,97,97,97,97,97,97,97,97,97,97],"card_choices":[{"not_picked":["Heatsinks"],"picked":"BootSequence","floor":1.0},{"not_picked":["Hologram"],"picked":"Static Discharge","floor":3.0},{"not_picked":["Rebound"],"picked":"Coolheaded","floor":4.0},{"not_picked":["Gash","Doom and Gloom"],"picked":"SKIP","floor":5.0},{"not_picked":["Defragment"],"picked":"Self Repair","floor":7.0},{"not_picked":["Fusion","Redo"],"picked":"SKIP","floor":10.0},{"not_picked":["Fusion"],"picked":"Hologram","floor":13.0},{"not_picked":["All For One"],"picked":"Multi-Cast","floor":16.0},{"not_picked":["Doom and Gloom"],"picked":"Double Energy","floor":18.0},{"not_picked":["Rip and Tear"],"picked":"Cold Snap","floor":21.0},{"not_picked":["Steam+1"],"picked":"Gash","floor":22.0},{"not_picked":["Leap"],"picked":"Conserve Battery","floor":23.0},{"not_picked":["Fusion","Sweeping Beam"],"picked":"Storm+1","floor":25.0},{"not_picked":["Scrape","Lockon","Stack"],"picked":"SKIP","floor":27.0},{"not_picked":["Barrage+1","Auto Shields"],"picked":"Fission","floor":30.0},{"not_picked":["Chill","Barrage+1"],"picked":"Fusion+1","floor":31.0},{"not_picked":["Machine Learning","All For One"],"picked":"Amplify","floor":33.0},{"not_picked":["Conserve Battery+1","Rip and Tear"],"picked":"BootSequence","floor":35.0},{"not_picked":["Rip and Tear+1","Coolheaded"],"picked":"Barrage+1","floor":37.0},{"not_picked":["Reprogram+1","Stack","Sweeping Beam+1"],"picked":"SKIP","floor":38.0},{"not_picked":["Steam+1","Compile Driver"],"picked":"Force Field+1","floor":40.0},{"not_picked":["Ball Lightning+1","Leap+1"],"picked":"Tempest","floor":42.0},{"not_picked":["Redo","Go for the Eyes"],"picked":"Chaos+1","floor":44.0},{"not_picked":["Redo+1","Gash"],"picked":"Rainbow","floor":47}],"player_experience":246753,"relics_obtained":[{"floor":7.0,"key":"Potion Belt"},{"floor":9.0,"key":"Dream Catcher"},{"floor":10.0,"key":"Unceasing Top"},{"floor":13.0,"key":"Letter Opener"},{"floor":23.0,"key":"Question Card"},{"floor":26.0,"key":"Happy Flower"},{"floor":27.0,"key":"StoneCalendar"},{"floor":30.0,"key":"Pear"},{"floor":40.0,"key":"Ornamental Fan"},{"floor":42.0,"key":"Shuriken"},{"floor":43.0,"key":"Bronze Scales"},{"floor":44.0,"key":"Gambling Chip"},{"floor":47,"key":"Mummified Hand"}],"event_choices":[{"damage_healed":0.0,"max_hp_gain":0.0,"max_hp_loss":0.0,"gold_gain":0.0,"event_name":"Scrap Ooze","player_choice":"Success","floor":2.0,"gold_loss":0.0,"damage_taken":18.0,"relics_obtained":["The Courier"]},{"damage_healed":0.0,"max_hp_gain":0.0,"max_hp_loss":0.0,"gold_gain":75.0,"event_name":"World of Goop","player_choice":"Gather Gold","floor":14.0,"gold_loss":0.0,"damage_taken":11.0},{"damage_healed":0.0,"max_hp_gain":5.0,"max_hp_loss":0.0,"gold_gain":0.0,"event_name":"Forgotten Altar","player_choice":"Shed Blood","floor":19.0,"gold_loss":0.0,"damage_taken":21.0},{"cards_removed":["Strike_B"],"damage_healed":0.0,"max_hp_gain":0.0,"max_hp_loss":0.0,"gold_gain":0.0,"event_name":"Beggar","player_choice":"Gave Gold","floor":20.0,"gold_loss":75.0,"damage_taken":0.0},{"damage_healed":0.0,"max_hp_gain":0.0,"max_hp_loss":0.0,"gold_gain":0.0,"event_name":"Winding Halls","player_choice":"Embrace Madness","floor":36.0,"gold_loss":0.0,"damage_taken":12.0,"cards_obtained":["Madness","Madness"]},{"damage_healed":0.0,"max_hp_gain":0.0,"max_hp_loss":0.0,"gold_gain":0.0,"event_name":"Mysterious Sphere","player_choice":"Fight","floor":44.0,"gold_loss":0.0,"damage_taken":0.0},{"damage_healed":0,"gold_gain":0,"player_choice":"Trade","damage_taken":0,"relics_obtained":["SsserpentHead"],"max_hp_gain":0,"max_hp_loss":0,"event_name":"FaceTrader","floor":48,"gold_loss":0}],"is_beta":false,"boss_relics":[{"not_picked":["Velvet Choker","Nuclear Battery"],"picked":"Philosopher\u0027s Stone"},{"not_picked":["FrozenCore","Lizard Tail"],"picked":"Cursed Key"}],"items_purged_floors":[],"is_endless":false,"potions_floor_spawned":[1,4,13,16,22,23,25,37,38,47],"ascension_level":0}