{"gold_per_floor":[117,117,128,203,253,253,283,300,350,350,365,377,707,707,707,782,782,801,815,140,154,514,546,546,559,631,650,661,661,695,695,695,773,773,788,806,856,325,325,351,378,378,378,378,411,411,142,154,154,154,154,154,2,31,31],"floor_reached":56,"playtime":2175,"items_purged":["Immolate","Rampage","Bash"],"score":2158,"play_id":"21a6463c-052d-4118-ab3d-a0b96b106233","local_time":"20190405231348","is_ascension_mode":true,"campfire_choices":[{"data":"Armaments","floor":6.0,"key":"SMITH"},{"data":"Immolate","floor":10.0,"key":"SMITH"},{"data":"True Grit","floor":15.0,"key":"SMITH"},{"floor":24.0,"key":"REST"},{"floor":32.0,"key":"REST"},{"floor":42.0,"key":"REST"},{"floor":44.0,"key":"REST"},{"floor":46.0,"key":"REST"},{"floor":49.0,"key":"RECALL"},{"floor":52.0,"key":"REST"}],"neow_cost":"NONE","seed_source_timestamp":0,"circlet_count":0,"master_deck":["AscendersBane","Armaments+1","Immolate+1","True Grit+1","Offering","Rage","Immolate","Rampage","Shockwave+1","Immolate","Immolate","Limit Break","Evolve","Carnage","Sentinel","Burning Pact","Seeing Red","Evolve+1","Berserk+1","Double Tap","Sentinel+1","Bloodletting+1","Second Wind+1","Disarm","Flame Barrier"],"special_seed":0,"relics":["Burning Blood","NeowsBlessing","Dream Catcher","Pen Nib","Old Coin","Calipers","Pandora\u0027s Box","FossilizedHelix","OrangePellets","StoneCalendar","Frozen Egg 2","Paper Frog","Fusion Hammer","WingedGreaves","Bag of Marbles","War Paint","Art of War","Ancient Tea Set","Bird Faced Urn","Anchor","Bag of Preparation","Pantograph"],"potions_floor_usage":[55],"damage_taken":[{"damage":0.0,"enemies":"Small Slimes","floor":1.0,"turns":1.0},{"damage":0.0,"enemies":"Jaw Worm","floor":3.0,"turns":1.0},{"damage":0.0,"enemies":"Lagavulin","floor":7.0,"turns":1.0},{"damage":1.0,"enemies":"2 Louse","floor":8.0,"turns":2.0},{"damage":0.0,"enemies":"Lots of Slimes","floor":11.0,"turns":1.0},{"damage":0.0,"enemies":"Large Slime","floor":12.0,"turns":6.0},{"damage":6.0,"enemies":"3 Sentries","floor":13.0,"turns":2.0},{"damage":45.0,"enemies":"The Guardian","floor":16.0,"turns":12.0},{"damage":15.0,"enemies":"Chosen","floor":18.0,"turns":5.0},{"damage":6.0,"enemies":"3 Byrds","floor":19.0,"turns":3.0},{"damage":0.0,"enemies":"Sentry and Sphere","floor":21.0,"turns":2.0},{"damage":21.0,"enemies":"Book of Stabbing","floor":23.0,"turns":4.0},{"damage":2.0,"enemies":"Snecko","floor":25.0,"turns":3.0},{"damage":15.0,"enemies":"Chosen and Byrds","floor":27.0,"turns":4.0},{"damage":14.0,"enemies":"Centurion and Healer","floor":28.0,"turns":3.0},{"damage":27.0,"enemies":"Slavers","floor":30.0,"turns":2.0},{"damage":16.0,"enemies":"Collector","floor":33.0,"turns":7.0},{"damage":0.0,"enemies":"3 Darklings","floor":35.0,"turns":2.0},{"damage":15.0,"enemies":"3 Shapes","floor":36.0,"turns":4.0},{"damage":48.0,"enemies":"2 Orb Walkers","floor":37.0,"turns":4.0},{"damage":34.0,"enemies":"Nemesis","floor":40.0,"turns":5.0},{"damage":16.0,"enemies":"Reptomancer","floor":41.0,"turns":5.0},{"damage":42.0,"enemies":"Giant Head","floor":45.0,"turns":7.0},{"damage":0.0,"enemies":"Transient","floor":48.0,"turns":5.0},{"damage":33.0,"enemies":"Awakened One","floor":50.0,"turns":9.0},{"damage":41.0,"enemies":"Shield and Spear","floor":54.0,"turns":4.0},{"damage":23,"enemies":"The Heart","floor":55,"turns":7}],"seed_played":"-2058152693159791174","potions_obtained":[{"floor":1.0,"key":"Energy Potion"},{"floor":8.0,"key":"SneckoOil"},{"floor":11.0,"key":"GamblersBrew"},{"floor":12.0,"key":"Regen Potion"},{"floor":16.0,"key":"Explosive Potion"},{"floor":19.0,"key":"PowerPotion"},{"floor":25.0,"key":"SpeedPotion"},{"floor":28.0,"key":"Explosive Potion"},{"floor":33.0,"key":"EssenceOfSteel"},{"floor":36.0,"key":"FearPotion"},{"floor":37.0,"key":"SteroidPotion"}],"is_trial":false,"path_per_floor":["M","?","M","?","?","R","E","M","T","R","M","M","E","?","R","B",null,"M","M","$","M","?","E","R","M","T","M","M","?","E","?","R","B",null,"M","M","?","$","?","E","E","R","T","R","E","R","$","M","R","B",null,"R","$","E","B",null],"character_chosen":"IRONCLAD","items_purchased":["FossilizedHelix","Sentinel","OrangePellets","Energy Potion","Bag of Marbles","Disarm","War Paint","Ancient Potion","Anchor","Bag of Preparation"],"campfire_rested":6,"item_purchase_floors":[20,20,20,20,38,38,38,38,47,53],"current_hp_per_floor":[74,51,57,46,46,46,52,57,57,57,63,69,69,69,69,30,64,69,69,69,75,40,25,47,51,51,42,34,34,13,13,35,25,63,69,60,18,18,61,33,23,41,41,59,23,41,41,51,51,28,53,61,61,28,42],"gold":31,"neow_bonus":"THREE_ENEMY_KILL","is_prod":false,"is_daily":false,"chose_seed":true,"campfire_upgraded":3,"win_rate":0,"timestamp":1554477228,"path_taken":["M","?","M","?","?","R","E","M","T","R","?","M","E","?","R","BOSS","M","?","$","M","?","E","R","?","T","?","M","?","E","?","R","BOSS","M","M","?","$","?","E","E","R","T","R","E","R","$","M","R","BOSS","R","$","E","BOSS"],"build_version":"2019-01-23","purchased_purges":3,"victory":true,"max_hp_per_floor":[75,75,75,75,75,75,75,75,75,75,75,75,75,75,75,75,75,75,75,75,75,75,75,75,75,75,75,75,75,75,75,75,75,75,75,75,75,75,61,61,61,61,61,61,61,61,61,61,61,61,61,61,61,61,61],"card_choices":[{"not_picked":["Sentinel","Twin Strike"],"picked":"Wild Strike","floor":1.0},{"not_picked":["Inflame","Clash"],"picked":"Armaments","floor":3.0},{"not_picked":["Warcry","Headbutt"],"picked":"Immolate","floor":7.0},{"not_picked":["Warcry","Sentinel"],"picked":"True Grit","floor":8.0},{"not_picked":["Rage","Wild Strike","Headbutt"],"picked":"SKIP","floor":11.0},{"not_picked":["Pommel Strike","Wild Strike"],"picked":"Offering","floor":12.0},{"not_picked":["Wild Strike","Rampage"],"picked":"Rage","floor":13.0},{"not_picked":["Dark Embrace","Feed"],"picked":"Immolate","floor":16.0},{"not_picked":["Whirlwind","Pommel Strike","Clothesline"],"picked":"SKIP","floor":18.0},{"not_picked":["Feel No Pain","Perfected Strike","Shrug It Off"],"picked":"SKIP","floor":19.0},{"not_picked":["Carnage+1","Heavy Blade"],"picked":"Burning Pact","floor":21.0},{"not_picked":["Havoc","Ghostly Armor"],"picked":"Seeing Red","floor":23.0},{"not_picked":["Wild Strike","Perfected Strike","Carnage+1"],"picked":"SKIP","floor":25.0},{"not_picked":["Clash+1","Blood for Blood"],"picked":"Evolve+1","floor":27.0},{"not_picked":["Clash","Sever Soul"],"picked":"Berserk+1","floor":28.0},{"not_picked":["Sword Boomerang","Heavy Blade","Clothesline"],"picked":"SKIP","floor":30.0},{"not_picked":["Sword Boomerang","Heavy Blade","Clothesline"],"picked":"SKIP","floor":30.0},{"not_picked":["Offering","Barricade+1"],"picked":"Double Tap","floor":33.0},{"not_picked":["Twin Strike","Anger"],"picked":"Sentinel+1","floor":35.0},{"not_picked":["True Grit","Clash"],"picked":"Bloodletting+1","floor":36.0},{"not_picked":["Flex","Pommel Strike+1"],"picked":"Second Wind","floor":37.0},{"not_picked":["Clothesline","Double Tap","Whirlwind+1"],"picked":"SKIP","floor":40.0},{"not_picked":["Clothesline","Double Tap","Whirlwind+1"],"picked":"SKIP","floor":40.0},{"not_picked":["Hemokinesis+1","Clothesline","Rupture+1"],"picked":"SKIP","floor":41.0},{"not_picked":["Dual Wield","Perfected Strike+1","Cleave"],"picked":"SKIP","floor":45.0},{"not_picked":["Twin Strike","Dual Wield+1","Rupture+1"],"picked":"SKIP","floor":48.0},{"not_picked":["Rampage+1","Fire Breathing+1"],"picked":"Flame Barrier","floor":54.0}],"player_experience":2938298,"relics_obtained":[{"floor":7.0,"key":"Dream Catcher"},{"floor":9.0,"key":"Pen Nib"},{"floor":13.0,"key":"Old Coin"},{"floor":23.0,"key":"StoneCalendar"},{"floor":26.0,"key":"Frozen Egg 2"},{"floor":30.0,"key":"Paper Frog"},{"floor":37.0,"key":"WingedGreaves"},{"floor":40.0,"key":"Art of War"},{"floor":41.0,"key":"Ancient Tea Set"},{"floor":45.0,"key":"Bird Faced Urn"},{"floor":54.0,"key":"Pantograph"}],"event_choices":[{"damage_healed":0.0,"max_hp_gain":0.0,"max_hp_loss":0.0,"gold_gain":0.0,"event_name":"Shining Light","player_choice":"Entered Light","floor":2.0,"gold_loss":0.0,"damage_taken":23.0,"cards_upgraded":["Wild Strike","Strike_R"]},{"damage_healed":0.0,"max_hp_gain":0.0,"max_hp_loss":0.0,"gold_gain":75.0,"event_name":"World of Goop","player_choice":"Gather Gold","floor":4.0,"gold_loss":0.0,"damage_taken":11.0},{"damage_healed":0.0,"max_hp_gain":0.0,"max_hp_loss":0.0,"gold_gain":50.0,"event_name":"Golden Shrine","player_choice":"Pray","floor":5.0,"gold_loss":0.0,"damage_taken":0.0},{"cards_removed":["Wild Strike"],"damage_healed":0.0,"max_hp_gain":0.0,"max_hp_loss":0.0,"gold_gain":0.0,"event_name":"WeMeetAgain","player_choice":"Gave Card","floor":14.0,"gold_loss":0.0,"damage_taken":0.0,"relics_obtained":["Calipers"]},{"damage_healed":0.0,"max_hp_gain":0.0,"max_hp_loss":0.0,"gold_gain":360.0,"event_name":"Knowing Skull","player_choice":"GOLD GOLD GOLD GOLD ","floor":22.0,"potions_obtained":[],"gold_loss":0.0,"damage_taken":35.0,"cards_obtained":[]},{"damage_healed":0.0,"max_hp_gain":0.0,"max_hp_loss":0.0,"gold_gain":0.0,"event_name":"Forgotten Altar","player_choice":"Smashed Altar","floor":29.0,"gold_loss":0.0,"damage_taken":0.0,"cards_obtained":["Decay"]},{"cards_removed":["Decay"],"damage_healed":0.0,"max_hp_gain":0.0,"max_hp_loss":0.0,"gold_gain":0.0,"event_name":"Back to Basics","player_choice":"Elegance","floor":31.0,"gold_loss":0.0,"damage_taken":0.0},{"damage_healed":0.0,"max_hp_gain":0.0,"max_hp_loss":0.0,"gold_gain":0.0,"event_name":"Mysterious Sphere","player_choice":"Fight","floor":37.0,"gold_loss":0.0,"damage_taken":0.0},{"damage_healed":61.0,"max_hp_gain":0.0,"max_hp_loss":14.0,"gold_gain":0.0,"event_name":"The Moai Head","player_choice":"Heal","floor":39.0,"gold_loss":0.0,"damage_taken":0.0}],"is_beta":false,"boss_relics":[{"not_picked":["Snecko Eye","Runic Cube"],"picked":"Pandora\u0027s Box"},{"not_picked":["Tiny House","Black Blood"],"picked":"Fusion Hammer"}],"items_purged_floors":[20,38,47],"is_endless":false,"potions_floor_spawned":[1,8,11,12,16,19,21,25,28,33,36,37],"ascension_level":15}