{"gold_per_floor":[118,131,206,44,44,72,72,88,138,164,164,60,74,100,100,173,173,191,191,210,223,54,54,89,89,89,116,147,147,147,47,47,124,124,139,158,209,84,103,131,131,163,163,163,263,281,503,532,532,532,532,532,532,8,43,43],"floor_reached":57,"playtime":3362,"items_purged":["Strike_B","Strike_B","Doom and Gloom","Gash"],"score":3334,"play_id":"6a6d6356-ac99-457a-8046-ebfc7b4cc765","local_time":"20190104191350","is_ascension_mode":true,"campfire_choices":[{"data":"Dualcast","floor":7.0,"key":"SMITH"},{"floor":11.0,"key":"REST"},{"data":"Hologram","floor":15.0,"key":"SMITH"},{"data":"Self Repair","floor":23.0,"key":"SMITH"},{"data":"Biased Cognition","floor":25.0,"key":"SMITH"},{"data":"Creative AI","floor":30.0,"key":"SMITH"},{"data":"Buffer","floor":32.0,"key":"SMITH"},{"floor":41.0,"key":"REST"},{"floor":44.0,"key":"RECALL"},{"floor":49.0,"key":"REST"},{"floor":53.0,"key":"REST"}],"neow_cost":"NONE","seed_source_timestamp":8546243733669,"circlet_count":0,"master_deck":["AscendersBane","Defend_B+1","Defend_B+1","Defend_B","Zap","Dualcast+1","Doom and Gloom+1","Glacier+1","Skim","Echo Form","Hologram+1","Go for the Eyes","Biased Cognition+1","Darkness+1","Self Repair+1","Core Surge","Buffer+1","Creative AI+1","Electrodynamics","Conserve Battery+1","Coolheaded+1"],"special_seed":0,"relics":["Cracked Core","NeowsBlessing","Bag of Preparation","Bag of Marbles","War Paint","Anchor","Question Card","Runic Dome","Bronze Scales","PreservedInsect","Red Mask","Regal Pillow","Fusion Hammer","Prayer Wheel","Vajra","Strawberry","StoneCalendar","Art of War","Turnip","Happy Flower"],"potions_floor_usage":[55,56],"damage_taken":[{"damage":0.0,"enemies":"2 Louse","floor":1.0,"turns":1.0},{"damage":0.0,"enemies":"Small Slimes","floor":2.0,"turns":1.0},{"damage":0.0,"enemies":"3 Sentries","floor":6.0,"turns":1.0},{"damage":0.0,"enemies":"Cultist","floor":8.0,"turns":2.0},{"damage":16.0,"enemies":"Gremlin Nob","floor":10.0,"turns":4.0},{"damage":0.0,"enemies":"3 Louse","floor":13.0,"turns":1.0},{"damage":0.0,"enemies":"Lagavulin","floor":14.0,"turns":7.0},{"damage":10.0,"enemies":"The Guardian","floor":16.0,"turns":9.0},{"damage":0.0,"enemies":"Chosen","floor":18.0,"turns":4.0},{"damage":0.0,"enemies":"Spheric Guardian","floor":20.0,"turns":5.0},{"damage":13.0,"enemies":"Snecko","floor":21.0,"turns":3.0},{"damage":16.0,"enemies":"Gremlin Leader","floor":24.0,"turns":5.0},{"damage":4.0,"enemies":"Masked Bandits","floor":27.0,"turns":3.0},{"damage":6.0,"enemies":"Book of Stabbing","floor":28.0,"turns":3.0},{"damage":0.0,"enemies":"Champ","floor":33.0,"turns":15.0},{"damage":0.0,"enemies":"3 Darklings","floor":35.0,"turns":2.0},{"damage":3.0,"enemies":"Orb Walker","floor":36.0,"turns":3.0},{"damage":9.0,"enemies":"2 Orb Walkers","floor":37.0,"turns":4.0},{"damage":22.0,"enemies":"3 Darklings","floor":39.0,"turns":4.0},{"damage":7.0,"enemies":"Nemesis","floor":40.0,"turns":7.0},{"damage":0.0,"enemies":"Giant Head","floor":42.0,"turns":8.0},{"damage":17.0,"enemies":"Mind Bloom Boss Battle","floor":45.0,"turns":6.0},{"damage":53.0,"enemies":"Jaw Worm Horde","floor":46.0,"turns":4.0},{"damage":0.0,"enemies":"Reptomancer","floor":48.0,"turns":5.0},{"damage":0.0,"enemies":"Time Eater","floor":50.0,"turns":12.0},{"damage":81.0,"enemies":"Awakened One","floor":51.0,"turns":16.0},{"damage":0,"enemies":"Shield and Spear","floor":55,"turns":8},{"damage":66,"enemies":"The Heart","floor":56,"turns":11}],"seed_played":"6377499277733915318","potions_obtained":[{"floor":2.0,"key":"FearPotion"},{"floor":6.0,"key":"Poison Potion"},{"floor":21.0,"key":"Weak Potion"},{"floor":33.0,"key":"SmokeBomb"},{"floor":36.0,"key":"EssenceOfSteel"},{"floor":45.0,"key":"Energy Potion"},{"floor":46.0,"key":"FairyPotion"},{"floor":55,"key":"FearPotion"}],"is_trial":false,"path_per_floor":["M","M","?","$","?","E","R","M","T","E","R","$","M","E","R","B",null,"M","?","M","M","$","R","E","R","T","?","E","?","R","$","R","B",null,"M","M","?","$","M","E","R","E","T","R","?","M","?","E","R","B","B",null,"R","$","E","B",null],"character_chosen":"DEFECT","items_purchased":["Bag of Preparation","Hologram","Core Surge","Turnip","Weak Potion"],"campfire_rested":4,"item_purchase_floors":[4,12,22,54,54],"current_hp_per_floor":[64,64,53,53,32,32,32,32,32,16,37,37,37,37,37,27,60,60,60,60,47,47,47,41,41,41,47,41,41,41,41,41,61,69,69,71,62,62,50,53,71,78,78,78,71,28,28,38,76,78,27,65,78,78,78,22],"gold":43,"neow_bonus":"THREE_ENEMY_KILL","is_prod":false,"is_daily":false,"chose_seed":false,"campfire_upgraded":6,"win_rate":0,"timestamp":1546600430,"path_taken":["M","M","?","$","?","E","R","M","T","E","R","$","M","E","R","BOSS","M","?","?","M","$","R","E","R","T","?","E","?","R","$","R","BOSS","M","M","?","$","M","E","R","E","T","R","?","M","?","E","R","BOSS","BOSS","R","$","E","BOSS"],"build_version":"2019-01-03v3","purchased_purges":4,"victory":true,"max_hp_per_floor":[71,71,71,71,71,71,71,71,71,71,71,71,71,71,71,71,71,71,71,71,71,71,71,71,71,71,71,71,71,71,71,71,71,71,71,71,71,71,71,71,71,78,78,78,78,78,78,78,78,78,78,78,78,78,78,78],"card_choices":[{"not_picked":["Rebound","Go for the Eyes"],"picked":"Doom and Gloom","floor":1.0},{"not_picked":["Scrape","FTL"],"picked":"Glacier","floor":2.0},{"not_picked":["Storm","Barrage"],"picked":"Skim","floor":6.0},{"not_picked":["Steam Power","Sweeping Beam","Genetic Algorithm"],"picked":"SKIP","floor":8.0},{"not_picked":["Streamline","Reboot"],"picked":"Echo Form","floor":10.0},{"not_picked":["Turbo","Steam","Stack"],"picked":"SKIP","floor":13.0},{"not_picked":["Melter","Double Energy"],"picked":"Go for the Eyes","floor":14.0},{"not_picked":["Buffer","Creative AI","Amplify"],"picked":"Biased Cognition","floor":16.0},{"not_picked":["Redo","Streamline","Blizzard+1","Chaos"],"picked":"SKIP","floor":18.0},{"not_picked":["Reinforced Body","Double Energy","Sunder"],"picked":"Darkness+1","floor":20.0},{"not_picked":["Barrage+1","Rebound","Beam Cell"],"picked":"Self Repair","floor":21.0},{"not_picked":["Steam+1","Streamline","Storm","Leap+1"],"picked":"SKIP","floor":24.0},{"not_picked":["Coolheaded","Sunder","Force Field"],"picked":"Buffer","floor":28.0},{"not_picked":["All For One","Hyperbeam","Thunder Strike"],"picked":"Electrodynamics","floor":33.0},{"not_picked":["Reinforced Body","Darkness+1","Hologram","Redo"],"picked":"SKIP","floor":35.0},{"not_picked":["Leap","Static Discharge","Auto Shields","Gash"],"picked":"SKIP","floor":36.0},{"not_picked":["Leap","Static Discharge","Auto Shields","Gash"],"picked":"SKIP","floor":36.0},{"not_picked":["Gash","Loop","Barrage+1"],"picked":"Conserve Battery+1","floor":39.0},{"not_picked":["Streamline","Hologram","Rebound","Force Field"],"picked":"SKIP","floor":39.0},{"not_picked":["Barrage","Compile Driver","Glacier+1","Storm+1"],"picked":"SKIP","floor":40.0},{"not_picked":["Barrage","Compile Driver","Glacier+1","Storm+1"],"picked":"SKIP","floor":40.0},{"not_picked":["Chaos","Double Energy","Consume","Self Repair"],"picked":"SKIP","floor":42.0},{"not_picked":["Self Repair","Leap","Sweeping Beam","Storm"],"picked":"SKIP","floor":46.0},{"not_picked":["Electrodynamics","Fusion","Conserve Battery+1","Steam"],"picked":"SKIP","floor":46.0},{"not_picked":["Rebound","Sunder","Machine Learning"],"picked":"Coolheaded+1","floor":48.0},{"not_picked":["Rebound+1","Melter","Doom and Gloom","Barrage"],"picked":"SKIP","floor":55}],"player_experience":2478395,"relics_obtained":[{"floor":6.0,"key":"Bag of Marbles"},{"floor":9.0,"key":"War Paint"},{"floor":10.0,"key":"Anchor"},{"floor":14.0,"key":"Question Card"},{"floor":24.0,"key":"Bronze Scales"},{"floor":26.0,"key":"PreservedInsect"},{"floor":27.0,"key":"Red Mask"},{"floor":28.0,"key":"Regal Pillow"},{"floor":37.0,"key":"Prayer Wheel"},{"floor":40.0,"key":"Vajra"},{"floor":42.0,"key":"Strawberry"},{"floor":45.0,"key":"StoneCalendar"},{"floor":48.0,"key":"Art of War"},{"floor":55,"key":"Happy Flower"}],"event_choices":[{"damage_healed":0.0,"max_hp_gain":0.0,"max_hp_loss":0.0,"gold_gain":75.0,"event_name":"World of Goop","player_choice":"Gather Gold","floor":3.0,"gold_loss":0.0,"damage_taken":11.0},{"damage_healed":0.0,"max_hp_gain":0.0,"max_hp_loss":0.0,"gold_gain":0.0,"event_name":"Shining Light","player_choice":"Entered Light","floor":5.0,"gold_loss":0.0,"damage_taken":21.0,"cards_upgraded":["Defend_B","Doom and Gloom"]},{"damage_healed":0.0,"max_hp_gain":0.0,"max_hp_loss":0.0,"gold_gain":0.0,"cards_transformed":["Strike_B"],"event_name":"Transmorgrifier","player_choice":"Transformed","floor":19.0,"gold_loss":0.0,"damage_taken":0.0,"cards_obtained":["Gash"]},{"damage_healed":0.0,"max_hp_gain":0.0,"max_hp_loss":0.0,"gold_gain":0.0,"event_name":"Masked Bandits","player_choice":"Fought Bandits","floor":27.0,"gold_loss":0.0,"damage_taken":0.0},{"damage_healed":0.0,"max_hp_gain":0.0,"max_hp_loss":0.0,"gold_gain":0.0,"cards_transformed":["Strike_B","Defend_B"],"event_name":"Drug Dealer","player_choice":"Became Test Subject","floor":29.0,"gold_loss":0.0,"damage_taken":0.0,"cards_obtained":["Doom and Gloom","Creative AI"]},{"damage_healed":0.0,"max_hp_gain":0.0,"max_hp_loss":0.0,"gold_gain":0.0,"event_name":"Mysterious Sphere","player_choice":"Fight","floor":37.0,"gold_loss":0.0,"damage_taken":0.0},{"damage_healed":0.0,"max_hp_gain":0.0,"max_hp_loss":0.0,"gold_gain":0.0,"event_name":"MindBloom","player_choice":"Fight","floor":45.0,"gold_loss":0.0,"damage_taken":0.0},{"damage_healed":0.0,"max_hp_gain":0.0,"max_hp_loss":0.0,"gold_gain":222.0,"event_name":"Tomb of Lord Red Mask","player_choice":"Wore Mask","floor":47.0,"gold_loss":0.0,"damage_taken":0.0}],"is_beta":false,"boss_relics":[{"not_picked":["Cursed Key","Runic Pyramid"],"picked":"Runic Dome"},{"not_picked":["Tiny House","Pandora\u0027s Box"],"picked":"Fusion Hammer"}],"items_purged_floors":[12,31,38,54],"is_endless":false,"potions_floor_spawned":[2,6,21,24,28,33,35,36,37,45,46,55],"ascension_level":20}