{"gold_per_floor":[119,119,135,152,8,43,62,79,79,91,91,125,135,135,135,212,212,226,141,66,79,79,79,114,114,114,129,158,183,211,231,231,308,308,321,321,335,435,445,445,459,484,563,578,65,94,94,110,110,110],"floor_reached":51,"playtime":3752,"items_purged":[],"score":1463,"play_id":"fb05a12b-2169-4704-9489-82213947ceb5","local_time":"20181026095525","is_ascension_mode":true,"campfire_choices":[{"data":"Shockwave","floor":11.0,"key":"SMITH"},{"data":"Disarm","floor":15.0,"key":"SMITH"},{"data":"Flex","floor":23,"key":"SMITH"},{"data":"Corruption","floor":25,"key":"SMITH"},{"data":"True Grit","floor":32,"key":"SMITH"},{"data":"Limit Break","floor":40,"key":"SMITH"},{"data":"Feel No Pain","floor":47,"key":"SMITH"},{"data":"Demon Form","floor":49,"key":"SMITH"}],"neow_cost":"NONE","seed_source_timestamp":0,"circlet_count":0,"master_deck":["Strike_R","Strike_R","Defend_R+1","Defend_R+1","Defend_R","Defend_R+1","Bash+1","AscendersBane","Reaper","Iron Wave","Anger","Headbutt","Feed","Disarm+1","Pommel Strike","Shockwave+1","Shrug It Off","Fiend Fire","Flex+1","Feel No Pain+1","Evolve","Corruption+1","Impervious","True Grit+1","Limit Break+1","Flame Barrier","Discovery","Dramatic Entrance","Disarm+1","Shrug It Off","Shrug It Off","Armaments+1","Shrug It Off+1","Shrug It Off","Demon Form+1"],"special_seed":0,"relics":["Burning Blood","Ornamental Fan","Gremlin Horn","Question Card","Turnip","Runic Pyramid","War Paint","Art of War","Kunai","Ginger","Vajra","Darkstone Periapt","Eternal Feather","StoneCalendar","Incense Burner","Pantograph","Strange Spoon","Prayer Wheel","Smiling Mask"],"potions_floor_usage":[24,28,50,50,50],"damage_taken":[{"damage":7.0,"enemies":"2 Louse","floor":1.0,"turns":4.0},{"damage":3.0,"enemies":"Jaw Worm","floor":3.0,"turns":4.0},{"damage":0.0,"enemies":"Cultist","floor":4.0,"turns":3.0},{"damage":42.0,"enemies":"Lagavulin","floor":6.0,"turns":9.0},{"damage":15.0,"enemies":"Large Slime","floor":7.0,"turns":9.0},{"damage":1.0,"enemies":"2 Fungi Beasts","floor":8.0,"turns":3.0},{"damage":10.0,"enemies":"Blue Slaver","floor":10.0,"turns":6.0},{"damage":23.0,"enemies":"3 Sentries","floor":12.0,"turns":6.0},{"damage":8.0,"enemies":"Exordium Wildlife","floor":13.0,"turns":7.0},{"damage":35.0,"enemies":"The Guardian","floor":16.0,"turns":14.0},{"damage":1.0,"enemies":"Shell Parasite","floor":18.0,"turns":4.0},{"damage":6.0,"enemies":"3 Byrds","floor":21.0,"turns":7.0},{"damage":7,"enemies":"Gremlin Leader","floor":24,"turns":5},{"damage":29,"enemies":"Centurion and Healer","floor":27,"turns":6},{"damage":0,"enemies":"Book of Stabbing","floor":28,"turns":7},{"damage":14,"enemies":"Gremlin Leader","floor":30,"turns":8},{"damage":0,"enemies":"Sentry and Sphere","floor":31,"turns":7},{"damage":58,"enemies":"Automaton","floor":33,"turns":12},{"damage":1,"enemies":"3 Darklings","floor":35,"turns":6},{"damage":10,"enemies":"3 Shapes","floor":37,"turns":6},{"damage":0,"enemies":"Mind Bloom Boss Battle","floor":38,"turns":11},{"damage":10,"enemies":"Sphere and 2 Shapes","floor":39,"turns":8},{"damage":18,"enemies":"Writhing Mass","floor":41,"turns":8},{"damage":77,"enemies":"Giant Head","floor":42,"turns":10},{"damage":11,"enemies":"Spire Growth","floor":44,"turns":8},{"damage":38,"enemies":"Nemesis","floor":46,"turns":11},{"damage":30,"enemies":"Transient","floor":48,"turns":5},{"damage":71,"enemies":"Donu and Deca","floor":50,"turns":8}],"seed_played":"3398426458716523915","potions_obtained":[{"floor":1.0,"key":"Swift Potion"},{"floor":8.0,"key":"GamblersBrew"},{"floor":12.0,"key":"SteroidPotion"},{"floor":16.0,"key":"EssenceOfSteel"},{"floor":21.0,"key":"PowerPotion"},{"floor":24,"key":"SteroidPotion"},{"floor":35,"key":"EssenceOfSteel"},{"floor":38,"key":"EntropicBrew"}],"is_trial":false,"path_per_floor":["M","?","M","M","$","E","M","M","T","M","R","E","M","?","R","B",null,"M","?","?","M","?","R","E","R","T","M","E","T","E","M","R","B",null,"M","?","M","?","M","R","M","E","T","M","$","E","R","M","R","B"],"character_chosen":"IRONCLAD","items_purchased":["Feed","Strange Spoon","Prayer Wheel"],"campfire_rested":0,"item_purchase_floors":[5,45,45],"current_hp_per_floor":[71,48,51,57,57,24,18,34,34,37,37,41,50,45,45,22,73,78,78,78,87,87,87,86,86,86,78,93,93,102,105,105,78,101,111,101,114,117,120,120,123,103,103,117,117,108,126,111,130,130],"gold":110,"neow_bonus":"ONE_RANDOM_RARE_CARD","is_prod":false,"is_daily":false,"chose_seed":false,"campfire_upgraded":8,"win_rate":0,"timestamp":1540572925,"path_taken":["M","?","M","M","$","E","M","M","T","M","R","E","M","?","R","BOSS","M","?","?","M","?","R","E","R","T","M","E","?","E","M","R","BOSS","M","?","M","?","M","R","?","E","T","M","$","E","R","M","R","BOSS"],"build_version":"2018-10-25v2","purchased_purges":0,"victory":true,"max_hp_per_floor":[75,75,75,75,75,78,78,81,81,84,84,87,90,90,90,90,90,90,90,90,93,93,93,93,93,93,96,99,99,102,105,105,108,108,111,111,114,117,120,120,123,127,127,130,130,130,130,130,130,130],"card_choices":[{"not_picked":["Rupture","Second Wind"],"picked":"Iron Wave","floor":1.0},{"not_picked":["Armaments","Whirlwind"],"picked":"Anger","floor":3.0},{"not_picked":["Clash","Body Slam"],"picked":"Headbutt","floor":4.0},{"not_picked":["Clothesline","Cleave","Sword Boomerang"],"picked":"SKIP","floor":6.0},{"not_picked":["Warcry","True Grit"],"picked":"Disarm","floor":7.0},{"not_picked":["Perfected Strike","Heavy Blade"],"picked":"Pommel Strike","floor":8.0},{"not_picked":["Disarm","Havoc"],"picked":"Shockwave","floor":10.0},{"not_picked":["Twin Strike","Headbutt"],"picked":"Shrug It Off","floor":12.0},{"not_picked":["Pommel Strike","Power Through","Havoc","Burning Pact"],"picked":"SKIP","floor":13.0},{"not_picked":["Dark Embrace","Barricade","Offering"],"picked":"Fiend Fire","floor":16.0},{"not_picked":["Combust","Sword Boomerang","Ghostly Armor","Heavy Blade+1"],"picked":"SKIP","floor":18.0},{"not_picked":["Evolve+1","Sword Boomerang","Warcry"],"picked":"Flex","floor":21.0},{"not_picked":["Fiend Fire","Heavy Blade","Barricade"],"picked":"Corruption","floor":24},{"not_picked":["Perfected Strike","Havoc","Cleave","Warcry"],"picked":"SKIP","floor":27},{"not_picked":["Flex","Dual Wield","Anger"],"picked":"Impervious","floor":28},{"not_picked":["Fire Breathing+1","Rupture","Pommel Strike"],"picked":"True Grit","floor":30},{"not_picked":["Cleave","Dual Wield","Pommel Strike","Shrug It Off"],"picked":"SKIP","floor":31},{"not_picked":["Offering","Brutality","Berserk"],"picked":"Limit Break","floor":33},{"not_picked":["Body Slam","Cleave","Inflame"],"picked":"Flame Barrier","floor":35},{"not_picked":["Mind Blast","Panacea","Dark Shackles"],"picked":"Discovery","floor":36},{"not_picked":["Forethought","Impatience","Purity"],"picked":"Dramatic Entrance","floor":36},{"not_picked":["Wild Strike","Twin Strike","Flex+1"],"picked":"Disarm+1","floor":37},{"not_picked":["Second Wind+1","Warcry+1","Flex+1"],"picked":"Shrug It Off","floor":38},{"not_picked":["Pommel Strike+1","Headbutt","Sever Soul"],"picked":"Shrug It Off","floor":39},{"not_picked":["Sword Boomerang","Spot Weakness","Pommel Strike"],"picked":"Armaments+1","floor":41},{"not_picked":["Blood for Blood","Brutality","Armaments"],"picked":"Shrug It Off+1","floor":42},{"not_picked":["Infernal Blade","Havoc","Carnage+1"],"picked":"Shrug It Off","floor":44},{"not_picked":["Clash+1","Reckless Charge+1","Flex","Entrench"],"picked":"SKIP","floor":46},{"not_picked":["Clash","Anger","Perfected Strike+1"],"picked":"Demon Form","floor":48},{"not_picked":["Sever Soul+1","Wild Strike","Warcry","True Grit"],"picked":"SKIP","floor":48}],"player_experience":1473857,"relics_obtained":[{"floor":6.0,"key":"Ornamental Fan"},{"floor":9.0,"key":"Gremlin Horn"},{"floor":12.0,"key":"Question Card"},{"floor":24,"key":"Art of War"},{"floor":26,"key":"Kunai"},{"floor":28,"key":"Ginger"},{"floor":29,"key":"Vajra"},{"floor":30,"key":"Darkstone Periapt"},{"floor":38,"key":"StoneCalendar"},{"floor":42,"key":"Incense Burner"},{"floor":43,"key":"Pantograph"},{"floor":46,"key":"Smiling Mask"}],"event_choices":[{"damage_healed":0.0,"max_hp_gain":0.0,"max_hp_loss":0.0,"gold_gain":0.0,"event_name":"Shining Light","player_choice":"Entered Light","floor":2.0,"gold_loss":0.0,"damage_taken":23.0,"cards_upgraded":["Bash","Defend_R"]},{"damage_healed":0.0,"max_hp_gain":0.0,"max_hp_loss":0.0,"gold_gain":0.0,"event_name":"Scrap Ooze","player_choice":"Success","floor":14.0,"gold_loss":0.0,"damage_taken":5.0,"relics_obtained":["Turnip"]},{"damage_healed":0.0,"max_hp_gain":0.0,"max_hp_loss":0.0,"gold_gain":0.0,"event_name":"Addict","player_choice":"Obtained Relic","floor":19.0,"gold_loss":85.0,"damage_taken":0.0,"relics_obtained":["War Paint"]},{"cards_removed":["Strike_R"],"damage_healed":0.0,"max_hp_gain":0.0,"max_hp_loss":0.0,"gold_gain":0.0,"event_name":"Beggar","player_choice":"Gave Gold","floor":20.0,"gold_loss":75.0,"damage_taken":0.0},{"damage_healed":0,"gold_gain":0,"cards_transformed":["Strike_R","Strike_R"],"player_choice":"Became Test Subject","damage_taken":0,"max_hp_gain":0,"max_hp_loss":0,"event_name":"Drug Dealer","floor":22,"gold_loss":0,"cards_obtained":["Feel No Pain","Evolve"]},{"damage_healed":0,"gold_gain":0,"player_choice":"Memory 3","damage_taken":10,"max_hp_gain":0,"max_hp_loss":0,"event_name":"SensoryStone","floor":36,"gold_loss":0},{"damage_healed":0,"gold_gain":0,"player_choice":"Fight","damage_taken":0,"max_hp_gain":0,"max_hp_loss":0,"event_name":"MindBloom","floor":38,"gold_loss":0}],"is_beta":false,"boss_relics":[{"not_picked":["Orrery","Runic Cube"],"picked":"Runic Pyramid"},{"not_picked":["Empty Cage","Tiny House"],"picked":"Eternal Feather"}],"items_purged_floors":[],"is_endless":false,"potions_floor_spawned":[1,8,10,12,16,18,21,24,35,38,46],"ascension_level":15}