{"gold_per_floor":[111,130,147,147,96,96,25,58,128,156,167,200,200,226,226,226],"floor_reached":16,"playtime":534,"items_purged":[],"score":224,"play_id":"eef4b4b4-d069-4cd9-acde-aef427ab4e52","local_time":"20190326103127","is_ascension_mode":true,"campfire_choices":[{"data":"Bash","floor":6.0,"key":"SMITH"},{"data":"True Grit","floor":15.0,"key":"SMITH"}],"neow_cost":"NONE","seed_source_timestamp":11762848463431,"circlet_count":0,"master_deck":["AscendersBane","Strike_R","Strike_R","Strike_R","Strike_R","Strike_R","Defend_R","Defend_R","Defend_R","Defend_R","Bash+1","Perfected Strike","Cleave","Flex","Armaments","Spot Weakness","Uppercut","True Grit+1","Parasite","Headbutt"],"special_seed":0,"relics":["Burning Blood","Potion Belt","Blood Vial","Pear","Singing Bowl","Darkstone Periapt","Juzu Bracelet"],"potions_floor_usage":[16],"damage_taken":[{"damage":4.0,"enemies":"Small Slimes","floor":1.0,"turns":5.0},{"damage":1.0,"enemies":"2 Louse","floor":2.0,"turns":2.0},{"damage":0.0,"enemies":"Cultist","floor":3.0,"turns":2.0},{"damage":35.0,"enemies":"Gremlin Nob","floor":8.0,"turns":4.0},{"damage":31.0,"enemies":"Lagavulin","floor":10.0,"turns":7.0},{"damage":19.0,"enemies":"Exordium Thugs","floor":11.0,"turns":4.0},{"damage":25.0,"enemies":"3 Sentries","floor":12.0,"turns":5.0},{"damage":30.0,"enemies":"Lagavulin","floor":14.0,"turns":5.0},{"damage":26,"enemies":"The Guardian","floor":16,"turns":5}],"seed_played":"6263219322792916638","potions_obtained":[{"floor":2.0,"key":"Regen Potion"},{"floor":11.0,"key":"Explosive Potion"},{"floor":12.0,"key":"SteroidPotion"},{"floor":14.0,"key":"GamblersBrew"}],"is_trial":false,"path_per_floor":["M","M","M","?","$","R","$","E","T","E","M","E","?","E","R","B"],"character_chosen":"IRONCLAD","items_purchased":["SteroidPotion","Armaments","AttackPotion"],"campfire_rested":0,"item_purchase_floors":[5,7,7],"current_hp_per_floor":[70,75,75,70,70,70,70,43,53,47,36,19,46,24,24,0],"gold":226,"neow_bonus":"RANDOM_COMMON_RELIC","is_prod":false,"is_daily":false,"chose_seed":false,"campfire_upgraded":2,"win_rate":0,"timestamp":1553621487,"path_taken":["M","M","M","?","$","R","$","E","T","E","M","E","?","E","R","BOSS"],"build_version":"2019-01-23","purchased_purges":0,"victory":false,"max_hp_per_floor":[75,75,75,75,75,75,75,75,85,87,87,87,93,93,93,93],"card_choices":[{"not_picked":["True Grit","Body Slam"],"picked":"Perfected Strike","floor":1.0},{"not_picked":["Second Wind","True Grit"],"picked":"Cleave","floor":2.0},{"not_picked":["Corruption","Heavy Blade"],"picked":"Flex","floor":3.0},{"not_picked":["Reckless Charge","Juggernaut"],"picked":"Spot Weakness","floor":8.0},{"not_picked":["Thunderclap","Havoc","Dropkick"],"picked":"Singing Bowl","floor":10.0},{"not_picked":["Armaments","Heavy Blade"],"picked":"Uppercut","floor":11.0},{"not_picked":["Sever Soul","Evolve"],"picked":"True Grit","floor":12.0},{"not_picked":["Blood for Blood","Evolve"],"picked":"Headbutt","floor":14.0}],"player_experience":2380225,"relics_obtained":[{"floor":9.0,"key":"Pear"},{"floor":10.0,"key":"Singing Bowl"},{"floor":12.0,"key":"Darkstone Periapt"},{"floor":14.0,"key":"Juzu Bracelet"}],"event_choices":[{"damage_healed":0.0,"max_hp_gain":0.0,"max_hp_loss":0.0,"gold_gain":0.0,"event_name":"Scrap Ooze","player_choice":"Success","floor":4.0,"gold_loss":0.0,"damage_taken":5.0,"relics_obtained":["Blood Vial"]},{"damage_healed":21.0,"max_hp_gain":0.0,"max_hp_loss":0.0,"gold_gain":0.0,"event_name":"Mushrooms","player_choice":"Healed and dodged fight","floor":13.0,"gold_loss":0.0,"damage_taken":0.0,"cards_obtained":["Parasite"]}],"is_beta":false,"boss_relics":[],"items_purged_floors":[],"is_endless":false,"potions_floor_spawned":[2,11,12,14],"killed_by":"The Guardian","ascension_level":15}