{"gold_per_floor":[111,86,86,86,5,5,24,51,133,133,15,15,26,37,37,112,112,124,134,134,134,134,134,144,90,90,90,90,90,122,138,138,214,214,233,233,247,247,267,267,267,267,267,267,279,292,0,17,17,17],"floor_reached":50,"playtime":2122,"items_purged":["Strike_G"],"score":991,"play_id":"f5d7d08f-a532-469c-ac0e-b7407b9ee2ba","local_time":"20180911124642","is_ascension_mode":true,"campfire_choices":[{"data":"Strike_G","floor":6.0,"key":"PURGE"},{"data":"Strike_G","floor":10.0,"key":"PURGE"},{"data":"Strike_G","floor":12.0,"key":"PURGE"},{"data":"Neutralize","floor":15.0,"key":"SMITH"},{"floor":23.0,"key":"REST"},{"data":"Doubt","floor":27.0,"key":"PURGE"},{"data":"Writhe","floor":29.0,"key":"PURGE"},{"floor":32.0,"key":"REST"},{"floor":40.0,"key":"REST"},{"floor":42.0,"key":"REST"},{"data":"Writhe","floor":44.0,"key":"PURGE"},{"floor":49.0,"key":"REST"}],"neow_cost":"","seed_source_timestamp":5798641328008,"circlet_count":0,"master_deck":["Defend_G+1","Defend_G+1","Defend_G+1","Defend_G+1","Defend_G+1","Strike_G+1","Survivor","Neutralize+1","AscendersBane","Dash","Poisoned Stab","All Out Attack","Backstab","Dagger Spray","Noxious Fumes","Footwork","Poisoned Stab","Corpse Explosion","Backstab","Dodge and Roll+1","Cloak And Dagger","PiercingWail","Distraction+1","Malaise","Backstab","Clumsy","Noxious Fumes+1","Dark Shackles","Sadistic Nature+1","Dash","Deflect","Terror"],"special_seed":0,"relics":["Ring of the Snake","Peace Pipe","Happy Flower","Tiny Chest","Cursed Key","Dead Branch","Incense Burner","Oddly Smooth Stone","Sozu","Frozen Egg 2","Red Mask"],"potions_floor_usage":[],"damage_taken":[{"damage":6.0,"enemies":"Jaw Worm","floor":1.0,"turns":6.0},{"damage":0.0,"enemies":"Cultist","floor":7.0,"turns":3.0},{"damage":0.0,"enemies":"Gremlin Nob","floor":8.0,"turns":3.0},{"damage":0.0,"enemies":"2 Louse","floor":13.0,"turns":1.0},{"damage":0.0,"enemies":"2 Fungi Beasts","floor":14.0,"turns":1.0},{"damage":39.0,"enemies":"Hexaghost","floor":16.0,"turns":11.0},{"damage":14.0,"enemies":"2 Thieves","floor":18.0,"turns":2.0},{"damage":14.0,"enemies":"Shell Parasite","floor":19.0,"turns":5.0},{"damage":7.0,"enemies":"Centurion and Healer","floor":24.0,"turns":7.0},{"damage":0.0,"enemies":"Book of Stabbing","floor":30.0,"turns":8.0},{"damage":0.0,"enemies":"Snecko","floor":31.0,"turns":5.0},{"damage":9.0,"enemies":"Collector","floor":33.0,"turns":9.0},{"damage":14.0,"enemies":"Orb Walker","floor":35.0,"turns":5.0},{"damage":0.0,"enemies":"3 Shapes","floor":37.0,"turns":4.0},{"damage":38.0,"enemies":"Transient","floor":39.0,"turns":6.0},{"damage":13.0,"enemies":"Sphere and 2 Shapes","floor":45.0,"turns":4.0},{"damage":24.0,"enemies":"Maw","floor":46.0,"turns":7.0},{"damage":13.0,"enemies":"Transient","floor":48.0,"turns":6.0},{"damage":55,"enemies":"Time Eater","floor":50,"turns":10}],"seed_played":"-6756702416147402286","potions_obtained":[{"floor":3.0,"key":"SpeedPotion"},{"floor":3.0,"key":"FearPotion"},{"floor":16.0,"key":"Ancient Potion"},{"floor":30.0,"key":"Weak Potion"}],"is_trial":false,"path_per_floor":["M","$","?","?","$","R","M","E","T","R","$","R","M","M","R","B",null,"M","M","?","?","?","R","M","$","T","R","$","R","E","M","R","B",null,"M","?","M","T","M","R","?","R","T","R","M","M","?","M","R"],"character_chosen":"THE_SILENT","items_purchased":["Poisoned Stab","All Out Attack","Noxious Fumes","PiercingWail"],"campfire_rested":5,"item_purchase_floors":[2,5,11,25],"current_hp_per_floor":[53,53,53,42,42,42,42,42,42,42,42,42,42,42,42,3,50,36,22,35,35,35,54,47,47,47,47,47,47,47,47,66,57,64,50,63,63,63,25,44,39,58,58,58,45,21,21,8,27,0],"gold":17,"neow_bonus":"","is_prod":false,"is_daily":false,"chose_seed":false,"campfire_upgraded":1,"win_rate":0,"timestamp":1536695202,"path_taken":["M","$","?","?","?","R","M","E","T","R","$","R","M","M","R","BOSS","M","M","?","?","?","R","?","$","T","R","?","R","E","M","R","BOSS","M","?","M","?","M","R","?","R","T","R","M","?","?","M","R","BOSS"],"build_version":"2018-09-06","purchased_purges":1,"victory":false,"max_hp_per_floor":[66,66,66,66,66,66,66,66,66,66,66,66,66,66,66,66,66,66,66,66,66,66,66,66,66,66,66,66,66,66,66,66,66,66,66,66,66,66,66,66,66,66,66,66,66,66,66,66,66,66],"card_choices":[{"not_picked":["Blade Dance","Slice"],"picked":"Dash","floor":1.0},{"not_picked":["Bane","Acrobatics"],"picked":"Backstab","floor":7.0},{"not_picked":["Deflect","Dagger Throw"],"picked":"Dagger Spray","floor":8.0},{"not_picked":["Blade Dance","Prepared"],"picked":"Footwork","floor":13.0},{"not_picked":["Prepared","Setup"],"picked":"Poisoned Stab","floor":14.0},{"not_picked":["Storm of Steel","Night Terror"],"picked":"Corpse Explosion","floor":16.0},{"not_picked":["PiercingWail","Noxious Fumes"],"picked":"Backstab","floor":18.0},{"not_picked":["Dagger Spray","Poisoned Stab"],"picked":"Dodge and Roll+1","floor":19.0},{"not_picked":["Deflect","Terror"],"picked":"Cloak And Dagger","floor":24.0},{"not_picked":["Flying Knee","All Out Attack","Phantasmal Killer"],"picked":"SKIP","floor":30.0},{"not_picked":["Poisoned Stab","Heel Hook"],"picked":"Distraction+1","floor":31.0},{"not_picked":["Doppelganger","Storm of Steel"],"picked":"Malaise","floor":33.0},{"not_picked":["Blade Dance","Prepared"],"picked":"Backstab","floor":35.0},{"not_picked":["Accuracy","Dagger Spray","Bane+1"],"picked":"SKIP","floor":37.0},{"not_picked":["Underhanded Strike","All Out Attack+1"],"picked":"Noxious Fumes+1","floor":39.0},{"not_picked":["Bandage Up","Blind"],"picked":"Dark Shackles","floor":41.0},{"not_picked":["Impatience","Panacea"],"picked":"Sadistic Nature+1","floor":41.0},{"not_picked":["Deflect+1","Flechettes"],"picked":"Dash","floor":45.0},{"not_picked":["Setup","Slice"],"picked":"Deflect","floor":46.0},{"not_picked":["Dagger Spray+1","Masterful Stab"],"picked":"Terror","floor":48.0}],"player_experience":1104068,"relics_obtained":[{"floor":8.0,"key":"Happy Flower"},{"floor":9.0,"key":"Tiny Chest"},{"floor":26.0,"key":"Incense Burner"},{"floor":30.0,"key":"Oddly Smooth Stone"},{"floor":38.0,"key":"Frozen Egg 2"}],"event_choices":[{"event_name":"The Lab","player_choice":"Got Potions","floor":3.0,"damage_taken":0.0},{"event_name":"Scrap Ooze","player_choice":"success","floor":4.0,"damage_taken":11.0},{"event_name":"The Library","player_choice":"Heal","floor":20.0,"damage_taken":0.0},{"event_name":"Back to Basics","player_choice":"Simplicity","floor":21.0,"damage_taken":0.0},{"event_name":"The Mausoleum","player_choice":"Yes","floor":22.0,"damage_taken":0.0},{"event_name":"Winding Halls","player_choice":"Writhe","floor":36.0,"damage_taken":0.0},{"event_name":"SensoryStone","player_choice":"Memory 2","floor":41.0,"damage_taken":0.0},{"event_name":"Tomb of Lord Red Mask","player_choice":"Paid","floor":47.0,"damage_taken":0.0}],"is_beta":false,"boss_relics":[{"not_picked":["Black Star","Coffee Dripper"],"picked":"Cursed Key"},{"not_picked":["White Beast Statue","Runic Dome"],"picked":"Sozu"}],"items_purged_floors":[11],"is_endless":false,"potions_floor_spawned":[7,16,24,30,37,46,48],"killed_by":"Time Eater","ascension_level":19}