{"gold_per_floor":[114,125,141,158,173,173,203,203,203,203,223,241,241,316,316,416,416,436,66,83,182,107,107,107],"floor_reached":24,"playtime":846,"items_purged":[],"score":267,"play_id":"c5f0f9d2-ac34-4ecd-b143-33b23a4add7c","local_time":"20180926001805","is_ascension_mode":true,"campfire_choices":[{"data":"Go for the Eyes","floor":6,"key":"SMITH"},{"data":"Rainbow","floor":8,"key":"SMITH"},{"floor":10,"key":"REST"},{"data":"Stack","floor":15,"key":"SMITH"},{"floor":23,"key":"DIG"}],"neow_cost":"NONE","seed_source_timestamp":437617499919049,"circlet_count":0,"master_deck":["Strike_B","Strike_B","Defend_B","Defend_B","Defend_B","Defend_B","Zap+1","Dualcast","Go for the Eyes+1","Beam Cell","Beam Cell","Steam Power","Rainbow+1","Gash","Stack+1","Echo Form","Steam+1","Defragment","Loop"],"relics":["Cracked Core","Pantograph","Pen Nib","Runic Pyramid","Shovel","Orichalcum"],"potions_floor_usage":[7,7,16],"damage_taken":[{"damage":3,"enemies":"Jaw Worm","floor":1,"turns":4},{"damage":1,"enemies":"Cultist","floor":2,"turns":3},{"damage":2,"enemies":"2 Louse","floor":3,"turns":2},{"damage":17,"enemies":"Exordium Thugs","floor":4,"turns":4},{"damage":0,"enemies":"Looter","floor":5,"turns":2},{"damage":39,"enemies":"3 Sentries","floor":7,"turns":7},{"damage":3,"enemies":"Blue Slaver","floor":11,"turns":3},{"damage":0,"enemies":"2 Fungi Beasts","floor":12,"turns":2},{"damage":16,"enemies":"The Guardian","floor":16,"turns":11},{"damage":12,"enemies":"Chosen","floor":18,"turns":4},{"damage":33,"enemies":"3 Byrds","floor":20,"turns":6},{"damage":19,"enemies":"Gremlin Leader","floor":24,"turns":2}],"seed_played":"2713343062749605283","potions_obtained":[{"floor":1,"key":"Swift Potion"},{"floor":2,"key":"SneckoOil"},{"floor":11,"key":"Block Potion"}],"is_trial":false,"path_per_floor":["M","M","M","M","M","R","E","R","T","R","M","M","?","?","R","B",null,"M","$","M","?","?","R"],"character_chosen":"DEFECT","items_purchased":["Shovel","Defragment"],"campfire_rested":1,"item_purchase_floors":[19,19],"current_hp_per_floor":[65,64,62,45,45,45,6,6,6,28,25,25,25,14,14,23,62,50,50,17,17,17,17,0],"gold":107,"neow_bonus":"UPGRADE_CARD","is_prod":false,"is_daily":false,"chose_seed":false,"campfire_upgraded":3,"win_rate":0,"timestamp":1537913885,"path_taken":["M","M","M","M","M","R","E","R","T","R","M","M","?","?","R","BOSS","M","$","M","?","?","R","E"],"build_version":"2018-09-20","purchased_purges":0,"victory":false,"max_hp_per_floor":[75,75,75,75,75,75,75,75,75,75,75,75,75,75,75,75,75,75,75,75,75,75,75,75],"card_choices":[{"not_picked":["BootSequence","Hologram"],"picked":"Go for the Eyes","floor":1},{"not_picked":["Sweeping Beam","Ball Lightning"],"picked":"Beam Cell","floor":2},{"not_picked":["Loop","Compile Driver"],"picked":"Beam Cell","floor":3},{"not_picked":["Conserve Battery","Cold Snap"],"picked":"Steam Power","floor":4},{"not_picked":["Consume","Aggregate","Compile Driver"],"picked":"SKIP","floor":5},{"not_picked":["Consume","Conserve Battery"],"picked":"Rainbow","floor":7},{"not_picked":["Leap","Self Repair"],"picked":"Gash","floor":11},{"not_picked":["Barrage","Coolheaded"],"picked":"Stack","floor":12},{"not_picked":["Rainbow","Multi-Cast"],"picked":"Echo Form","floor":16},{"not_picked":["Storm","Lockon"],"picked":"Steam+1","floor":18},{"not_picked":["Lockon","Chaos"],"picked":"Loop","floor":20}],"player_experience":266524,"relics_obtained":[{"floor":7,"key":"Pantograph"},{"floor":9,"key":"Pen Nib"},{"floor":23,"key":"Orichalcum"}],"event_choices":[{"event_name":"Purifier","player_choice":"One Purge","floor":13,"damage_taken":0},{"event_name":"World of Goop","player_choice":"Gather Gold","floor":14,"damage_taken":0},{"event_name":"Nest","player_choice":"Stole From Cult","floor":21,"damage_taken":0},{"event_name":"Beggar","player_choice":"Gave Gold","floor":22,"damage_taken":0}],"is_beta":false,"boss_relics":[{"not_picked":["Empty Cage","Ectoplasm"],"picked":"Runic Pyramid"}],"items_purged_floors":[],"is_endless":false,"potions_floor_spawned":[1,2,11],"killed_by":"Gremlin Leader","ascension_level":7}