{"gold_per_floor":[115,132,132,10,27,27,55,67,67,67,67,85,85,110,110,184,184,194,209,225,237,257,257,62,62,86,112,112,127,127,140,140,214,264,278,328,328,228,21,21,56,68,68,82,82,82,9,20,20,20],"floor_reached":51,"playtime":3002,"items_purged":["Normality","Defend_B"],"score":1219,"play_id":"13fc29b8-6242-412b-821b-0681bf1ef6b0","local_time":"20180721204402","is_ascension_mode":true,"campfire_choices":[{"data":"Defragment","floor":6.0,"key":"SMITH"},{"data":"Zap","floor":10.0,"key":"SMITH"},{"data":"Dualcast","floor":13.0,"key":"SMITH"},{"data":"Capacitor","floor":15.0,"key":"SMITH"},{"floor":23.0,"key":"REST"},{"floor":25.0,"key":"REST"},{"floor":30.0,"key":"REST"},{"floor":32.0,"key":"REST"},{"floor":40.0,"key":"REST"},{"floor":46.0,"key":"REST"},{"floor":49.0,"key":"REST"}],"neow_cost":"CURSE","seed_source_timestamp":43611126902184,"circlet_count":0,"master_deck":["Strike_B","Strike_B+1","Strike_B","Defend_B","Defend_B","Defend_B","Zap+1","Dualcast+1","AscendersBane","Core Surge","Genetic Algorithm","Coolheaded","Storm","Compile Driver","Defragment+1","Compile Driver","Capacitor+1","Biased Cognition","Cold Snap","BootSequence+1","Reinforced Body+1","Auto Shields","Steam","Conserve Battery","Tempest","Biased Cognition","Heatsinks","Hologram","Conserve Battery","Reinforced Body+1","Barrage","Capacitor"],"special_seed":0,"relics":["Cracked Core","Sundial","Bottled Tornado","Bottled Flame","Fusion Hammer","Lantern","Dream Catcher","Pen Nib","Tiny House","Bag of Preparation","Incense Burner","Bag of Marbles"],"potions_floor_usage":[50,50],"damage_taken":[{"damage":1.0,"enemies":"Cultist","floor":1.0,"turns":3.0},{"damage":0.0,"enemies":"Small Slimes","floor":2.0,"turns":2.0},{"damage":3.0,"enemies":"Jaw Worm","floor":5.0,"turns":4.0},{"damage":15.0,"enemies":"3 Sentries","floor":7.0,"turns":6.0},{"damage":2.0,"enemies":"Blue Slaver","floor":8.0,"turns":4.0},{"damage":0.0,"enemies":"Exordium Thugs","floor":12.0,"turns":4.0},{"damage":2.0,"enemies":"Lagavulin","floor":14.0,"turns":7.0},{"damage":29.0,"enemies":"The Guardian","floor":16.0,"turns":8.0},{"damage":5.0,"enemies":"3 Byrds","floor":18.0,"turns":4.0},{"damage":12.0,"enemies":"Chosen","floor":19.0,"turns":2.0},{"damage":16.0,"enemies":"3 Cultists","floor":20.0,"turns":5.0},{"damage":2.0,"enemies":"Centurion and Healer","floor":21.0,"turns":5.0},{"damage":9.0,"enemies":"Slaver and Parasite","floor":22.0,"turns":5.0},{"damage":0.0,"enemies":"Gremlin Leader","floor":27.0,"turns":8.0},{"damage":13.0,"enemies":"3 Cultists","floor":29.0,"turns":5.0},{"damage":1.0,"enemies":"Centurion and Healer","floor":31.0,"turns":6.0},{"damage":29.0,"enemies":"Automaton","floor":33.0,"turns":11.0},{"damage":0.0,"enemies":"Orb Walker","floor":35.0,"turns":3.0},{"damage":24.0,"enemies":"Giant Head","floor":41.0,"turns":7.0},{"damage":0.0,"enemies":"Flame Bruiser 1 Orb","floor":42.0,"turns":4.0},{"damage":5.0,"enemies":"Sphere and 2 Shapes","floor":44.0,"turns":5.0},{"damage":0.0,"enemies":"Flame Bruiser 2 Orb","floor":48.0,"turns":5.0},{"damage":58,"enemies":"Time Eater","floor":50,"turns":9}],"seed_played":"-5314680313220729701","potions_obtained":[{"floor":2.0,"key":"SpeedPotion"},{"floor":7.0,"key":"Regen Potion"},{"floor":14.0,"key":"PowerPotion"},{"floor":19.0,"key":"SpeedPotion"},{"floor":21.0,"key":"EssenceOfSteel"},{"floor":29.0,"key":"Swift Potion"},{"floor":31.0,"key":"Dexterity Potion"},{"floor":34.0,"key":"Fruit Juice"},{"floor":41.0,"key":"PowerPotion"}],"is_trial":false,"path_per_floor":["M","M","?","$","M","R","E","M","T","R","$","M","R","E","R","B",null,"M","M","M","M","M","R","$","R","T","E","?","M","R","M","R","B",null,"M","?","?","$","$","R","E","M","T","M","$","R","$","M","R","B"],"character_chosen":"DEFECT","items_purchased":["Compile Driver","Conserve Battery","Lantern","Bag of Preparation","Conserve Battery","Capacitor"],"campfire_rested":7,"item_purchase_floors":[4,24,24,39,39,47],"current_hp_per_floor":[63,63,63,63,60,60,45,43,43,43,43,43,43,41,41,12,56,60,48,32,30,21,42,42,63,63,63,63,50,71,70,71,42,69,74,66,66,66,66,81,57,57,57,52,52,76,76,76,81,23],"gold":20,"neow_bonus":"THREE_RARE_CARDS","is_prod":false,"is_daily":false,"chose_seed":false,"campfire_upgraded":4,"win_rate":0,"timestamp":1532231042,"path_taken":["M","M","?","$","?","R","E","M","T","R","$","M","R","E","R","BOSS","M","?","M","M","M","R","$","R","T","E","?","?","R","M","R","BOSS","M","?","?","?","$","R","E","M","T","?","?","R","$","M","R","BOSS"],"build_version":"2018-07-19v2","purchased_purges":2,"victory":true,"max_hp_per_floor":[71,71,71,71,71,71,71,71,71,71,71,71,71,71,71,71,71,71,71,71,71,71,71,71,71,71,71,71,71,71,71,71,71,76,81,81,81,81,81,81,81,81,81,81,81,81,81,81,81,81],"card_choices":[{"not_picked":["Echo Form","Reboot"],"picked":"Core Surge","floor":0.0},{"not_picked":["Capacitor","Turbo"],"picked":"Genetic Algorithm","floor":1.0},{"not_picked":["Hologram","Reprogram"],"picked":"Coolheaded","floor":2.0},{"not_picked":["Hologram","Compile Driver"],"picked":"Defragment","floor":5.0},{"not_picked":["Heatsinks","Turbo"],"picked":"Compile Driver","floor":7.0},{"not_picked":["Compile Driver","Barrage","Stack"],"picked":"SKIP","floor":8.0},{"not_picked":["Force Field","Scrape","Consume"],"picked":"SKIP","floor":12.0},{"not_picked":["Gash","Doom and Gloom"],"picked":"Capacitor","floor":14.0},{"not_picked":["Buffer","Machine Learning"],"picked":"Biased Cognition","floor":16.0},{"not_picked":["Barrage","FTL"],"picked":"Cold Snap","floor":18.0},{"not_picked":["Fusion","Cold Snap"],"picked":"BootSequence+1","floor":19.0},{"not_picked":["Gash","Leap"],"picked":"Reinforced Body+1","floor":20.0},{"not_picked":["Beam Cell","Barrage"],"picked":"Auto Shields","floor":21.0},{"not_picked":["Ball Lightning","Rebound+1"],"picked":"Steam","floor":22.0},{"not_picked":["Coolheaded","Leap","Steam"],"picked":"SKIP","floor":27.0},{"not_picked":["Darkness","Stack","Fission"],"picked":"SKIP","floor":29.0},{"not_picked":["Darkness","Sweeping Beam","Gash"],"picked":"SKIP","floor":31.0},{"not_picked":["Storm","Sweeping Beam"],"picked":"Tempest","floor":32.0},{"not_picked":["Echo Form","Multi-Cast"],"picked":"Biased Cognition","floor":33.0},{"not_picked":["Gash","Coolheaded"],"picked":"Heatsinks","floor":34.0},{"not_picked":["Ball Lightning+1","Self Repair"],"picked":"Hologram","floor":35.0},{"not_picked":["Recycle","Hello World"],"picked":"Reinforced Body+1","floor":41.0},{"not_picked":["Go for the Eyes","Compile Driver","Conserve Battery"],"picked":"SKIP","floor":42.0},{"not_picked":["Heatsinks","Ball Lightning"],"picked":"Barrage","floor":44.0},{"not_picked":["Tempest","Leap","Cold Snap"],"picked":"SKIP","floor":48.0}],"player_experience":840324,"relics_obtained":[{"floor":7.0,"key":"Sundial"},{"floor":9.0,"key":"Bottled Tornado"},{"floor":14.0,"key":"Bottled Flame"},{"floor":26.0,"key":"Dream Catcher"},{"floor":27.0,"key":"Pen Nib"},{"floor":41.0,"key":"Incense Burner"},{"floor":43.0,"key":"Bag of Marbles"}],"event_choices":[{"event_name":"Transmorgrifier","player_choice":"Transform","floor":3.0,"damage_taken":0.0},{"event_name":"Drug Dealer","player_choice":"Ignored","floor":28.0,"damage_taken":0.0},{"event_name":"FaceTrader","player_choice":"Touch","floor":36.0,"damage_taken":0.0},{"event_name":"SensoryStone","player_choice":"Memory 1","floor":37.0,"damage_taken":0.0}],"is_beta":false,"boss_relics":[{"not_picked":["Astrolabe","Empty Cage"],"picked":"Fusion Hammer"},{"not_picked":["Lizard Tail","Snecko Eye"],"picked":"Tiny House"}],"items_purged_floors":[4,38],"is_endless":false,"potions_floor_spawned":[2,7,14,19,21,29,31,41],"ascension_level":15}