{"gold_per_floor":[111,61,79,92,103,136,136,150,150,166,185,110,135,154,154,253,253,268,238,138,238,249,249],"floor_reached":23,"playtime":2206,"items_purged":["Strike_B","Strike_B"],"score":207,"play_id":"f566b2a3-dd0c-463f-b8e3-05940913af86","local_time":"20190324142830","is_ascension_mode":false,"campfire_choices":[{"data":"Self Repair","floor":7,"key":"SMITH"},{"data":"Zap","floor":15,"key":"SMITH"}],"neow_cost":"NONE","seed_source_timestamp":797635142054100,"circlet_count":0,"master_deck":["Strike_B","Defend_B","Defend_B","Defend_B+1","Defend_B","Zap+1","Dualcast+1","Hologram","Ball Lightning","Self Repair+1","Steam","Steam","Core Surge","Darkness","Auto Shields+1"],"relics":["Cracked Core","War Paint","Dead Branch","Ornamental Fan","Lizard Tail","Girya","Molten Egg 2"],"potions_floor_usage":[6,10,13,16,19],"damage_taken":[{"damage":9,"enemies":"2 Louse","floor":1,"turns":2},{"damage":1,"enemies":"Jaw Worm","floor":3,"turns":3},{"damage":2,"enemies":"Small Slimes","floor":4,"turns":3},{"damage":5,"enemies":"Looter","floor":5,"turns":3},{"damage":27,"enemies":"Gremlin Nob","floor":6,"turns":5},{"damage":0,"enemies":"Red Slaver","floor":8,"turns":4},{"damage":12,"enemies":"Gremlin Gang","floor":10,"turns":5},{"damage":4,"enemies":"2 Fungi Beasts","floor":11,"turns":4},{"damage":13,"enemies":"Lagavulin","floor":13,"turns":8},{"damage":2,"enemies":"Looter","floor":14,"turns":3},{"damage":24,"enemies":"Hexaghost","floor":16,"turns":8},{"damage":12,"enemies":"Shell Parasite","floor":18,"turns":6},{"damage":25,"enemies":"2 Thieves","floor":19,"turns":5},{"damage":18,"enemies":"Colosseum Slavers","floor":21,"turns":6},{"damage":54,"enemies":"Colosseum Nobs","floor":21,"turns":6},{"damage":22,"enemies":"Centurion and Healer","floor":22,"turns":9},{"damage":60,"enemies":"Gremlin Leader","floor":23,"turns":9}],"seed_played":"6016701865018250252","potions_obtained":[{"floor":3,"key":"SteroidPotion"},{"floor":4,"key":"Dexterity Potion"},{"floor":6,"key":"FearPotion"},{"floor":11,"key":"Block Potion"},{"floor":16,"key":"Regen Potion"}],"is_trial":false,"path_per_floor":["M","?","M","M","M","E","R","M","T","M","M","$","E","M","R","B",null,"M","M","$","?","M","E"],"character_chosen":"DEFECT","items_purchased":[],"campfire_rested":0,"item_purchase_floors":[],"current_hp_per_floor":[73,73,72,70,72,52,52,62,62,60,66,66,63,71,71,47,82,80,77,77,25,13,0],"gold":249,"neow_bonus":"TEN_PERCENT_HP_BONUS","is_prod":false,"is_daily":false,"chose_seed":false,"campfire_upgraded":2,"win_rate":0.0,"timestamp":1553430510,"path_taken":["M","?","M","M","M","E","R","M","T","M","M","$","E","M","R","BOSS","M","M","$","?","M","E"],"build_version":"2019-01-23","purchased_purges":2,"victory":false,"max_hp_per_floor":[82,82,82,82,82,82,82,82,82,82,82,82,82,82,82,82,82,82,82,82,82,82,82],"card_choices":[{"not_picked":["Rip and Tear","Ball Lightning"],"picked":"Hologram","floor":1},{"not_picked":["Fusion","Compile Driver"],"picked":"Ball Lightning","floor":3},{"not_picked":["Go for the Eyes","Conserve Battery"],"picked":"Self Repair","floor":4},{"not_picked":["Heatsinks","Barrage","Turbo"],"picked":"SKIP","floor":5},{"not_picked":["Rip and Tear","Meteor Strike"],"picked":"Steam","floor":6},{"not_picked":["Blizzard","Barrage","Hello World"],"picked":"SKIP","floor":8},{"not_picked":["Cold Snap","Stack","Streamline"],"picked":"SKIP","floor":10},{"not_picked":["Sweeping Beam","Double Energy"],"picked":"Steam","floor":11},{"not_picked":["Steam","Turbo","Conserve Battery"],"picked":"SKIP","floor":13},{"not_picked":["Doom and Gloom","Cold Snap","Beam Cell"],"picked":"SKIP","floor":14},{"not_picked":["Fission","Reboot"],"picked":"Core Surge","floor":16},{"not_picked":["Compile Driver","Capacitor+1","Rebound"],"picked":"SKIP","floor":18},{"not_picked":["Blizzard","Recycle","FTL"],"picked":"SKIP","floor":19},{"not_picked":["Gash","Cold Snap"],"picked":"Darkness","floor":21},{"not_picked":["Heatsinks","Cold Snap+1"],"picked":"Auto Shields+1","floor":22}],"player_experience":88018,"relics_obtained":[{"floor":6,"key":"War Paint"},{"floor":9,"key":"Dead Branch"},{"floor":13,"key":"Ornamental Fan"},{"floor":21,"key":"Girya"},{"floor":21,"key":"Molten Egg 2"}],"event_choices":[{"cards_removed":["Strike_B"],"damage_healed":0,"gold_gain":0,"player_choice":"Card Removal","damage_taken":0,"max_hp_gain":0,"max_hp_loss":0,"event_name":"The Cleric","floor":2,"gold_loss":50},{"damage_healed":0,"gold_gain":0,"player_choice":"Fight","damage_taken":0,"max_hp_gain":0,"max_hp_loss":0,"event_name":"Colosseum","floor":21,"gold_loss":0},{"damage_healed":0,"gold_gain":0,"player_choice":"Fought Nobs","damage_taken":0,"max_hp_gain":0,"max_hp_loss":0,"event_name":"Colosseum","floor":21,"gold_loss":0}],"is_beta":false,"boss_relics":[{"not_picked":["Coffee Dripper","Philosopher\u0027s Stone"],"picked":"Lizard Tail"}],"items_purged_floors":[12,20],"is_endless":false,"potions_floor_spawned":[3,4,6,11,16,21],"killed_by":"Gremlin Leader","ascension_level":0}