{"gold_per_floor":[110,128,141,152,164,164,89,89,115,161,173,219,231,243,255,339,351,383,409,421,451,188,188,205,231,302,47,47,62,87,107,107,185,185,201,81,98,118,134,134,168,168,168,198,198,198,208,224,224,224],"floor_reached":51,"playtime":3560,"items_purged":[],"score":1291,"play_id":"933e733e-3bec-4c11-a90e-c3a3f7e1d723","local_time":"20180724192850","is_ascension_mode":true,"campfire_choices":[{"data":"Neutralize","floor":6.0,"key":"SMITH"},{"data":"Finisher","floor":8.0,"key":"SMITH"},{"data":"Terror","floor":11.0,"key":"SMITH"},{"floor":15.0,"key":"REST"},{"data":"After Image","floor":23.0,"key":"SMITH"},{"floor":32.0,"key":"REST"},{"floor":40.0,"key":"REST"},{"floor":42.0,"key":"REST"},{"floor":45.0,"key":"REST"},{"floor":49.0,"key":"REST"}],"neow_cost":"NONE","seed_source_timestamp":24552805568152,"circlet_count":0,"master_deck":["Defend_G+1","Defend_G+1","Defend_G+1","Defend_G+1","Defend_G+1","Strike_G+1","Strike_G+1","Strike_G+1","Strike_G+1","Survivor","Neutralize+1","AscendersBane","Slice","Backflip","Finisher+1","Terror+1","Dagger Spray+1","After Image+1","Cloak And Dagger+1","Panache","Infinite Blades","Footwork","Backflip","Well Laid Plans","PiercingWail","Accuracy","Acrobatics","Madness","Madness"],"special_seed":0,"relics":["Ring of the Snake","MawBank","War Paint","Vajra","Busted Crown","Anchor","Singing Bowl","Mummified Hand","Question Card","Fusion Hammer","Bottled Tornado","Gremlin Horn","Pen Nib"],"potions_floor_usage":[],"damage_taken":[{"damage":2.0,"enemies":"Cultist","floor":1.0,"turns":4.0},{"damage":0.0,"enemies":"Small Slimes","floor":2.0,"turns":3.0},{"damage":2.0,"enemies":"Jaw Worm","floor":3.0,"turns":4.0},{"damage":5.0,"enemies":"3 Louse","floor":4.0,"turns":5.0},{"damage":3.0,"enemies":"Looter","floor":5.0,"turns":2.0},{"damage":17.0,"enemies":"3 Sentries","floor":10.0,"turns":10.0},{"damage":20.0,"enemies":"Lagavulin","floor":12.0,"turns":10.0},{"damage":10.0,"enemies":"Slime Boss","floor":16.0,"turns":8.0},{"damage":0.0,"enemies":"Chosen","floor":18.0,"turns":3.0},{"damage":1.0,"enemies":"2 Thieves","floor":19.0,"turns":4.0},{"damage":11.0,"enemies":"Snecko","floor":21.0,"turns":6.0},{"damage":2.0,"enemies":"3 Cultists","floor":24.0,"turns":4.0},{"damage":21.0,"enemies":"Slavers","floor":25.0,"turns":5.0},{"damage":0.0,"enemies":"Snake Plant","floor":29.0,"turns":3.0},{"damage":15.0,"enemies":"Gremlin Leader","floor":30.0,"turns":6.0},{"damage":0.0,"enemies":"Slaver and Parasite","floor":31.0,"turns":5.0},{"damage":30.0,"enemies":"Champ","floor":33.0,"turns":11.0},{"damage":0.0,"enemies":"Orb Walker","floor":35.0,"turns":3.0},{"damage":0.0,"enemies":"3 Shapes","floor":37.0,"turns":5.0},{"damage":19.0,"enemies":"Spire Growth","floor":38.0,"turns":4.0},{"damage":0.0,"enemies":"4 Shapes","floor":39.0,"turns":6.0},{"damage":32.0,"enemies":"2 Orb Walkers","floor":41.0,"turns":5.0},{"damage":5.0,"enemies":"Nemesis","floor":44.0,"turns":6.0},{"damage":18.0,"enemies":"3 Darklings","floor":47.0,"turns":4.0},{"damage":13.0,"enemies":"Spire Growth","floor":48.0,"turns":4.0},{"damage":58,"enemies":"Time Eater","floor":50,"turns":13}],"seed_played":"4388705538241759083","potions_obtained":[{"floor":5.0,"key":"AttackPotion"},{"floor":10.0,"key":"SkillPotion"},{"floor":12.0,"key":"Poison Potion"},{"floor":16.0,"key":"Swift Potion"},{"floor":19.0,"key":"PowerPotion"},{"floor":21.0,"key":"Poison Potion"},{"floor":25.0,"key":"Dexterity Potion"},{"floor":33.0,"key":"Fruit Juice"},{"floor":37.0,"key":"Poison Potion"},{"floor":39.0,"key":"Regen Potion"},{"floor":41.0,"key":"Block Potion"}],"is_trial":false,"path_per_floor":["M","M","M","M","M","R","?","R","T","E","R","E","?","?","R","B",null,"M","M","?","M","$","R","M","E","T","$","?","M","E","M","R","B",null,"M","$","M","M","M","R","E","R","T","E","R","?","M","M","R","B"],"character_chosen":"THE_SILENT","items_purchased":["Panache","Infinite Blades","Mummified Hand","Well Laid Plans","PiercingWail"],"campfire_rested":6,"item_purchase_floors":[22,22,27,36,36],"current_hp_per_floor":[63,63,61,56,53,53,53,53,53,36,36,16,16,16,37,27,61,61,60,60,49,49,49,47,26,26,26,26,26,13,15,37,9,61,66,66,66,49,49,74,57,83,83,80,89,73,57,46,73,15],"gold":224,"neow_bonus":"TEN_PERCENT_HP_BONUS","is_prod":false,"is_daily":false,"chose_seed":false,"campfire_upgraded":4,"win_rate":0,"timestamp":1532485730,"path_taken":["M","M","?","M","M","R","?","R","T","E","R","E","?","?","R","BOSS","M","M","?","M","$","R","M","E","T","$","?","?","E","M","R","BOSS","M","$","M","M","M","R","E","R","T","E","R","?","M","M","R","BOSS"],"build_version":"2018-07-19v2","purchased_purges":0,"victory":true,"max_hp_per_floor":[72,72,72,72,72,72,72,72,72,72,72,72,72,72,72,72,72,72,72,72,72,72,72,72,72,72,72,72,72,74,76,76,78,78,83,83,83,85,85,85,87,87,87,89,89,89,91,93,93,93],"card_choices":[{"not_picked":["Bane","Underhanded Strike"],"picked":"Slice","floor":1.0},{"not_picked":["Outmaneuver","Poisoned Stab"],"picked":"Backflip","floor":2.0},{"not_picked":["Prepared","Noxious Fumes","Tactician"],"picked":"SKIP","floor":3.0},{"not_picked":["Backflip","Tools of the Trade"],"picked":"Finisher","floor":4.0},{"not_picked":["Dodge and Roll","Eviscerate","Underhanded Strike"],"picked":"SKIP","floor":5.0},{"not_picked":["Corpse Explosion","Acrobatics"],"picked":"Terror","floor":10.0},{"not_picked":["Underhanded Strike","Expertise"],"picked":"Dagger Spray","floor":12.0},{"not_picked":["Bullet Time","Die Die Die"],"picked":"After Image","floor":16.0},{"not_picked":["Reflex"],"picked":"SKIP","floor":18.0},{"not_picked":["Outmaneuver"],"picked":"SKIP","floor":19.0},{"not_picked":[],"picked":"Cloak And Dagger+1","floor":21.0},{"not_picked":["Outmaneuver"],"picked":"SKIP","floor":24.0},{"not_picked":["PiercingWail"],"picked":"SKIP","floor":25.0},{"not_picked":[],"picked":"Footwork","floor":29.0},{"not_picked":["Heel Hook"],"picked":"Singing Bowl","floor":30.0},{"not_picked":["Crippling Poison","Riddle With Holes"],"picked":"Singing Bowl","floor":31.0},{"not_picked":["Envenom","Venomology"],"picked":"Singing Bowl","floor":33.0},{"not_picked":["Slice+1"],"picked":"Backflip","floor":35.0},{"not_picked":["Bane"],"picked":"Accuracy","floor":37.0},{"not_picked":["Catalyst","Deadly Poison"],"picked":"Singing Bowl","floor":38.0},{"not_picked":["Masterful Stab"],"picked":"Acrobatics","floor":39.0},{"not_picked":["Deflect","Infinite Blades"],"picked":"Singing Bowl","floor":41.0},{"not_picked":["Infinite Blades+1","Heel Hook"],"picked":"Singing Bowl","floor":44.0},{"not_picked":["Outmaneuver","Skewer"],"picked":"Singing Bowl","floor":47.0},{"not_picked":["Blade Dance","Quick Slash"],"picked":"Singing Bowl","floor":48.0}],"player_experience":873563,"relics_obtained":[{"floor":9.0,"key":"MawBank"},{"floor":10.0,"key":"War Paint"},{"floor":12.0,"key":"Vajra"},{"floor":25.0,"key":"Anchor"},{"floor":26.0,"key":"Singing Bowl"},{"floor":30.0,"key":"Question Card"},{"floor":41.0,"key":"Bottled Tornado"},{"floor":43.0,"key":"Gremlin Horn"},{"floor":44.0,"key":"Pen Nib"}],"event_choices":[{"event_name":"The Cleric","player_choice":"Card Removal","floor":7.0,"damage_taken":0.0},{"event_name":"Living Wall","player_choice":"Grow","floor":13.0,"damage_taken":0.0},{"event_name":"Golden Wing","player_choice":"Ignored","floor":14.0,"damage_taken":0.0},{"event_name":"Back to Basics","player_choice":"Simplicity","floor":20.0,"damage_taken":0.0},{"event_name":"Cursed Tome","player_choice":"Ignored","floor":28.0,"damage_taken":0.0},{"event_name":"Winding Halls","player_choice":"Embrace Madness","floor":46.0,"damage_taken":0.0}],"is_beta":false,"boss_relics":[{"not_picked":["Coffee Dripper","Pandora\u0027s Box"],"picked":"Busted Crown"},{"not_picked":["HoveringKite","White Beast Statue"],"picked":"Fusion Hammer"}],"items_purged_floors":[],"is_endless":false,"potions_floor_spawned":[5,10,12,16,19,21,25,33,37,39,41],"ascension_level":15}