{"gold_per_floor":[118,193,118,118,134,134,192,192,192,192,219,219,235,251,251,328,378,394,394,410,71,82,111,125,150,150,162,162,179,213,38,38,113,113,127,127,127,127,146,179,29,61,86,100,100,100,110,140,152,164,176,188,200,0,34,34],"floor_reached":57,"playtime":3069,"items_purged":["Power Through","Bash","Flex","Madness"],"score":3571,"play_id":"ac1f8e98-8810-42b9-952f-8e6528b1eab8","local_time":"20190420172810","is_ascension_mode":true,"campfire_choices":[{"data":"Dual Wield","floor":6.0,"key":"SMITH"},{"data":"Burning Pact","floor":8.0,"key":"SMITH"},{"data":"Bloodletting","floor":10.0,"key":"SMITH"},{"data":"Dark Embrace","floor":12.0,"key":"SMITH"},{"data":"Fire Breathing","floor":15.0,"key":"SMITH"},{"floor":28.0,"key":"REST"},{"data":"Exhume","floor":32.0,"key":"SMITH"},{"floor":45.0,"key":"REST"},{"floor":49.0,"key":"RECALL"},{"data":"Evolve","floor":53,"key":"SMITH"}],"neow_cost":"NONE","seed_source_timestamp":0,"circlet_count":0,"master_deck":["AscendersBane","Fire Breathing+1","Exhume+1","Dropkick+1","Dual Wield+1","Burning Pact+1","Impervious","Dark Embrace+1","Bloodletting+1","Thunderclap","Evolve+1","Shockwave","Second Wind","Shrug It Off","Madness","Power Through+1","Rage"],"special_seed":0,"relics":["Pandora\u0027s Box","Tiny Chest","Happy Flower","Tiny House","Ornamental Fan","Ancient Tea Set","Bronze Scales","Mummified Hand","Bottled Lightning","Dream Catcher","Black Star","Oddly Smooth Stone","Prayer Wheel","Molten Egg 2","Juzu Bracelet","Smiling Mask","MawBank","Self Forming Clay","Lee\u0027s Waffle","Turnip","Pantograph"],"potions_floor_usage":[51,56],"damage_taken":[{"damage":14.0,"enemies":"2 Louse","floor":1.0,"turns":3.0},{"damage":12.0,"enemies":"Jaw Worm","floor":5.0,"turns":4.0},{"damage":0.0,"enemies":"Lagavulin","floor":7.0,"turns":4.0},{"damage":6.0,"enemies":"Cultist","floor":13.0,"turns":2.0},{"damage":20.0,"enemies":"Gremlin Gang","floor":14.0,"turns":3.0},{"damage":3.0,"enemies":"The Guardian","floor":16.0,"turns":2.0},{"damage":0.0,"enemies":"Chosen","floor":18.0,"turns":3.0},{"damage":6.0,"enemies":"Shell Parasite","floor":20.0,"turns":2.0},{"damage":9.0,"enemies":"Snecko","floor":22.0,"turns":3.0},{"damage":12.0,"enemies":"Gremlin Leader","floor":23.0,"turns":1.0},{"damage":4.0,"enemies":"Shelled Parasite and Fungi","floor":24.0,"turns":3.0},{"damage":17.0,"enemies":"Book of Stabbing","floor":25.0,"turns":2.0},{"damage":0.0,"enemies":"Chosen and Byrds","floor":27.0,"turns":2.0},{"damage":0.0,"enemies":"Cultist and Chosen","floor":29.0,"turns":3.0},{"damage":9.0,"enemies":"Slavers","floor":30.0,"turns":1.0},{"damage":6.0,"enemies":"Automaton","floor":33.0,"turns":3.0},{"damage":0.0,"enemies":"3 Darklings","floor":35.0,"turns":2.0},{"damage":16.0,"enemies":"3 Shapes","floor":39.0,"turns":3.0},{"damage":10.0,"enemies":"Giant Head","floor":40.0,"turns":3.0},{"damage":3.0,"enemies":"Reptomancer","floor":42.0,"turns":2.0},{"damage":3.0,"enemies":"Writhing Mass","floor":44.0,"turns":3.0},{"damage":0.0,"enemies":"3 Darklings","floor":47.0,"turns":2.0},{"damage":3.0,"enemies":"Nemesis","floor":48.0,"turns":3.0},{"damage":21.0,"enemies":"Time Eater","floor":50.0,"turns":6.0},{"damage":3,"enemies":"Awakened One","floor":51,"turns":4},{"damage":3,"enemies":"Shield and Spear","floor":55,"turns":2},{"damage":14,"enemies":"The Heart","floor":56,"turns":5}],"seed_played":"7586097330147813446","potions_obtained":[{"floor":1.0,"key":"Energy Potion"},{"floor":14.0,"key":"GamblersBrew"},{"floor":16.0,"key":"Ancient Potion"},{"floor":20.0,"key":"SkillPotion"},{"floor":24.0,"key":"Regen Potion"},{"floor":25.0,"key":"Regen Potion"},{"floor":29.0,"key":"EssenceOfSteel"},{"floor":30.0,"key":"PowerPotion"},{"floor":42.0,"key":"GamblersBrew"},{"floor":44.0,"key":"SteroidPotion"},{"floor":55,"key":"Swift Potion"}],"is_trial":false,"path_per_floor":["M","?","$","?","M","R","E","R","T","R","T","R","M","M","R","B",null,"M","T","M","$","M","E","M","E","T","M","R","M","E","$","R","B",null,"M","$","?","?","M","E","$","E","T","M","R","?","M","E","R","B","B",null,"R","$","E","B",null],"character_chosen":"IRONCLAD","items_purchased":["Evolve","Ancient Tea Set","Shrug It Off","Lee\u0027s Waffle"],"campfire_rested":2,"item_purchase_floors":[21,21,31,54],"current_hp_per_floor":[54,43,43,43,31,31,31,31,31,31,31,31,25,5,5,2,62,62,62,56,56,47,35,31,23,23,28,52,52,43,43,43,37,69,69,69,55,55,39,29,29,26,26,23,47,47,47,44,44,23,20,65,65,87,84,73],"gold":34,"neow_bonus":"BOSS_RELIC","is_prod":false,"is_daily":false,"chose_seed":true,"campfire_upgraded":7,"win_rate":0,"timestamp":1555752490,"path_taken":["M","?","$","?","M","R","E","R","T","R","?","R","M","M","R","BOSS","M","?","M","$","?","E","M","E","T","M","R","?","E","$","R","BOSS","M","$","?","?","M","E","?","E","T","M","R","?","M","E","R","BOSS","BOSS","R","$","E","BOSS"],"build_version":"2019-01-23","purchased_purges":4,"victory":true,"max_hp_per_floor":[75,75,75,75,75,75,75,75,75,75,75,75,75,75,75,75,80,80,80,80,80,80,80,80,80,80,80,80,80,80,80,80,80,80,80,80,80,80,80,80,80,80,80,80,80,80,80,80,80,80,80,80,80,87,87,87],"card_choices":[{"not_picked":["Blood for Blood","Combust","Clash"],"picked":"SKIP","floor":1.0},{"not_picked":["Sword Boomerang","Shrug It Off","Twin Strike"],"picked":"SKIP","floor":5.0},{"not_picked":["Flex","Ghostly Armor"],"picked":"Bloodletting","floor":7.0},{"not_picked":["Infernal Blade","Clash"],"picked":"Thunderclap","floor":13.0},{"not_picked":["Clothesline","Twin Strike","Clash"],"picked":"SKIP","floor":14.0},{"not_picked":["Perfected Strike","Anger","Flame Barrier"],"picked":"SKIP","floor":18.0},{"not_picked":["Body Slam","Sword Boomerang+1","Dual Wield"],"picked":"SKIP","floor":20.0},{"not_picked":["Thunderclap","Carnage","Body Slam"],"picked":"SKIP","floor":22.0},{"not_picked":["Thunderclap","Carnage","Body Slam"],"picked":"SKIP","floor":22.0},{"not_picked":["Thunderclap","Heavy Blade+1","Barricade"],"picked":"SKIP","floor":23.0},{"not_picked":["Thunderclap","Heavy Blade+1","Barricade"],"picked":"SKIP","floor":23.0},{"not_picked":["Heavy Blade","Body Slam","Flex"],"picked":"SKIP","floor":24.0},{"not_picked":["Combust","Shockwave","True Grit+1"],"picked":"SKIP","floor":25.0},{"not_picked":["Combust","Shockwave","True Grit+1"],"picked":"SKIP","floor":25.0},{"not_picked":["Combust","True Grit+1"],"picked":"Shockwave","floor":25.0},{"not_picked":["Fire Breathing","Wild Strike","Shockwave"],"picked":"SKIP","floor":27.0},{"not_picked":["Fire Breathing","Wild Strike","Shockwave"],"picked":"SKIP","floor":27.0},{"not_picked":["Fire Breathing","Entrench+1","Ghostly Armor"],"picked":"SKIP","floor":29.0},{"not_picked":["Intimidate+1","Whirlwind+1"],"picked":"Second Wind","floor":30.0},{"not_picked":["Shockwave","Heavy Blade+1","Thunderclap"],"picked":"SKIP","floor":35.0},{"not_picked":["True Grit","Havoc"],"picked":"Power Through+1","floor":39.0},{"not_picked":["Shockwave","Dark Embrace","Carnage"],"picked":"SKIP","floor":40.0},{"not_picked":["Bludgeon","Warcry","Rampage"],"picked":"SKIP","floor":42.0},{"not_picked":["Pummel+1","Bloodletting","Dropkick+1"],"picked":"SKIP","floor":44.0},{"not_picked":["Twin Strike+1","Flex","Iron Wave+1"],"picked":"SKIP","floor":44.0},{"not_picked":["Twin Strike+1","Intimidate"],"picked":"Rage","floor":47.0},{"not_picked":["Sword Boomerang+1","Sever Soul+1","Carnage+1"],"picked":"SKIP","floor":47.0},{"not_picked":["Brutality","Evolve+1","Power Through"],"picked":"SKIP","floor":48.0},{"not_picked":["Rupture","Brutality","Sever Soul+1"],"picked":"SKIP","floor":55}],"player_experience":3031755,"relics_obtained":[{"floor":7.0,"key":"Tiny Chest"},{"floor":11.0,"key":"Happy Flower"},{"floor":19.0,"key":"Ornamental Fan"},{"floor":23.0,"key":"Bronze Scales"},{"floor":25.0,"key":"Mummified Hand"},{"floor":26.0,"key":"Bottled Lightning"},{"floor":30.0,"key":"Dream Catcher"},{"floor":40.0,"key":"Oddly Smooth Stone"},{"floor":40.0,"key":"Prayer Wheel"},{"floor":42.0,"key":"Molten Egg 2"},{"floor":42.0,"key":"Juzu Bracelet"},{"floor":43.0,"key":"Smiling Mask"},{"floor":48.0,"key":"MawBank"},{"floor":48.0,"key":"Self Forming Clay"},{"floor":55,"key":"Turnip"},{"floor":55,"key":"Pantograph"}],"event_choices":[{"damage_healed":0.0,"max_hp_gain":0.0,"max_hp_loss":0.0,"gold_gain":75.0,"event_name":"World of Goop","player_choice":"Gather Gold","floor":2.0,"gold_loss":0.0,"damage_taken":11.0},{"damage_healed":0.0,"max_hp_gain":0.0,"max_hp_loss":0.0,"gold_gain":0.0,"cards_transformed":["Bludgeon"],"event_name":"Living Wall","player_choice":"Change","floor":4.0,"gold_loss":0.0,"damage_taken":0.0,"cards_obtained":["Dark Embrace"]},{"damage_healed":0.0,"max_hp_gain":0.0,"max_hp_loss":0.0,"gold_gain":0.0,"event_name":"Winding Halls","player_choice":"Embrace Madness","floor":37.0,"gold_loss":0.0,"damage_taken":14.0,"cards_obtained":["Madness","Madness"]},{"damage_healed":0.0,"max_hp_gain":0.0,"max_hp_loss":0.0,"gold_gain":0.0,"event_name":"Tomb of Lord Red Mask","player_choice":"Ignored","floor":38.0,"gold_loss":0.0,"damage_taken":0.0},{"damage_healed":0.0,"max_hp_gain":0.0,"max_hp_loss":0.0,"gold_gain":0.0,"event_name":"Mysterious Sphere","player_choice":"Ignored","floor":46.0,"gold_loss":0.0,"damage_taken":0.0}],"is_beta":false,"boss_relics":[{"not_picked":["Astrolabe","Calling Bell"],"picked":"Tiny House"},{"not_picked":["Mark of Pain","Orrery"],"picked":"Black Star"}],"items_purged_floors":[3,21,31,41],"is_endless":false,"potions_floor_spawned":[1,14,16,20,24,25,29,30,42,44,47,55],"ascension_level":20}