{"gold_per_floor":[115,130,143,93,106,106,141,316,316,351,351,351,8,28,28,28],"floor_reached":16,"playtime":653,"items_purged":[],"score":187,"play_id":"84394e39-6a53-4ef6-94d4-1cd3b952a5ec","local_time":"20190420074701","is_ascension_mode":true,"campfire_choices":[{"data":"Whirlwind","floor":6,"key":"SMITH"},{"data":"Bludgeon","floor":12,"key":"SMITH"},{"floor":15,"key":"REST"}],"neow_cost":"NONE","seed_source_timestamp":686246820453800,"circlet_count":0,"master_deck":["AscendersBane","Strike_R","Strike_R","Strike_R","Defend_R","Defend_R","Defend_R","Defend_R","Bash","Whirlwind+1","Headbutt","Flame Barrier+1","Bludgeon+1","Doubt"],"relics":["Burning Blood","WingedGreaves","Peace Pipe","Magic Flower","Red Skull","Brimstone"],"potions_floor_usage":[7,7],"damage_taken":[{"damage":1,"enemies":"Cultist","floor":1,"turns":4},{"damage":0,"enemies":"2 Louse","floor":2,"turns":1},{"damage":15,"enemies":"Small Slimes","floor":3,"turns":4},{"damage":9,"enemies":"2 Fungi Beasts","floor":5,"turns":5},{"damage":43,"enemies":"3 Sentries","floor":7,"turns":9},{"damage":8,"enemies":"Gremlin Nob","floor":10,"turns":3},{"damage":2,"enemies":"Looter","floor":14,"turns":2},{"damage":68,"enemies":"Hexaghost","floor":16,"turns":7}],"seed_played":"2189498432801009334","potions_obtained":[{"floor":1,"key":"AttackPotion"},{"floor":2,"key":"BloodPotion"}],"is_trial":false,"path_per_floor":["M","M","M","?","M","R","E","?","T","E","?","R","$","M","R","B"],"character_chosen":"IRONCLAD","items_purchased":["Red Skull","Brimstone"],"campfire_rested":1,"item_purchase_floors":[13,13],"current_hp_per_floor":[73,75,66,66,63,63,33,33,33,31,31,31,31,38,60,0],"gold":28,"neow_bonus":"REMOVE_CARD","is_prod":false,"is_daily":false,"chose_seed":false,"campfire_upgraded":2,"win_rate":0,"timestamp":1555735621,"path_taken":["M","M","?","?","M","R","E","?","T","E","?","R","$","M","R","BOSS"],"build_version":"2019-01-23","purchased_purges":0,"victory":false,"max_hp_per_floor":[75,75,75,75,75,75,75,75,75,75,75,75,75,75,75,75],"card_choices":[{"not_picked":["Havoc","Entrench"],"picked":"Whirlwind","floor":1},{"not_picked":["Clothesline","Heavy Blade"],"picked":"Headbutt","floor":2},{"not_picked":["Perfected Strike","Clothesline"],"picked":"Flame Barrier","floor":3},{"not_picked":["Thunderclap","Burning Pact","Infernal Blade"],"picked":"SKIP","floor":5},{"not_picked":["Wild Strike","Pummel"],"picked":"Bludgeon","floor":7},{"not_picked":["Evolve","Armaments","Feel No Pain"],"picked":"SKIP","floor":10},{"not_picked":["Wild Strike","True Grit","Iron Wave"],"picked":"SKIP","floor":14}],"player_experience":312999,"relics_obtained":[{"floor":7,"key":"WingedGreaves"},{"floor":9,"key":"Peace Pipe"},{"floor":10,"key":"Magic Flower"}],"event_choices":[{"cards_removed":["Strike_R"],"damage_healed":0,"gold_gain":0,"player_choice":"Card Removal","damage_taken":0,"max_hp_gain":0,"max_hp_loss":0,"event_name":"The Cleric","floor":4,"gold_loss":50},{"damage_healed":0,"gold_gain":175,"player_choice":"AGREE","damage_taken":0,"max_hp_gain":0,"max_hp_loss":0,"event_name":"Liars Game","floor":8,"gold_loss":0,"cards_obtained":["Doubt"]},{"damage_healed":0,"gold_gain":0,"player_choice":"Grow","damage_taken":0,"max_hp_gain":0,"max_hp_loss":0,"event_name":"Living Wall","floor":11,"gold_loss":0,"cards_upgraded":["Flame Barrier"]}],"is_beta":false,"boss_relics":[],"items_purged_floors":[],"is_endless":false,"potions_floor_spawned":[1,2],"killed_by":"Hexaghost","ascension_level":14}