{"gold_per_floor":[114,114,189,26,26,26,26,58,58,70,102,124,54,98,110,199,211,234,19,34,46,59,59,59,72,72,72,87,112,112,125,125,199,199,214,226,239,239,239,272,290,290,313,67,67,81,106,117,117,117,117],"floor_reached":52,"playtime":5107,"items_purged":["Strike_G"],"score":2184,"play_id":"6c94d7fa-8bf1-42c9-8b24-f3368ef43877","local_time":"20190509230326","is_ascension_mode":true,"campfire_choices":[{"data":"Neutralize","floor":6.0,"key":"SMITH"},{"data":"Noxious Fumes","floor":10.0,"key":"SMITH"},{"data":"Tactician","floor":15.0,"key":"SMITH"},{"floor":23.0,"key":"REST"},{"floor":27.0,"key":"REST"},{"data":"Apotheosis","floor":30.0,"key":"SMITH"},{"floor":32.0,"key":"REST"},{"floor":45.0,"key":"REST"},{"floor":49,"key":"REST"}],"neow_cost":"NONE","seed_source_timestamp":0,"circlet_count":0,"master_deck":["AscendersBane","Defend_G","Defend_G","Defend_G","Defend_G","Strike_G","Strike_G","Survivor","Neutralize+1","Backflip","Prepared","Noxious Fumes+1","Leg Sweep","Corpse Explosion","Tactician+1","Prepared","Night Terror","Backflip","Apotheosis+1","Well Laid Plans","Concentrate","PiercingWail","Deadly Poison","Noxious Fumes","Prepared","Acrobatics","Reflex","Calculated Gamble+1"],"special_seed":0,"relics":["Ring of the Serpent","NeowsBlessing","Matryoshka","Pear","MawBank","Tough Bandages","Blue Candle","Snake Skull","The Courier","Thread and Needle","Bottled Lightning","Fusion Hammer","Bottled Tornado","PreservedInsect","Bag of Preparation","Centennial Puzzle","Toxic Egg 2"],"potions_floor_usage":[51],"damage_taken":[{"damage":0.0,"enemies":"2 Louse","floor":1.0,"turns":1.0},{"damage":0.0,"enemies":"Gremlin Nob","floor":8.0,"turns":1.0},{"damage":0.0,"enemies":"Small Slimes","floor":11.0,"turns":1.0},{"damage":0.0,"enemies":"Cultist","floor":12.0,"turns":4.0},{"damage":17.0,"enemies":"Lagavulin","floor":14.0,"turns":7.0},{"damage":38.0,"enemies":"Slime Boss","floor":16.0,"turns":10.0},{"damage":13.0,"enemies":"Spheric Guardian","floor":18.0,"turns":4.0},{"damage":12.0,"enemies":"Chosen","floor":20.0,"turns":6.0},{"damage":24.0,"enemies":"Snake Plant","floor":21.0,"turns":5.0},{"damage":8.0,"enemies":"Snecko","floor":22.0,"turns":7.0},{"damage":0.0,"enemies":"3 Cultists","floor":25.0,"turns":4.0},{"damage":0.0,"enemies":"Centurion and Healer","floor":28.0,"turns":5.0},{"damage":0.0,"enemies":"Book of Stabbing","floor":29.0,"turns":9.0},{"damage":0.0,"enemies":"Snecko","floor":31.0,"turns":5.0},{"damage":0.0,"enemies":"Automaton","floor":33.0,"turns":10.0},{"damage":0.0,"enemies":"Orb Walker","floor":35.0,"turns":5.0},{"damage":9.0,"enemies":"3 Darklings","floor":36.0,"turns":3.0},{"damage":1.0,"enemies":"Sphere and 2 Shapes","floor":37.0,"turns":4.0},{"damage":0.0,"enemies":"Nemesis","floor":40.0,"turns":7.0},{"damage":0.0,"enemies":"4 Shapes","floor":41.0,"turns":5.0},{"damage":0,"enemies":"Transient","floor":46,"turns":6},{"damage":13,"enemies":"Giant Head","floor":47,"turns":8},{"damage":0,"enemies":"Maw","floor":48,"turns":6},{"damage":0,"enemies":"Awakened One","floor":50,"turns":17},{"damage":58,"enemies":"Time Eater","floor":51,"turns":12}],"seed_played":"-378826353520947157","potions_obtained":[{"floor":1.0,"key":"GhostInAJar"},{"floor":12.0,"key":"LiquidBronze"},{"floor":16.0,"key":"FearPotion"},{"floor":20.0,"key":"AttackPotion"},{"floor":25.0,"key":"Poison Potion"},{"floor":29.0,"key":"LiquidBronze"},{"floor":33.0,"key":"SkillPotion"},{"floor":36.0,"key":"Strength Potion"},{"floor":37.0,"key":"Dexterity Potion"},{"floor":42.0,"key":"SmokeBomb"},{"floor":48,"key":"Fire Potion"}],"is_trial":false,"path_per_floor":["M","?","?","$","?","R","T","E","T","R","M","M","?","E","R","B",null,"M","$","M","M","M","R","?","M","T","R","M","E","R","M","R","B",null,"M","M","M","?","?","E","M","?","T","$","R","M","E","M","R","B","B",null],"character_chosen":"THE_SILENT","items_purchased":["Noxious Fumes","Apotheosis","Well Laid Plans","Bag of Preparation","Centennial Puzzle"],"campfire_rested":5,"item_purchase_floors":[4,19,19,44,44],"current_hp_per_floor":[59,59,48,48,48,48,48,58,58,58,58,58,58,41,41,3,58,45,45,33,9,1,23,23,23,23,45,45,45,45,45,67,67,74,74,65,64,64,64,64,64,64,64,64,76,76,63,63,76,76,18],"gold":117,"neow_bonus":"THREE_ENEMY_KILL","is_prod":false,"is_daily":false,"chose_seed":false,"campfire_upgraded":4,"win_rate":0,"timestamp":1557410606,"path_taken":["M","?","?","$","?","R","?","E","T","R","M","M","?","E","R","BOSS","M","$","M","M","?","R","?","?","T","R","M","E","R","M","R","BOSS","M","M","?","?","?","E","M","?","T","$","R","M","E","?","R","BOSS","BOSS"],"build_version":"2019-01-23","purchased_purges":1,"victory":true,"max_hp_per_floor":[66,66,66,66,66,66,66,76,76,76,76,76,76,76,76,76,76,76,76,76,76,76,76,76,76,76,76,76,76,76,76,76,76,76,76,76,76,76,76,76,76,76,76,76,76,76,76,76,76,76,76],"card_choices":[{"not_picked":["Setup","Outmaneuver"],"picked":"Backflip","floor":1.0},{"not_picked":["Dagger Throw","Distraction"],"picked":"Leg Sweep","floor":8.0},{"not_picked":["Endless Agony","Finisher"],"picked":"Corpse Explosion","floor":11.0},{"not_picked":["Finisher","Acrobatics"],"picked":"Tactician","floor":12.0},{"not_picked":["PiercingWail","Dagger Throw"],"picked":"Prepared","floor":14.0},{"not_picked":["Unload","A Thousand Cuts"],"picked":"Night Terror","floor":16.0},{"not_picked":["Cloak And Dagger","Blade Dance"],"picked":"Backflip","floor":18.0},{"not_picked":["Poisoned Stab","All Out Attack","Quick Slash"],"picked":"SKIP","floor":20.0},{"not_picked":["Predator","Cloak And Dagger","Endless Agony+1"],"picked":"SKIP","floor":21.0},{"not_picked":["Underhanded Strike","Caltrops","All Out Attack"],"picked":"SKIP","floor":22.0},{"not_picked":["Flying Knee","All Out Attack"],"picked":"Concentrate","floor":25.0},{"not_picked":["Terror","Bane"],"picked":"PiercingWail","floor":28.0},{"not_picked":["Cloak And Dagger","Quick Slash","Slice"],"picked":"SKIP","floor":29.0},{"not_picked":["Backflip","Cloak And Dagger"],"picked":"Deadly Poison","floor":31.0},{"not_picked":["Slice","Dagger Throw+1"],"picked":"Noxious Fumes","floor":35.0},{"not_picked":["Blade Dance","Dagger Spray+1"],"picked":"Prepared","floor":36.0},{"not_picked":["Noxious Fumes","Expertise"],"picked":"Acrobatics","floor":37.0},{"not_picked":["Cloak And Dagger","Quick Slash"],"picked":"Reflex","floor":40.0},{"not_picked":["Cloak And Dagger+1","Quick Slash","Noxious Fumes"],"picked":"SKIP","floor":41.0},{"not_picked":["Poisoned Stab","Dagger Spray+1","Sucker Punch+1"],"picked":"SKIP","floor":46},{"not_picked":["Dash+1","Phantasmal Killer"],"picked":"Calculated Gamble","floor":47},{"not_picked":["Blade Dance+1","Finisher","Masterful Stab"],"picked":"SKIP","floor":48}],"player_experience":779870,"relics_obtained":[{"floor":7.0,"key":"Matryoshka"},{"floor":8.0,"key":"Pear"},{"floor":9.0,"key":"MawBank"},{"floor":9.0,"key":"Tough Bandages"},{"floor":14.0,"key":"Snake Skull"},{"floor":26.0,"key":"The Courier"},{"floor":26.0,"key":"Thread and Needle"},{"floor":29.0,"key":"Bottled Lightning"},{"floor":40.0,"key":"Bottled Tornado"},{"floor":43.0,"key":"PreservedInsect"},{"floor":47,"key":"Toxic Egg 2"}],"event_choices":[{"damage_healed":0.0,"max_hp_gain":0.0,"max_hp_loss":0.0,"gold_gain":0.0,"cards_transformed":["Strike_G"],"event_name":"Living Wall","player_choice":"Change","floor":2.0,"gold_loss":0.0,"damage_taken":0.0,"cards_obtained":["Prepared"]},{"damage_healed":0.0,"max_hp_gain":0.0,"max_hp_loss":0.0,"gold_gain":75.0,"event_name":"World of Goop","player_choice":"Gather Gold","floor":3.0,"gold_loss":0.0,"damage_taken":11.0},{"damage_healed":0.0,"max_hp_gain":0.0,"max_hp_loss":0.0,"gold_gain":0.0,"event_name":"Liars Game","player_choice":"Ignored","floor":5.0,"gold_loss":0.0,"damage_taken":0.0},{"damage_healed":0.0,"max_hp_gain":0.0,"max_hp_loss":0.0,"gold_gain":0.0,"event_name":"WeMeetAgain","player_choice":"Paid Gold","floor":13.0,"gold_loss":82.0,"damage_taken":0.0,"relics_obtained":["Blue Candle"]},{"cards_removed":["Strike_G"],"damage_healed":0.0,"max_hp_gain":0.0,"max_hp_loss":0.0,"gold_gain":0.0,"event_name":"Purifier","player_choice":"Purged","floor":24.0,"gold_loss":0.0,"damage_taken":0.0},{"damage_healed":0.0,"max_hp_gain":0.0,"max_hp_loss":0.0,"gold_gain":0.0,"event_name":"Tomb of Lord Red Mask","player_choice":"Ignored","floor":38.0,"gold_loss":0.0,"damage_taken":0.0},{"cards_removed":["Defend_G"],"damage_healed":0.0,"max_hp_gain":0.0,"max_hp_loss":0.0,"gold_gain":0.0,"event_name":"Falling","player_choice":"Removed Skill","floor":39.0,"gold_loss":0.0,"damage_taken":0.0},{"damage_healed":0.0,"max_hp_gain":0.0,"max_hp_loss":0.0,"gold_gain":0.0,"event_name":"Lab","player_choice":"Got Potions","floor":42.0,"gold_loss":0.0,"damage_taken":0.0}],"is_beta":false,"boss_relics":[{"not_picked":["White Beast Statue","WristBlade"],"picked":"Ring of the Serpent"},{"not_picked":["Velvet Choker","Pandora\u0027s Box"],"picked":"Fusion Hammer"}],"items_purged_floors":[4],"is_endless":false,"potions_floor_spawned":[1,12,16,20,25,29,33,36,37,48],"ascension_level":20}