{"gold_per_floor":[113,27,27,40,40,75,75,105,105,105,122,122,133,149,149,149],"floor_reached":16,"playtime":432,"items_purged":[],"score":270,"play_id":"391be039-dd02-40da-9270-f76cdef3522c","local_time":"20181213183025","is_ascension_mode":true,"campfire_choices":[{"data":"Underhanded Strike","floor":7.0,"key":"SMITH"},{"floor":10,"key":"REST"},{"data":"Neutralize","floor":12,"key":"SMITH"},{"data":"Calculated Gamble","floor":15,"key":"SMITH"}],"neow_cost":"NONE","seed_source_timestamp":503478718222,"circlet_count":0,"master_deck":["AscendersBane","Defend_G","Defend_G","Defend_G","Defend_G","Defend_G","Strike_G","Strike_G","Strike_G","Strike_G","Strike_G","Survivor","Neutralize+1","Underhanded Strike+1","Terror","Decay","Backflip","Well Laid Plans","Calculated Gamble+1","Escape Plan"],"special_seed":0,"relics":["Ring of the Snake","NeowsBlessing","WingedGreaves","Bronze Scales","Unceasing Top"],"potions_floor_usage":[8,14,16],"damage_taken":[{"damage":0.0,"enemies":"Cultist","floor":1.0,"turns":1.0},{"damage":0.0,"enemies":"Small Slimes","floor":4.0,"turns":1.0},{"damage":0.0,"enemies":"Lagavulin","floor":6.0,"turns":1.0},{"damage":58,"enemies":"Gremlin Nob","floor":8,"turns":5},{"damage":3,"enemies":"2 Louse","floor":11,"turns":3},{"damage":12,"enemies":"Exordium Wildlife","floor":13,"turns":8},{"damage":3,"enemies":"Lots of Slimes","floor":14,"turns":4},{"damage":2,"enemies":"Slime Boss","floor":16,"turns":3}],"seed_played":"-664453751887434967","potions_obtained":[{"floor":4.0,"key":"LiquidBronze"},{"floor":8,"key":"AttackPotion"},{"floor":13,"key":"Fire Potion"}],"is_trial":false,"path_per_floor":["M","$","?","M","$","E","R","E","T","R","M","R","M","M","R","B"],"character_chosen":"THE_SILENT","items_purchased":["Terror"],"campfire_rested":1,"item_purchase_floors":[2],"current_hp_per_floor":[59,59,59,59,59,59,59,1,1,20,17,17,5,2,2,0],"gold":149,"neow_bonus":"THREE_ENEMY_KILL","is_prod":false,"is_daily":false,"chose_seed":false,"campfire_upgraded":3,"win_rate":0,"timestamp":1544697025,"path_taken":["M","?","?","M","$","E","R","E","T","R","?","R","M","M","R","BOSS"],"build_version":"2018-12-06","purchased_purges":0,"victory":false,"max_hp_per_floor":[66,66,66,66,66,66,66,66,66,66,66,66,66,66,66,66],"card_choices":[{"not_picked":["PiercingWail","Choke"],"picked":"Underhanded Strike","floor":1.0},{"not_picked":["Cloak And Dagger","Bane"],"picked":"Backflip","floor":4.0},{"not_picked":["Slice","Cloak And Dagger"],"picked":"Well Laid Plans","floor":6.0},{"not_picked":["Backflip","Noxious Fumes","Bane"],"picked":"SKIP","floor":8},{"not_picked":["Leg Sweep","Skewer","Dodge and Roll"],"picked":"SKIP","floor":11},{"not_picked":["Leg Sweep","Skewer","Dodge and Roll"],"picked":"SKIP","floor":11},{"not_picked":["Setup","Prepared"],"picked":"Calculated Gamble","floor":13},{"not_picked":["Well Laid Plans","Backflip"],"picked":"Escape Plan","floor":14}],"player_experience":2375569,"relics_obtained":[{"floor":6.0,"key":"WingedGreaves"},{"floor":8,"key":"Bronze Scales"},{"floor":9,"key":"Unceasing Top"}],"event_choices":[{"damage_healed":0.0,"max_hp_gain":0.0,"max_hp_loss":0.0,"gold_gain":0.0,"event_name":"Wheel of Change","player_choice":"Cursed","floor":3.0,"gold_loss":0.0,"damage_taken":0.0,"cards_obtained":["Decay"]}],"is_beta":false,"boss_relics":[],"items_purged_floors":[],"is_endless":false,"potions_floor_spawned":[4,8,13],"killed_by":"Slime Boss","ascension_level":20}