{"gold_per_floor":[111,129,142,142,154,154,181,181,181,181,198,230,250,107,107,204,204,222,182,197,209,220,73,73],"floor_reached":24,"playtime":838,"items_purged":["Strike_B"],"score":273,"play_id":"41e4a58d-2f40-4050-8d52-022dea359cee","local_time":"25611115120155","is_ascension_mode":true,"campfire_choices":[{"data":"White Noise","floor":6.0,"key":"SMITH"},{"floor":8.0,"key":"REST"},{"data":"Streamline","floor":10.0,"key":"SMITH"},{"floor":15.0,"key":"REST"}],"neow_cost":"CURSE","seed_source_timestamp":7191679372273,"circlet_count":0,"master_deck":["Strike_B","Strike_B","Strike_B","Defend_B","Defend_B","Defend_B","Defend_B","Zap","Dualcast","Amplify","Rebound","Hello World","White Noise+1","Streamline+1","Rip and Tear","Ball Lightning","Heatsinks","Electrodynamics","Auto Shields","Buffer","Stack+1"],"special_seed":0,"relics":["FrozenCore","Dodecahedron","Shuriken","Question Card","Omamori"],"potions_floor_usage":[22,24,24],"damage_taken":[{"damage":6.0,"enemies":"Small Slimes","floor":1.0,"turns":3.0},{"damage":1.0,"enemies":"Cultist","floor":2.0,"turns":3.0},{"damage":0.0,"enemies":"2 Louse","floor":3.0,"turns":1.0},{"damage":0.0,"enemies":"Gremlin Gang","floor":5.0,"turns":2.0},{"damage":24.0,"enemies":"Gremlin Nob","floor":7.0,"turns":4.0},{"damage":16.0,"enemies":"2 Fungi Beasts","floor":11.0,"turns":3.0},{"damage":15.0,"enemies":"3 Sentries","floor":12.0,"turns":5.0},{"damage":0.0,"enemies":"Large Slime","floor":13.0,"turns":3.0},{"damage":16.0,"enemies":"Slime Boss","floor":16.0,"turns":6.0},{"damage":6.0,"enemies":"Chosen","floor":18.0,"turns":3.0},{"damage":2.0,"enemies":"3 Byrds","floor":20.0,"turns":3.0},{"damage":16,"enemies":"Centurion and Healer","floor":21,"turns":7},{"damage":12,"enemies":"Cultist and Chosen","floor":22,"turns":6},{"damage":33,"enemies":"Shelled Parasite and Fungi","floor":24,"turns":5}],"seed_played":"-7057773392053416206","potions_obtained":[{"floor":2.0,"key":"Explosive Potion"},{"floor":7.0,"key":"Weak Potion"},{"floor":12.0,"key":"Weak Potion"},{"floor":13.0,"key":"Explosive Potion"},{"floor":19.0,"key":"EntropicBrew"},{"floor":19.0,"key":"FearPotion"},{"floor":19.0,"key":"Swift Potion"},{"floor":21,"key":"Weak Potion"}],"is_trial":false,"path_per_floor":["M","M","M","?","M","R","E","R","T","R","M","E","M","$","R","B",null,"M","?","M","M","M","$","M"],"character_chosen":"DEFECT","items_purchased":["Heatsinks","Omamori"],"campfire_rested":2,"item_purchase_floors":[14,23],"current_hp_per_floor":[62,61,61,61,61,61,37,59,59,59,43,28,28,28,50,34,65,59,59,57,41,29,29,0],"gold":73,"neow_bonus":"THREE_RARE_CARDS","is_prod":false,"is_daily":false,"chose_seed":false,"campfire_upgraded":2,"win_rate":0,"timestamp":1542258115,"path_taken":["M","M","M","?","M","R","E","R","T","R","?","E","M","$","R","BOSS","M","?","M","M","M","$","?"],"build_version":"2018-11-08","purchased_purges":1,"victory":false,"max_hp_per_floor":[75,75,75,75,75,75,75,75,75,75,75,75,75,75,75,75,75,75,75,75,75,75,75,75],"card_choices":[{"not_picked":["Core Surge","Multi-Cast"],"picked":"Amplify","floor":0.0},{"not_picked":["Beam Cell","Hologram"],"picked":"Rebound","floor":1.0},{"not_picked":["Storm","Consume"],"picked":"Hello World","floor":2.0},{"not_picked":["Go for the Eyes","Skim","Redo"],"picked":"SKIP","floor":3.0},{"not_picked":["Compile Driver","Turbo"],"picked":"White Noise","floor":5.0},{"not_picked":["Chaos","Reinforced Body"],"picked":"Streamline","floor":7.0},{"not_picked":["Seek","Cold Snap"],"picked":"Rip and Tear","floor":11.0},{"not_picked":["Sweeping Beam","Compile Driver"],"picked":"Ball Lightning","floor":12.0},{"not_picked":["Steam Power","Cold Snap","Skim","Redo"],"picked":"SKIP","floor":13.0},{"not_picked":["Multi-Cast","Reboot","Thunder Strike"],"picked":"Electrodynamics","floor":16.0},{"not_picked":["Coolheaded","Ball Lightning","Gash+1"],"picked":"Auto Shields","floor":18.0},{"not_picked":["Steam","Sunder","Compile Driver"],"picked":"Buffer","floor":20.0},{"not_picked":["Conserve Battery","Cold Snap+1","Ball Lightning"],"picked":"Stack+1","floor":21},{"not_picked":["Storm+1","Chaos","Stack","Coolheaded"],"picked":"SKIP","floor":22}],"player_experience":135539,"relics_obtained":[{"floor":7.0,"key":"Dodecahedron"},{"floor":9.0,"key":"Shuriken"},{"floor":12.0,"key":"Question Card"}],"event_choices":[{"cards_removed":["Clumsy"],"damage_healed":0.0,"max_hp_gain":0.0,"max_hp_loss":0.0,"gold_gain":0.0,"event_name":"Fountain of Cleansing","player_choice":"Removed Curses","floor":4.0,"gold_loss":0.0,"damage_taken":0.0},{"damage_healed":0.0,"max_hp_gain":0.0,"max_hp_loss":0.0,"gold_gain":0.0,"event_name":"The Woman in Blue","player_choice":"Bought 3 Potions","floor":19.0,"gold_loss":0.0,"damage_taken":0.0}],"is_beta":false,"boss_relics":[{"not_picked":["Fusion Hammer","Snecko Eye"],"picked":"FrozenCore"}],"items_purged_floors":[14],"is_endless":false,"potions_floor_spawned":[2,7,12,13,21],"killed_by":"Shelled Parasite and Fungi","ascension_level":6}