{"gold_per_floor":[114,114,127,52,52,52,83,83,83,83,102,137,164,187,187,283,283,301,301,301,29,49,49,83,83,83,115,115,115,129,156,156,230,230,250,305,79,93,10,10,36,86,86,113,123,139,174,194,194,194,194,194,194,42,77,77],"floor_reached":57,"playtime":5451,"items_purged":["Strike_R"],"score":2758,"play_id":"1ede0b05-3eb9-4c80-af2c-204fe1d68ea4","local_time":"20190322175231","is_ascension_mode":true,"campfire_choices":[{"data":"Perfected Strike","floor":6,"key":"SMITH"},{"floor":8,"key":"REST"},{"data":"Armaments","floor":10,"key":"SMITH"},{"data":"Perfected Strike","floor":15,"key":"SMITH"},{"data":"Ghostly","floor":23,"key":"SMITH"},{"data":"Ghostly","floor":25,"key":"SMITH"},{"floor":29,"key":"REST"},{"data":"Bash","floor":32,"key":"SMITH"},{"data":"Ghostly","floor":40,"key":"SMITH"},{"floor":49,"key":"RECALL"},{"data":"Spot Weakness","floor":53,"key":"SMITH"}],"neow_cost":"NONE","seed_source_timestamp":212461118973900,"circlet_count":0,"master_deck":["AscendersBane","Strike_R","Strike_R","Strike_R","Defend_R","Defend_R+1","Defend_R+1","Defend_R","Bash+1","Armaments+1","Pommel Strike","Perfected Strike+1","Wild Strike","Perfected Strike+1","Feed","Twin Strike","Ghostly+1","Ghostly+1","Ghostly+1","Thunderclap","Spot Weakness+1","Pommel Strike","Offering","Reaper","Twin Strike","Corruption","Clothesline+1","Shrug It Off","Seeing Red+1","Flame Barrier","Armaments+1"],"relics":["Burning Blood","Bloody Idol","Blood Vial","Incense Burner","Bronze Scales","Centennial Puzzle","Runic Pyramid","Paper Frog","Anchor","Strawberry","Bag of Preparation","Pear","Philosopher\u0027s Stone","Torii","War Paint","Ice Cream","Self Forming Clay","Red Skull"],"potions_floor_usage":[12,16,22,27,41,50,50,56,56],"damage_taken":[{"damage":4,"enemies":"2 Louse","floor":1,"turns":4},{"damage":7,"enemies":"Jaw Worm","floor":3,"turns":4},{"damage":45,"enemies":"3 Sentries","floor":7,"turns":14},{"damage":7,"enemies":"Small Slimes","floor":11,"turns":4},{"damage":25,"enemies":"Gremlin Nob","floor":12,"turns":4},{"damage":12,"enemies":"Exordium Wildlife","floor":14,"turns":3},{"damage":20,"enemies":"The Guardian","floor":16,"turns":12},{"damage":12,"enemies":"Chosen","floor":18,"turns":5},{"damage":8,"enemies":"Shell Parasite","floor":22,"turns":4},{"damage":26,"enemies":"Book of Stabbing","floor":24,"turns":5},{"damage":38,"enemies":"Slavers","floor":27,"turns":7},{"damage":10,"enemies":"Snecko","floor":30,"turns":6},{"damage":13,"enemies":"Book of Stabbing","floor":31,"turns":5},{"damage":17,"enemies":"Champ","floor":33,"turns":14},{"damage":12,"enemies":"3 Darklings","floor":35,"turns":4},{"damage":13,"enemies":"2 Orb Walkers","floor":36,"turns":5},{"damage":13,"enemies":"3 Shapes","floor":38,"turns":6},{"damage":3,"enemies":"Nemesis","floor":41,"turns":7},{"damage":8,"enemies":"Giant Head","floor":44,"turns":6},{"damage":7,"enemies":"3 Darklings","floor":45,"turns":5},{"damage":7,"enemies":"Maw","floor":46,"turns":7},{"damage":24,"enemies":"Reptomancer","floor":47,"turns":8},{"damage":2,"enemies":"Spire Growth","floor":48,"turns":6},{"damage":63,"enemies":"Awakened One","floor":50,"turns":14},{"damage":50,"enemies":"Time Eater","floor":51,"turns":10},{"damage":62,"enemies":"Shield and Spear","floor":55,"turns":8},{"damage":77,"enemies":"The Heart","floor":56,"turns":11}],"seed_played":"-116092494167275692","potions_obtained":[{"floor":1,"key":"SkillPotion"},{"floor":7,"key":"Swift Potion"},{"floor":12,"key":"BloodPotion"},{"floor":14,"key":"Weak Potion"},{"floor":22,"key":"Ancient Potion"},{"floor":30,"key":"SpeedPotion"},{"floor":36,"key":"Swift Potion"},{"floor":45,"key":"Block Potion"}],"is_trial":false,"path_per_floor":["M","?","M","?","?","R","E","R","T","R","M","E","T","M","R","B",null,"M","?","?","$","M","R","E","R","T","E","?","R","M","E","R","B",null,"M","?","$","M","$","R","E","?","T","E","M","M","E","M","R","B","B",null,"R","$","E","B",null],"character_chosen":"IRONCLAD","items_purchased":["Paper Frog","Reaper","Corruption","Flame Barrier","Energy Potion","SteroidPotion"],"campfire_rested":2,"item_purchase_floors":[21,37,39,54,54,54],"current_hp_per_floor":[70,68,67,67,67,67,28,48,48,48,49,32,32,28,28,16,55,55,55,36,36,40,40,28,28,35,13,13,28,34,44,44,44,64,68,71,71,75,75,75,84,76,76,85,92,95,99,102,102,73,54,96,96,96,65,21],"gold":77,"neow_bonus":"THREE_CARDS","is_prod":false,"is_daily":false,"chose_seed":false,"campfire_upgraded":8,"win_rate":0,"timestamp":1553277151,"path_taken":["M","?","M","?","?","R","E","R","T","R","M","E","?","M","R","BOSS","M","?","?","$","M","R","E","R","T","E","?","R","M","E","R","BOSS","M","?","$","M","?","R","E","?","T","E","M","M","E","M","R","BOSS","BOSS","R","$","E","BOSS"],"build_version":"2019-01-23","purchased_purges":1,"victory":true,"max_hp_per_floor":[75,68,68,68,68,68,68,68,68,68,68,68,68,68,68,68,68,72,72,36,36,40,40,43,43,50,53,53,53,56,66,66,70,70,73,76,76,80,80,80,84,84,84,88,92,95,99,102,102,106,110,110,110,110,114,118],"card_choices":[{"not_picked":["Metallicize","Havoc"],"picked":"Armaments","floor":0},{"not_picked":["Intimidate","Armaments"],"picked":"Pommel Strike","floor":1},{"not_picked":["Havoc","Burning Pact"],"picked":"Perfected Strike","floor":3},{"not_picked":["Pummel","Corruption"],"picked":"Wild Strike","floor":7},{"not_picked":["Bloodletting","Headbutt","Wild Strike"],"picked":"SKIP","floor":11},{"not_picked":["Pummel","Sentinel"],"picked":"Perfected Strike","floor":12},{"not_picked":["Anger","Feel No Pain","Flex"],"picked":"SKIP","floor":14},{"not_picked":["Limit Break","Offering"],"picked":"Feed","floor":16},{"not_picked":["Sword Boomerang","Body Slam"],"picked":"Twin Strike","floor":18},{"not_picked":["Headbutt","Uppercut"],"picked":"Thunderclap","floor":22},{"not_picked":["Shrug It Off","Sword Boomerang"],"picked":"Spot Weakness","floor":24},{"not_picked":["Dropkick","Sentinel","Carnage"],"picked":"SKIP","floor":27},{"not_picked":["Pommel Strike","Sword Boomerang","Blood for Blood"],"picked":"SKIP","floor":30},{"not_picked":["Juggernaut","Wild Strike"],"picked":"Pommel Strike","floor":31},{"not_picked":["Exhume","Feed"],"picked":"Offering","floor":33},{"not_picked":["Havoc","Power Through","Clash"],"picked":"SKIP","floor":35},{"not_picked":["Flex+1","Anger"],"picked":"Twin Strike","floor":38},{"not_picked":["Wild Strike+1","Clothesline","Corruption+1"],"picked":"SKIP","floor":41},{"not_picked":["Wild Strike+1","Clothesline","Corruption+1"],"picked":"SKIP","floor":41},{"not_picked":["Evolve","Immolate"],"picked":"Clothesline+1","floor":44},{"not_picked":["Iron Wave+1","Twin Strike"],"picked":"Shrug It Off","floor":45},{"not_picked":["Intimidate","Sentinel"],"picked":"Seeing Red+1","floor":46},{"not_picked":["Blood for Blood","Iron Wave","Clothesline"],"picked":"SKIP","floor":47},{"not_picked":["Iron Wave+1","Anger+1","Wild Strike"],"picked":"SKIP","floor":48},{"not_picked":["Feed","Sword Boomerang+1"],"picked":"Armaments+1","floor":55}],"player_experience":2302297,"relics_obtained":[{"floor":7,"key":"Blood Vial"},{"floor":9,"key":"Incense Burner"},{"floor":12,"key":"Bronze Scales"},{"floor":13,"key":"Centennial Puzzle"},{"floor":24,"key":"Anchor"},{"floor":26,"key":"Strawberry"},{"floor":27,"key":"Bag of Preparation"},{"floor":31,"key":"Pear"},{"floor":36,"key":"Torii"},{"floor":41,"key":"War Paint"},{"floor":44,"key":"Ice Cream"},{"floor":47,"key":"Self Forming Clay"},{"floor":55,"key":"Red Skull"}],"event_choices":[{"damage_healed":0,"gold_gain":0,"player_choice":"Lose Max HP","damage_taken":0,"relics_obtained":["Golden Idol"],"max_hp_gain":0,"max_hp_loss":7,"event_name":"Golden Idol","floor":2,"gold_loss":0},{"cards_removed":["Strike_R"],"damage_healed":0,"gold_gain":0,"player_choice":"Card Removal","damage_taken":0,"max_hp_gain":0,"max_hp_loss":0,"event_name":"The Cleric","floor":4,"gold_loss":75},{"damage_healed":0,"gold_gain":0,"player_choice":"Ignored","damage_taken":0,"max_hp_gain":0,"max_hp_loss":0,"event_name":"Liars Game","floor":5,"gold_loss":0},{"damage_healed":0,"gold_gain":0,"player_choice":"Gave Idol","damage_taken":0,"relics_obtained":["Bloody Idol"],"max_hp_gain":0,"max_hp_loss":0,"event_name":"Forgotten Altar","floor":19,"relics_lost":["Golden Idol"],"gold_loss":0},{"damage_healed":0,"gold_gain":0,"player_choice":"Became a Ghost","damage_taken":0,"max_hp_gain":0,"max_hp_loss":36,"event_name":"Ghosts","floor":20,"gold_loss":0,"cards_obtained":["Ghostly","Ghostly","Ghostly"]},{"damage_healed":0,"gold_gain":0,"player_choice":"Ignored","damage_taken":0,"max_hp_gain":0,"max_hp_loss":0,"event_name":"Vampires","floor":28,"gold_loss":0},{"damage_healed":0,"gold_gain":0,"player_choice":"Fight","damage_taken":0,"max_hp_gain":0,"max_hp_loss":0,"event_name":"Mysterious Sphere","floor":36,"gold_loss":0},{"damage_healed":0,"gold_gain":50,"player_choice":"Touch","damage_taken":8,"max_hp_gain":0,"max_hp_loss":0,"event_name":"FaceTrader","floor":42,"gold_loss":0}],"is_beta":false,"boss_relics":[{"not_picked":["Ectoplasm","Black Star"],"picked":"Runic Pyramid"},{"not_picked":["Orrery","Mark of Pain"],"picked":"Philosopher\u0027s Stone"}],"items_purged_floors":[37],"is_endless":false,"potions_floor_spawned":[1,7,12,14,22,30,36,45,48],"ascension_level":20}