{"gold_per_floor":[117,9,25,25,2,2,36,54,107,140,140,153,153,176,176,247,247,258,277,277,290,290,290,51,65,118,177,177,202,214,234,234,313,313,323,248,266,6,19,19,49,63,63,80,97,97,97,108,108,108],"floor_reached":51,"playtime":2396,"items_purged":["Strike_B"],"score":1238,"play_id":"f1b53c66-9c26-49ea-8ff8-8dfdddf48a6c","local_time":"20181003100005","is_ascension_mode":true,"campfire_choices":[{"data":"Go for the Eyes","floor":6.0,"key":"SMITH"},{"floor":13.0,"key":"REST"},{"floor":15.0,"key":"REST"},{"data":"Loop","floor":23.0,"key":"SMITH"},{"floor":32.0,"key":"REST"},{"data":"Seek","floor":40.0,"key":"SMITH"},{"floor":46,"key":"REST"},{"floor":49,"key":"REST"}],"neow_cost":"NONE","seed_source_timestamp":92345871085739,"circlet_count":0,"master_deck":["Strike_B","Strike_B","Strike_B","Defend_B","Defend_B","Defend_B+1","Defend_B","Zap+1","Dualcast","AscendersBane","Cold Snap","Ball Lightning","Go for the Eyes+1","Undo+1","Steam","Loop+1","FTL","Sweeping Beam","Seek+1","Electrodynamics","Coolheaded+1","Biased Cognition","Glacier","Glacier","Compile Driver","Reinforced Body","Ball Lightning+1","Stack","Core Surge","BootSequence","Fission","Compile Driver"],"special_seed":0,"relics":["Cracked Core","War Paint","Blood Vial","Happy Flower","Bronze Scales","Odd Mushroom","Velvet Choker","Bottled Lightning","Strawberry","Tiny Chest","MutagenicStrength","Potion Belt","Nuclear Battery","Mummified Hand","Pocketwatch","Ginger","NlothsMask"],"potions_floor_usage":[50,50,50,50],"damage_taken":[{"damage":7.0,"enemies":"Small Slimes","floor":1.0,"turns":3.0},{"damage":7.0,"enemies":"Jaw Worm","floor":3.0,"turns":3.0},{"damage":8.0,"enemies":"3 Sentries","floor":7.0,"turns":8.0},{"damage":0.0,"enemies":"Cultist","floor":8.0,"turns":3.0},{"damage":13.0,"enemies":"Gremlin Nob","floor":10.0,"turns":4.0},{"damage":13.0,"enemies":"Large Slime","floor":12.0,"turns":4.0},{"damage":14.0,"enemies":"The Mushroom Lair","floor":14.0,"turns":3.0},{"damage":20.0,"enemies":"Slime Boss","floor":16.0,"turns":9.0},{"damage":0.0,"enemies":"Chosen","floor":18.0,"turns":4.0},{"damage":13.0,"enemies":"Shell Parasite","floor":19.0,"turns":5.0},{"damage":6.0,"enemies":"Snecko","floor":21.0,"turns":4.0},{"damage":0.0,"enemies":"Centurion and Healer","floor":25.0,"turns":8.0},{"damage":9.0,"enemies":"Book of Stabbing","floor":27.0,"turns":5.0},{"damage":3.0,"enemies":"Gremlin Leader","floor":29.0,"turns":5.0},{"damage":0.0,"enemies":"Chosen and Byrds","floor":30.0,"turns":4.0},{"damage":18.0,"enemies":"Snake Plant","floor":31.0,"turns":4.0},{"damage":1.0,"enemies":"Automaton","floor":33.0,"turns":8.0},{"damage":6.0,"enemies":"3 Darklings","floor":35.0,"turns":4.0},{"damage":0.0,"enemies":"3 Shapes","floor":37.0,"turns":2.0},{"damage":11.0,"enemies":"3 Darklings","floor":39.0,"turns":3.0},{"damage":68.0,"enemies":"Giant Head","floor":41.0,"turns":11.0},{"damage":0.0,"enemies":"4 Shapes","floor":42.0,"turns":3.0},{"damage":0.0,"enemies":"Sphere and 2 Shapes","floor":44.0,"turns":3.0},{"damage":0,"enemies":"3 Darklings","floor":45,"turns":3},{"damage":0,"enemies":"Maw","floor":48,"turns":7},{"damage":1,"enemies":"Donu and Deca","floor":50,"turns":9}],"seed_played":"2934042525127837432","potions_obtained":[{"floor":1.0,"key":"EssenceOfSteel"},{"floor":8.0,"key":"SpeedPotion"},{"floor":10.0,"key":"FocusPotion"},{"floor":21.0,"key":"Ancient Potion"},{"floor":30.0,"key":"Fire Potion"},{"floor":35.0,"key":"SteroidPotion"},{"floor":41.0,"key":"Block Potion"},{"floor":48,"key":"Ancient Potion"}],"is_trial":false,"path_per_floor":["M","$","M","?","$","R","E","M","T","E","?","M","R","?","R","B",null,"M","M","?","M","?","R","$","M","T","E","?","E","M","M","R","B",null,"M","$","M","$","M","R","E","M","T","M","M","R","?","M","R","B"],"character_chosen":"DEFECT","items_purchased":["Ball Lightning","Go for the Eyes","Steam","Bottled Lightning","Mummified Hand"],"campfire_rested":5,"item_purchase_floors":[2,2,5,24,38],"current_hp_per_floor":[64,64,57,57,57,57,49,49,49,38,20,9,32,20,43,25,65,67,56,56,52,52,52,52,54,61,54,54,53,55,39,64,65,80,76,76,78,78,69,69,3,5,5,7,9,34,34,36,61,62],"gold":108,"neow_bonus":"TEN_PERCENT_HP_BONUS","is_prod":false,"is_daily":false,"chose_seed":false,"campfire_upgraded":3,"win_rate":0,"timestamp":1538586005,"path_taken":["M","$","M","?","?","R","E","M","T","E","?","?","R","?","R","BOSS","M","M","?","M","?","R","$","M","T","E","?","E","?","M","R","BOSS","M","$","M","$","M","R","E","M","T","M","M","R","?","M","R","BOSS"],"build_version":"2018-09-27","purchased_purges":1,"victory":true,"max_hp_per_floor":[78,78,78,78,78,78,78,78,78,78,78,78,78,78,78,78,78,78,78,78,78,78,78,78,78,85,85,85,85,85,85,85,85,85,85,85,85,85,85,85,85,85,85,85,85,85,85,85,85,85],"card_choices":[{"not_picked":["Lockon","Sweeping Beam"],"picked":"Cold Snap","floor":1.0},{"not_picked":["Reprogram","Turbo"],"picked":"Undo","floor":3.0},{"not_picked":["Recycle","Sweeping Beam","Scrape"],"picked":"SKIP","floor":7.0},{"not_picked":["Redo","Streamline"],"picked":"Loop","floor":8.0},{"not_picked":["Reprogram","Compile Driver"],"picked":"FTL","floor":10.0},{"not_picked":["Skim","Turbo"],"picked":"Sweeping Beam","floor":12.0},{"not_picked":["Sweeping Beam","Turbo"],"picked":"Seek","floor":14.0},{"not_picked":["Machine Learning","Reboot"],"picked":"Electrodynamics","floor":16.0},{"not_picked":["Steam","Barrage","Redo"],"picked":"SKIP","floor":18.0},{"not_picked":["Hologram","Streamline"],"picked":"Coolheaded+1","floor":19.0},{"not_picked":["Rip and Tear","Aggregate"],"picked":"Glacier","floor":21.0},{"not_picked":["Barrage","Stack"],"picked":"Compile Driver","floor":25.0},{"not_picked":["Rip and Tear","Hologram"],"picked":"Reinforced Body","floor":27.0},{"not_picked":["Beam Cell","Streamline"],"picked":"Ball Lightning+1","floor":29.0},{"not_picked":["Force Field","Meteor Strike"],"picked":"Stack","floor":30.0},{"not_picked":["Force Field","Steam","Go for the Eyes"],"picked":"SKIP","floor":31.0},{"not_picked":["Reboot","Rainbow"],"picked":"Core Surge","floor":33.0},{"not_picked":["Lockon","Sweeping Beam+1","Conserve Battery"],"picked":"SKIP","floor":35.0},{"not_picked":["Leap","Double Energy","Hologram"],"picked":"SKIP","floor":37.0},{"not_picked":["Hologram","Redo+1","Conserve Battery"],"picked":"SKIP","floor":39.0},{"not_picked":["Leap","Go for the Eyes"],"picked":"BootSequence","floor":41.0},{"not_picked":["Steam+1","Sweeping Beam"],"picked":"Fission","floor":42.0},{"not_picked":["Redo+1","Conserve Battery","Sweeping Beam"],"picked":"SKIP","floor":44.0},{"not_picked":["Streamline","Hologram","BootSequence"],"picked":"SKIP","floor":45},{"not_picked":["Coolheaded","Beam Cell"],"picked":"Compile Driver","floor":48}],"player_experience":1240428,"relics_obtained":[{"floor":7.0,"key":"War Paint"},{"floor":9.0,"key":"Blood Vial"},{"floor":10.0,"key":"Happy Flower"},{"floor":14.0,"key":"Odd Mushroom"},{"floor":26.0,"key":"Strawberry"},{"floor":27.0,"key":"Tiny Chest"},{"floor":29.0,"key":"Potion Belt"},{"floor":41.0,"key":"Pocketwatch"},{"floor":43.0,"key":"Ginger"}],"event_choices":[{"event_name":"Living Wall","player_choice":"Grow","floor":4.0,"damage_taken":0.0},{"event_name":"Scrap Ooze","player_choice":"success","floor":11.0,"damage_taken":18.0},{"event_name":"Mushrooms","player_choice":"Fought Mushrooms","floor":14.0,"damage_taken":0.0},{"event_name":"The Library","player_choice":"Read","floor":20.0,"damage_taken":0.0},{"event_name":"Duplicator","player_choice":"One dupe","floor":22.0,"damage_taken":0.0},{"event_name":"Drug Dealer","player_choice":"Inject Mutagens","floor":28.0,"damage_taken":0.0},{"event_name":"FaceTrader","player_choice":"Trade","floor":47,"damage_taken":0}],"is_beta":false,"boss_relics":[{"not_picked":["Tiny House","Lizard Tail"],"picked":"Velvet Choker"},{"not_picked":["Coffee Dripper","Orrery"],"picked":"Nuclear Battery"}],"items_purged_floors":[36],"is_endless":false,"potions_floor_spawned":[1,8,10,16,21,25,30,35,41,45,48],"ascension_level":15}