{"gold_per_floor":[118,137,151,151,165,165,177,41,68,68,97,109,174,188,188,267,267,267,267,192,192,192,192,192,192,192,192,192,192,7,7,7,7,7,7,7,7,7],"floor_reached":38,"playtime":1490,"items_purged":["Strike_R","Strike_R"],"score":827,"play_id":"e35f9ba1-5cf5-4c2a-a70e-46d3ed129062","local_time":"20180910044601","is_ascension_mode":true,"campfire_choices":[{"data":"Shockwave","floor":6.0,"key":"SMITH"},{"floor":10.0,"key":"REST"},{"floor":15.0,"key":"REST"},{"data":"True Grit","floor":23.0,"key":"SMITH"},{"data":"Demon Form","floor":29.0,"key":"SMITH"},{"data":"Pummel","floor":32.0,"key":"SMITH"}],"neow_cost":"PERCENT_DAMAGE","seed_source_timestamp":3516948112949,"circlet_count":0,"master_deck":["Strike_R","Strike_R","Defend_R+1","Defend_R","Defend_R","Defend_R+1","Bash","AscendersBane","Demon Form+1","True Grit+1","Shockwave+1","Clothesline","Iron Wave","Anger","Shrug It Off","Pummel+1","Feel No Pain","Reaper","True Grit+1","Necronomicurse","Sword Boomerang","Sword Boomerang+1","Shrug It Off","Feed","Writhe","Sword Boomerang+1"],"special_seed":0,"relics":["Burning Blood","War Paint","Bronze Scales","Tiny Chest","Ectoplasm","Necronomicon","Ornamental Fan","Pen Nib","Bag of Marbles","Omamori","Turnip","Calling Bell","Art of War","Darkstone Periapt","Peace Pipe"],"potions_floor_usage":[38],"damage_taken":[{"damage":9.0,"enemies":"Jaw Worm","floor":1.0,"turns":4.0},{"damage":7.0,"enemies":"2 Louse","floor":2.0,"turns":4.0},{"damage":3.0,"enemies":"Small Slimes","floor":3.0,"turns":6.0},{"damage":8.0,"enemies":"Red Slaver","floor":5.0,"turns":6.0},{"damage":25.0,"enemies":"Gremlin Gang","floor":7.0,"turns":7.0},{"damage":22.0,"enemies":"3 Sentries","floor":11.0,"turns":8.0},{"damage":5.0,"enemies":"Looter","floor":12.0,"turns":3.0},{"damage":29.0,"enemies":"Gremlin Nob","floor":13.0,"turns":4.0},{"damage":4.0,"enemies":"Exordium Wildlife","floor":14.0,"turns":4.0},{"damage":25.0,"enemies":"Slime Boss","floor":16.0,"turns":6.0},{"damage":5.0,"enemies":"Shell Parasite","floor":18.0,"turns":5.0},{"damage":9.0,"enemies":"Spheric Guardian","floor":21.0,"turns":5.0},{"damage":19.0,"enemies":"Book of Stabbing","floor":24.0,"turns":4.0},{"damage":7.0,"enemies":"Slavers","floor":27.0,"turns":2.0},{"damage":8.0,"enemies":"3 Cultists","floor":31.0,"turns":4.0},{"damage":57.0,"enemies":"Collector","floor":33.0,"turns":7.0},{"damage":17.0,"enemies":"Orb Walker","floor":35.0,"turns":4.0},{"damage":71.0,"enemies":"3 Darklings","floor":36.0,"turns":10.0},{"damage":36,"enemies":"Transient","floor":38,"turns":5}],"seed_played":"2479129405370684224","potions_obtained":[{"floor":1.0,"key":"Swift Potion"},{"floor":3.0,"key":"Strength Potion"},{"floor":7.0,"key":"Swift Potion"},{"floor":12.0,"key":"LiquidBronze"},{"floor":14.0,"key":"SkillPotion"},{"floor":18.0,"key":"LiquidBronze"},{"floor":24.0,"key":"AttackPotion"},{"floor":33.0,"key":"BloodPotion"},{"floor":36.0,"key":"Dexterity Potion"}],"is_trial":false,"path_per_floor":["M","M","M","?","M","R","M","$","T","R","E","M","E","M","R","B",null,"M","?","?","M","T","R","E","?","T","E","T","R","$","M","R","B",null,"M","M","?"],"character_chosen":"IRONCLAD","items_purchased":["Shrug It Off","Shrug It Off","Energy Potion"],"campfire_rested":2,"item_purchase_floors":[8,30,30],"current_hp_per_floor":[47,46,49,49,47,47,28,28,28,50,34,35,12,14,36,17,61,75,54,54,51,51,51,54,54,54,53,53,53,53,75,75,30,64,53,19,19,0],"gold":7,"neow_bonus":"THREE_RARE_CARDS","is_prod":false,"is_daily":false,"chose_seed":false,"campfire_upgraded":4,"win_rate":0,"timestamp":1536579961,"path_taken":["M","M","M","?","M","R","M","$","T","R","E","?","E","?","R","BOSS","M","?","?","M","?","R","E","?","T","E","?","R","$","?","R","BOSS","M","M","?","M"],"build_version":"2018-09-06","purchased_purges":2,"victory":false,"max_hp_per_floor":[75,75,75,75,75,75,75,75,75,75,75,75,75,75,75,75,75,75,75,75,75,75,75,75,75,75,75,75,75,75,75,75,75,75,75,75,75,75],"card_choices":[{"not_picked":["Dark Embrace","Juggernaut"],"picked":"Demon Form","floor":0.0},{"not_picked":["Evolve","Rupture"],"picked":"True Grit","floor":1.0},{"not_picked":["True Grit","Body Slam"],"picked":"Shockwave","floor":2.0},{"not_picked":["Perfected Strike","Flex"],"picked":"Clothesline","floor":3.0},{"not_picked":["Heavy Blade","Headbutt"],"picked":"Iron Wave","floor":5.0},{"not_picked":["Armaments","True Grit"],"picked":"Anger","floor":7.0},{"not_picked":["Shrug It Off","Heavy Blade"],"picked":"Pummel","floor":11.0},{"not_picked":["Thunderclap","Ghostly Armor","Rage"],"picked":"SKIP","floor":12.0},{"not_picked":["Sentinel","Perfected Strike","Sever Soul"],"picked":"SKIP","floor":13.0},{"not_picked":["Searing Blow","Sever Soul"],"picked":"Feel No Pain","floor":14.0},{"not_picked":["Brutality","Dark Embrace"],"picked":"Reaper","floor":16.0},{"not_picked":["Warcry","Iron Wave"],"picked":"True Grit","floor":18.0},{"not_picked":["Armaments","Clash"],"picked":"Sword Boomerang","floor":21.0},{"not_picked":["Spot Weakness","Body Slam"],"picked":"Sword Boomerang+1","floor":24.0},{"not_picked":["Shockwave+1","Anger+1","Rampage"],"picked":"SKIP","floor":27.0},{"not_picked":["Armaments","Flex","Intimidate+1"],"picked":"SKIP","floor":31.0},{"not_picked":["Brutality","Dark Embrace"],"picked":"Feed","floor":33.0},{"not_picked":["Cleave","Headbutt","Barricade"],"picked":"SKIP","floor":35.0},{"not_picked":["Headbutt","Flex+1"],"picked":"Sword Boomerang+1","floor":36.0}],"player_experience":1090913,"relics_obtained":[{"floor":9.0,"key":"War Paint"},{"floor":11.0,"key":"Bronze Scales"},{"floor":13.0,"key":"Tiny Chest"},{"floor":19.0,"key":"Necronomicon"},{"floor":22.0,"key":"Ornamental Fan"},{"floor":24.0,"key":"Pen Nib"},{"floor":26.0,"key":"Bag of Marbles"},{"floor":27.0,"key":"Omamori"},{"floor":28.0,"key":"Turnip"},{"floor":34.0,"key":"Art of War"},{"floor":34.0,"key":"Darkstone Periapt"},{"floor":34.0,"key":"Peace Pipe"}],"event_choices":[{"event_name":"Living Wall","player_choice":"Grow","floor":4.0,"damage_taken":0.0},{"event_name":"Cursed Tome","player_choice":"Obtained Book","floor":19.0,"damage_taken":0.0},{"event_name":"Beggar","player_choice":"Gave Gold","floor":20.0,"damage_taken":0.0},{"event_name":"Golden Shrine","player_choice":"Pray","floor":25.0,"damage_taken":0.0},{"event_name":"WeMeetAgain","player_choice":"Attack","floor":37,"damage_taken":0}],"is_beta":false,"boss_relics":[{"not_picked":["Black Star","Empty Cage"],"picked":"Ectoplasm"},{"not_picked":["Philosopher\u0027s Stone","Coffee Dripper"],"picked":"Calling Bell"}],"items_purged_floors":[8,30],"is_endless":false,"potions_floor_spawned":[1,3,7,12,14,18,24,33,36],"killed_by":"Transient","ascension_level":19}