{"gold_per_floor":[117,134,147,161,173,16,16,35,35,35,35,35,69,29,29,159,159,179,179,195,195,213,213,43,61,361,361,380,392,6,20,20,121,121,133,133,133],"floor_reached":37,"playtime":3296,"items_purged":["Strike_R","Strike_R","Strike_R"],"score":372,"play_id":"83d271d9-6056-4ae4-99ac-db205eb48e77","local_time":"20190504004222","is_ascension_mode":false,"campfire_choices":[{"data":"Metallicize","floor":7,"key":"SMITH"},{"data":"True Grit","floor":10,"key":"SMITH"},{"floor":15,"key":"REST"},{"floor":23,"key":"REST"},{"floor":32,"key":"REST"}],"neow_cost":"PERCENT_DAMAGE","seed_source_timestamp":1228523438844333,"circlet_count":0,"master_deck":["Strike_R","Strike_R","Defend_R","Defend_R","Defend_R","Defend_R","Bash","Battle Trance","Evolve","Rage","Fire Breathing","Disarm","Metallicize+1","True Grit+1","Pummel","Reaper","Armaments+1","Inflame","Metallicize","Infernal Blade","Infernal Blade","Flex","Feel No Pain+1","Infernal Blade","Mayhem","Dual Wield","Dark Embrace","Pummel"],"relics":["Burning Blood","Charon\u0027s Ashes","Mummified Hand","Bloody Idol","Red Skull","Fusion Hammer","Spirit Poop","Old Coin","Lizard Tail"],"potions_floor_usage":[33,33],"damage_taken":[{"damage":1,"enemies":"2 Louse","floor":1,"turns":4},{"damage":6,"enemies":"Small Slimes","floor":2,"turns":4},{"damage":9,"enemies":"Cultist","floor":3,"turns":4},{"damage":5,"enemies":"2 Fungi Beasts","floor":4,"turns":4},{"damage":11,"enemies":"Large Slime","floor":5,"turns":7},{"damage":3,"enemies":"Exordium Wildlife","floor":8,"turns":5},{"damage":41,"enemies":"Gremlin Nob","floor":13,"turns":7},{"damage":37,"enemies":"Slime Boss","floor":16,"turns":12},{"damage":18,"enemies":"Spheric Guardian","floor":18,"turns":6},{"damage":13,"enemies":"3 Byrds","floor":20,"turns":5},{"damage":5,"enemies":"Snake Plant","floor":22,"turns":6},{"damage":15,"enemies":"Centurion and Healer","floor":25,"turns":8},{"damage":2,"enemies":"Cultist and Chosen","floor":28,"turns":5},{"damage":0,"enemies":"Sentry and Sphere","floor":29,"turns":4},{"damage":4,"enemies":"Snecko","floor":31,"turns":6},{"damage":41,"enemies":"Collector","floor":33,"turns":9},{"damage":21,"enemies":"3 Darklings","floor":35,"turns":7},{"damage":161,"enemies":"Time Eater","floor":37,"turns":15}],"seed_played":"1484290817098746304","potions_obtained":[{"floor":1,"key":"LiquidBronze"},{"floor":3,"key":"AttackPotion"},{"floor":5,"key":"Weak Potion"},{"floor":8,"key":"LiquidBronze"},{"floor":25,"key":"FairyPotion"}],"is_trial":false,"path_per_floor":["M","M","M","M","M","$","R","M","T","R","?","$","E","?","R","B",null,"M","?","M","?","M","R","$","M","T","?","M","M","$","M","R","B",null,"M","?","B"],"character_chosen":"IRONCLAD","items_purchased":["Metallicize","Infernal Blade","Infernal Blade","Mayhem"],"campfire_rested":3,"item_purchase_floors":[6,24,30,30],"current_hp_per_floor":[61,61,58,59,54,54,54,57,57,57,57,57,22,22,46,15,80,68,68,68,68,74,80,80,71,71,71,80,80,80,80,80,68,80,80,80,0],"gold":133,"neow_bonus":"ONE_RARE_RELIC","is_prod":false,"is_daily":false,"chose_seed":false,"campfire_upgraded":2,"win_rate":0.0,"timestamp":1556923342,"path_taken":["M","M","M","M","M","$","R","M","T","R","?","$","E","?","R","BOSS","M","?","?","?","M","R","$","M","T","?","M","M","?","M","R","BOSS","M","?","BOSS"],"build_version":"2019-01-23","purchased_purges":3,"victory":false,"max_hp_per_floor":[80,80,80,80,80,80,80,80,80,80,80,80,80,80,80,80,80,80,80,80,80,80,80,80,80,80,80,80,80,80,80,80,80,80,80,80,80],"card_choices":[{"not_picked":["Carnage","Flex"],"picked":"Battle Trance","floor":1},{"not_picked":["Reckless Charge","Flex"],"picked":"Evolve","floor":2},{"not_picked":["Spot Weakness","Bloodletting"],"picked":"Rage","floor":3},{"not_picked":["Headbutt","Spot Weakness"],"picked":"Fire Breathing","floor":4},{"not_picked":["Sever Soul","Sword Boomerang"],"picked":"Disarm","floor":5},{"not_picked":["Warcry","Sword Boomerang"],"picked":"True Grit","floor":8},{"not_picked":["Anger","Perfected Strike"],"picked":"Pummel","floor":13},{"not_picked":["Barricade","Bludgeon"],"picked":"Reaper","floor":16},{"not_picked":["Pommel Strike","Sever Soul"],"picked":"Armaments+1","floor":18},{"not_picked":["Thunderclap+1","Clothesline"],"picked":"Inflame","floor":20},{"not_picked":["Rupture","Perfected Strike"],"picked":"Infernal Blade","floor":22},{"not_picked":["True Grit","Iron Wave"],"picked":"Flex","floor":25},{"not_picked":["Shrug It Off+1","Heavy Blade"],"picked":"Feel No Pain+1","floor":28},{"not_picked":["Bloodletting","Clothesline","Searing Blow"],"picked":"SKIP","floor":29},{"not_picked":["True Grit","Thunderclap+1"],"picked":"Dual Wield","floor":31},{"not_picked":["Offering","Fiend Fire"],"picked":"Dark Embrace","floor":33},{"not_picked":["Cleave+1","True Grit"],"picked":"Pummel","floor":35}],"player_experience":34550,"relics_obtained":[{"floor":9,"key":"Mummified Hand"},{"floor":13,"key":"Red Skull"},{"floor":26,"key":"Old Coin"}],"event_choices":[{"damage_healed":0,"gold_gain":0,"player_choice":"Take Wound","damage_taken":0,"relics_obtained":["Golden Idol"],"max_hp_gain":0,"max_hp_loss":0,"event_name":"Golden Idol","floor":11,"gold_loss":0,"cards_obtained":["Injury"]},{"damage_healed":0,"gold_gain":0,"player_choice":"Left Gold","damage_taken":0,"max_hp_gain":0,"max_hp_loss":0,"event_name":"World of Goop","floor":14,"gold_loss":40},{"cards_removed":["Injury"],"damage_healed":0,"gold_gain":0,"player_choice":"Offered Curse","damage_taken":0,"relics_obtained":["Spirit Poop"],"max_hp_gain":0,"max_hp_loss":0,"event_name":"Bonfire Elementals","floor":19,"gold_loss":0},{"damage_healed":0,"gold_gain":0,"player_choice":"Read","damage_taken":0,"max_hp_gain":0,"max_hp_loss":0,"event_name":"The Library","floor":21,"gold_loss":0,"cards_obtained":["Metallicize"]},{"damage_healed":0,"gold_gain":0,"player_choice":"Gave Idol","damage_taken":0,"relics_obtained":["Bloody Idol"],"max_hp_gain":0,"max_hp_loss":0,"event_name":"Forgotten Altar","floor":27,"relics_lost":["Golden Idol"],"gold_loss":0},{"damage_healed":0,"gold_gain":0,"player_choice":"Took Portal","damage_taken":0,"max_hp_gain":0,"max_hp_loss":0,"event_name":"SecretPortal","floor":36,"gold_loss":0}],"is_beta":false,"boss_relics":[{"not_picked":["Coffee Dripper","Velvet Choker"],"picked":"Fusion Hammer"},{"not_picked":["Black Blood","White Beast Statue"],"picked":"Lizard Tail"}],"items_purged_floors":[6,24,30],"is_endless":false,"potions_floor_spawned":[1,3,5,8,18,20,25,31],"killed_by":"Time Eater","ascension_level":0}