{"gold_per_floor":[360,360,374,385,241,241,270,270,270,270,270,282,300,314,314,417,417,429,528,547,462,479,479,779,779,779,806,818,830,842,854,866,878],"floor_reached":33,"playtime":949,"items_purged":[],"score":288,"play_id":"71804855-df88-448c-9004-d04e75e2a04a","local_time":"20190116020016","is_ascension_mode":false,"campfire_choices":[{"data":"Cleave","floor":6.0,"key":"SMITH"},{"floor":10.0,"key":"REST"},{"floor":15.0,"key":"REST"},{"data":"Seeing Red","floor":23.0,"key":"SMITH"},{"floor":25.0,"key":"REST"},{"floor":29.0,"key":"REST"},{"data":"True Grit","floor":32.0,"key":"SMITH"}],"neow_cost":"PERCENT_DAMAGE","seed_source_timestamp":350648645647019,"circlet_count":0,"master_deck":["Bash","Pommel Strike","Cleave+1","Rampage+1","Dropkick","Dual Wield","Seeing Red+1","Bludgeon","Whirlwind","Bludgeon","Juggernaut","Flame Barrier","Impervious","Corruption","Feel No Pain","Dark Embrace","Thunderclap","Flame Barrier+1","True Grit+1","Writhe"],"special_seed":0,"relics":["Burning Blood","PreservedInsect","Bird Faced Urn","Ornamental Fan","Pandora\u0027s Box","Pen Nib","Old Coin","Bottled Tornado","MawBank","Bag of Marbles"],"potions_floor_usage":[33,33],"damage_taken":[{"damage":10.0,"enemies":"Small Slimes","floor":1.0,"turns":3.0},{"damage":6.0,"enemies":"Cultist","floor":3.0,"turns":3.0},{"damage":13.0,"enemies":"Jaw Worm","floor":4.0,"turns":3.0},{"damage":14.0,"enemies":"Gremlin Nob","floor":7.0,"turns":3.0},{"damage":9.0,"enemies":"Blue Slaver","floor":12.0,"turns":3.0},{"damage":11.0,"enemies":"Red Slaver","floor":13.0,"turns":3.0},{"damage":10.0,"enemies":"Looter","floor":14.0,"turns":3.0},{"damage":46.0,"enemies":"Slime Boss","floor":16.0,"turns":7.0},{"damage":36.0,"enemies":"Shell Parasite","floor":18.0,"turns":5.0},{"damage":20.0,"enemies":"Spheric Guardian","floor":20.0,"turns":5.0},{"damage":8.0,"enemies":"Snecko","floor":22.0,"turns":3.0},{"damage":27.0,"enemies":"Slavers","floor":27.0,"turns":4.0},{"damage":81,"enemies":"Automaton","floor":33,"turns":8}],"seed_played":"2344348686255672116","potions_obtained":[{"floor":7.0,"key":"GamblersBrew"},{"floor":14.0,"key":"Dexterity Potion"},{"floor":16.0,"key":"Block Potion"},{"floor":18.0,"key":"Dexterity Potion"}],"is_trial":false,"path_per_floor":["M","?","M","M","$","R","E","?","T","R","?","M","M","M","R","B",null,"M","?","M","?","M","R","T","R","T","E","$","R","?","?","R","B"],"character_chosen":"IRONCLAD","items_purchased":["PreservedInsect"],"campfire_rested":4,"item_purchase_floors":[5],"current_hp_per_floor":[52,52,52,45,45,45,37,21,21,45,45,42,37,33,57,17,80,50,50,38,38,40,40,40,64,64,47,47,71,71,71,71,0],"gold":878,"neow_bonus":"TWO_FIFTY_GOLD","is_prod":false,"is_daily":false,"chose_seed":false,"campfire_upgraded":3,"win_rate":0,"timestamp":1547600416,"path_taken":["M","?","M","?","$","R","E","?","T","R","?","M","M","?","R","BOSS","M","?","M","?","M","R","?","R","T","E","$","R","?","?","R","BOSS"],"build_version":"2019-01-10","purchased_purges":0,"victory":false,"max_hp_per_floor":[80,80,80,80,80,80,80,80,80,80,80,80,80,80,80,80,80,80,80,80,80,80,80,80,80,80,80,80,80,80,80,80,80],"card_choices":[{"not_picked":["Clothesline","Pommel Strike","Armaments"],"picked":"SKIP","floor":1.0},{"not_picked":["Evolve","Warcry"],"picked":"Pommel Strike","floor":3.0},{"not_picked":["Power Through","Body Slam"],"picked":"Cleave","floor":4.0},{"not_picked":["Bloodletting","Demon Form"],"picked":"Rampage","floor":7.0},{"not_picked":["Rage","Body Slam"],"picked":"Dropkick","floor":12.0},{"not_picked":["Inflame","Headbutt"],"picked":"Dual Wield","floor":13.0},{"not_picked":["Second Wind","Perfected Strike"],"picked":"Seeing Red","floor":14.0},{"not_picked":["Feed","Demon Form"],"picked":"Bludgeon","floor":16.0},{"not_picked":["Armaments","Perfected Strike+1"],"picked":"Thunderclap","floor":18.0},{"not_picked":["Wild Strike","Whirlwind"],"picked":"Flame Barrier+1","floor":20.0},{"not_picked":["Carnage","Hemokinesis"],"picked":"True Grit","floor":22.0},{"not_picked":["Pummel","Fiend Fire","Corruption"],"picked":"SKIP","floor":27.0}],"player_experience":473436,"relics_obtained":[{"floor":7.0,"key":"Bird Faced Urn"},{"floor":9.0,"key":"Ornamental Fan"},{"floor":24.0,"key":"Old Coin"},{"floor":26.0,"key":"Bottled Tornado"},{"floor":27.0,"key":"MawBank"}],"event_choices":[{"cards_removed":["Defend_R"],"damage_healed":0.0,"max_hp_gain":0.0,"max_hp_loss":0.0,"gold_gain":0.0,"event_name":"Purifier","player_choice":"Purged","floor":2.0,"gold_loss":0.0,"damage_taken":0.0},{"damage_healed":0.0,"max_hp_gain":0.0,"max_hp_loss":0.0,"gold_gain":0.0,"event_name":"Shining Light","player_choice":"Entered Light","floor":8.0,"gold_loss":0.0,"damage_taken":16.0,"cards_upgraded":["Strike_R","Strike_R"]},{"damage_healed":0.0,"max_hp_gain":0.0,"max_hp_loss":0.0,"gold_gain":0.0,"event_name":"Accursed Blacksmith","player_choice":"Forge","floor":11.0,"gold_loss":0.0,"damage_taken":0.0,"cards_upgraded":["Rampage"]},{"damage_healed":0.0,"max_hp_gain":0.0,"max_hp_loss":0.0,"gold_gain":99.0,"event_name":"Nest","player_choice":"Stole From Cult","floor":19.0,"gold_loss":0.0,"damage_taken":0.0},{"damage_healed":0.0,"max_hp_gain":0.0,"max_hp_loss":0.0,"gold_gain":0.0,"event_name":"Addict","player_choice":"Obtained Relic","floor":21.0,"gold_loss":85.0,"damage_taken":0.0,"relics_obtained":["Pen Nib"]},{"damage_healed":0.0,"max_hp_gain":0.0,"max_hp_loss":0.0,"gold_gain":0.0,"event_name":"The Mausoleum","player_choice":"Opened","floor":30.0,"gold_loss":0.0,"damage_taken":0.0,"relics_obtained":["Bag of Marbles"],"cards_obtained":["Writhe"]},{"damage_healed":0.0,"max_hp_gain":0.0,"max_hp_loss":0.0,"gold_gain":0.0,"event_name":"FaceTrader","player_choice":"Leave","floor":31.0,"gold_loss":0.0,"damage_taken":0.0}],"is_beta":false,"boss_relics":[{"not_picked":["Philosopher\u0027s Stone","Velvet Choker"],"picked":"Pandora\u0027s Box"}],"items_purged_floors":[],"is_endless":false,"potions_floor_spawned":[7,14,16,18,22],"killed_by":"Automaton","ascension_level":0}