{"gold_per_floor":[110,126,143,160,178,178,196,228,228,261,261,273,80,115,115,213,213,231,35,35,35,54,79,79,79,79,4,4,34,51,65,65,65],"floor_reached":33,"playtime":3578,"items_purged":["Strike_R"],"score":322,"play_id":"3d615a6e-f9c6-4b45-b3d7-633930f8db1c","local_time":"20190508232426","is_ascension_mode":true,"campfire_choices":[{"data":"Immolate","floor":6,"key":"SMITH"},{"data":"Master of Strategy","floor":15,"key":"SMITH"},{"floor":32,"key":"REST"}],"neow_cost":"NONE","seed_source_timestamp":199010330523208,"circlet_count":0,"master_deck":["Strike_R+1","Strike_R+1","Strike_R+1","Strike_R+1","Defend_R+1","Defend_R+1","Defend_R+1","Defend_R+1","Bash","Clothesline","Sever Soul","Wild Strike","Battle Trance+1","Immolate+1","Double Tap","Power Through","Second Wind","Master of Strategy+1","Offering","Thinking Ahead","RitualDagger","Rampage"],"relics":["Burning Blood","NeowsBlessing","Mummified Hand","Calipers","Juzu Bracelet","Black Star","Nilry\u0027s Codex","Bird Faced Urn","Letter Opener","Bag of Marbles","Kunai"],"potions_floor_usage":[4,10,12,12,16,23,33],"damage_taken":[{"damage":0,"enemies":"Cultist","floor":1,"turns":1},{"damage":0,"enemies":"Small Slimes","floor":2,"turns":1},{"damage":0,"enemies":"Jaw Worm","floor":3,"turns":1},{"damage":6,"enemies":"3 Louse","floor":4,"turns":2},{"damage":0,"enemies":"Large Slime","floor":5,"turns":5},{"damage":2,"enemies":"2 Fungi Beasts","floor":7,"turns":3},{"damage":8,"enemies":"3 Sentries","floor":8,"turns":4},{"damage":16,"enemies":"Gremlin Nob","floor":10,"turns":3},{"damage":0,"enemies":"Gremlin Gang","floor":12,"turns":2},{"damage":27,"enemies":"3 Sentries","floor":14,"turns":5},{"damage":37,"enemies":"Hexaghost","floor":16,"turns":12},{"damage":10,"enemies":"Chosen","floor":18,"turns":3},{"damage":6,"enemies":"3 Byrds","floor":22,"turns":2},{"damage":29,"enemies":"Slavers","floor":23,"turns":5},{"damage":44,"enemies":"Gremlin Leader","floor":29,"turns":5},{"damage":6,"enemies":"Centurion and Healer","floor":30,"turns":3},{"damage":6,"enemies":"Snecko","floor":31,"turns":3},{"damage":43,"enemies":"Champ","floor":33,"turns":11}],"seed_played":"6130407491720383637","potions_obtained":[{"floor":3,"key":"Strength Potion"},{"floor":5,"key":"SkillPotion"},{"floor":8,"key":"Swift Potion"},{"floor":10,"key":"EssenceOfSteel"},{"floor":12,"key":"GamblersBrew"},{"floor":22,"key":"Fire Potion"},{"floor":31,"key":"SkillPotion"}],"is_trial":false,"path_per_floor":["M","M","M","M","M","R","M","E","T","E","?","M","$","E","R","B",null,"M","$","?","?","M","E","?","?","T","$","?","E","M","M","R","B"],"character_chosen":"IRONCLAD","items_purchased":["Master of Strategy","Thinking Ahead"],"campfire_rested":1,"item_purchase_floors":[13,19],"current_hp_per_floor":[80,80,80,80,80,80,80,78,78,68,68,74,74,53,53,22,80,76,76,70,54,54,31,57,57,57,57,57,19,19,19,43,4],"gold":65,"neow_bonus":"THREE_ENEMY_KILL","is_prod":false,"is_daily":false,"chose_seed":false,"campfire_upgraded":2,"win_rate":0,"timestamp":1557325466,"path_taken":["M","M","M","M","M","R","M","E","T","E","?","M","$","E","R","BOSS","M","$","?","?","M","E","?","?","T","?","?","E","M","M","R","BOSS"],"build_version":"2019-01-23","purchased_purges":1,"victory":false,"max_hp_per_floor":[80,80,80,80,80,80,80,80,80,80,80,80,80,80,80,80,80,80,80,80,80,80,80,80,80,80,80,80,80,80,80,80,80],"card_choices":[{"not_picked":["Flex","Spot Weakness"],"picked":"Clothesline","floor":1},{"not_picked":["Body Slam","Iron Wave"],"picked":"Sever Soul","floor":2},{"not_picked":["Whirlwind","Thunderclap"],"picked":"Wild Strike","floor":3},{"not_picked":["Armaments","Body Slam"],"picked":"Battle Trance","floor":4},{"not_picked":["Pommel Strike","Flex"],"picked":"Immolate","floor":5},{"not_picked":["Iron Wave","Shrug It Off","Heavy Blade"],"picked":"SKIP","floor":7},{"not_picked":["Rage","Offering"],"picked":"Double Tap","floor":8},{"not_picked":["Blood for Blood","Clash"],"picked":"Power Through","floor":10},{"not_picked":["Shrug It Off","Body Slam"],"picked":"Second Wind","floor":12},{"not_picked":["Clothesline","Pommel Strike","Anger"],"picked":"SKIP","floor":14},{"not_picked":["Brutality","Impervious"],"picked":"Offering","floor":16},{"not_picked":["Armaments","Fire Breathing+1","Iron Wave"],"picked":"SKIP","floor":18},{"not_picked":["Clash","Bloodletting","Rupture+1"],"picked":"SKIP","floor":22},{"not_picked":["Flame Barrier","Cleave","Pommel Strike"],"picked":"SKIP","floor":23},{"not_picked":["Flex","Rage+1","Iron Wave"],"picked":"SKIP","floor":29},{"not_picked":["Cleave+1","Searing Blow+1"],"picked":"Rampage","floor":30},{"not_picked":["Heavy Blade","Havoc","Dual Wield"],"picked":"SKIP","floor":31}],"player_experience":116600,"relics_obtained":[{"floor":8,"key":"Mummified Hand"},{"floor":9,"key":"Calipers"},{"floor":10,"key":"Juzu Bracelet"},{"floor":21,"key":"Nilry\u0027s Codex"},{"floor":23,"key":"Bird Faced Urn"},{"floor":23,"key":"Letter Opener"},{"floor":29,"key":"Bag of Marbles"},{"floor":29,"key":"Kunai"}],"event_choices":[{"damage_healed":0,"gold_gain":0,"player_choice":"Grow","damage_taken":0,"max_hp_gain":0,"max_hp_loss":0,"event_name":"Living Wall","floor":11,"gold_loss":0,"cards_upgraded":["Battle Trance"]},{"damage_healed":0,"gold_gain":0,"player_choice":"Joined the Cult","damage_taken":6,"max_hp_gain":0,"max_hp_loss":0,"event_name":"Nest","floor":20,"gold_loss":0,"cards_obtained":["RitualDagger"]},{"damage_healed":0,"gold_gain":0,"player_choice":"Obtained Book","damage_taken":16,"max_hp_gain":0,"max_hp_loss":0,"event_name":"Cursed Tome","floor":21,"gold_loss":0},{"damage_healed":26,"gold_gain":0,"player_choice":"Heal","damage_taken":0,"max_hp_gain":0,"max_hp_loss":0,"event_name":"The Library","floor":24,"gold_loss":0},{"damage_healed":0,"gold_gain":0,"player_choice":"Simplicity","damage_taken":0,"max_hp_gain":0,"max_hp_loss":0,"event_name":"Back to Basics","floor":28,"gold_loss":0,"cards_upgraded":["Strike_R","Strike_R","Strike_R","Strike_R","Defend_R","Defend_R","Defend_R","Defend_R"]}],"is_beta":false,"boss_relics":[{"not_picked":["Busted Crown","Velvet Choker"],"picked":"Black Star"}],"items_purged_floors":[27],"is_endless":false,"potions_floor_spawned":[3,5,8,10,12,22,31],"killed_by":"Champ","ascension_level":1}