{"gold_per_floor":[116,130,140,159,179,211,225,258,258,286,60,60,60,74,74,153,153,168,179,192,91,101,101,128,128,180,180,88,113,131,158,158,235,235,283,299,299,28,43,76,76,106,106,106,106,119,146,177,189,201],"floor_reached":51,"playtime":3113,"items_purged":["Catalyst"],"score":1508,"play_id":"30f6a1e1-3928-4186-a413-2aa6f370c958","local_time":"20180823195222","daily_mods":["Draft","Elite Swarm","Vintage"],"is_ascension_mode":true,"campfire_choices":[{"data":"Terror","floor":12,"key":"SMITH"},{"data":"Dagger Spray","floor":15,"key":"SMITH"},{"data":"Acrobatics","floor":23,"key":"SMITH"},{"data":"Backstab","floor":32,"key":"SMITH"},{"data":"Wraith Form v2","floor":41,"key":"SMITH"},{"floor":45,"key":"REST"},{"floor":49,"key":"REST"}],"neow_cost":"","seed_source_timestamp":0,"circlet_count":0,"master_deck":["AscendersBane","Slice+1","Poisoned Stab+1","Dagger Throw+1","Dagger Spray+1","Poisoned Stab+1","Flying Knee+1","Acrobatics+1","Sucker Punch+1","Terror+1","Sucker Punch+1","Backstab+1","Skewer+1","Bullet Time+1","After Image+1","Malaise+1","Dodge and Roll+1","Deflect+1","Acrobatics+1","Doppelganger+1","Discovery+1","Wraith Form v2+1","Doppelganger+1","Adrenaline+1","PiercingWail+1","Venomology+1","PiercingWail+1"],"relics":["Ring of the Snake","Blood Vial","Torii","Bag of Preparation","Orichalcum","Toxic Egg 2","Pen Nib","Ninja Scroll","Whetstone","Anchor","Gambling Chip","Lantern","Vajra","Bird Faced Urn","HoveringKite","Bottled Lightning","Molten Egg 2","Boot","Bottled Flame","Bottled Tornado","Dream Catcher","Oddly Smooth Stone","Ancient Tea Set","Sundial","Centennial Puzzle","Empty Cage","Tiny Chest","Unceasing Top","Potion Belt","War Paint","Regal Pillow","Du-Vu Doll","Darkstone Periapt","Mark of the Bloom","Bronze Scales","MawBank","Juzu Bracelet"],"potions_floor_usage":[33,36,40,47,48,50,50],"damage_taken":[{"damage":9,"enemies":"Jaw Worm","floor":1,"turns":2},{"damage":7,"enemies":"Small Slimes","floor":2,"turns":2},{"damage":0,"enemies":"2 Louse","floor":3,"turns":2},{"damage":0,"enemies":"2 Fungi Beasts","floor":4,"turns":2},{"damage":1,"enemies":"Looter","floor":5,"turns":2},{"damage":4,"enemies":"3 Sentries","floor":6,"turns":5},{"damage":0,"enemies":"Large Slime","floor":7,"turns":1},{"damage":9,"enemies":"Lagavulin","floor":8,"turns":3},{"damage":2,"enemies":"3 Sentries","floor":10,"turns":4},{"damage":0,"enemies":"2 Fungi Beasts","floor":14,"turns":1},{"damage":4,"enemies":"Hexaghost","floor":16,"turns":6},{"damage":0,"enemies":"Chosen","floor":18,"turns":2},{"damage":0,"enemies":"2 Thieves","floor":19,"turns":2},{"damage":3,"enemies":"Centurion and Healer","floor":20,"turns":6},{"damage":0,"enemies":"Sentry and Sphere","floor":22,"turns":2},{"damage":0,"enemies":"Slavers","floor":24,"turns":3},{"damage":0,"enemies":"Gremlin Leader","floor":29,"turns":2},{"damage":0,"enemies":"3 Cultists","floor":30,"turns":2},{"damage":1,"enemies":"Slavers","floor":31,"turns":6},{"damage":21,"enemies":"Automaton","floor":33,"turns":7},{"damage":3,"enemies":"3 Shapes","floor":35,"turns":4},{"damage":0,"enemies":"3 Darklings","floor":36,"turns":4},{"damage":0,"enemies":"Sphere and 2 Shapes","floor":39,"turns":2},{"damage":14,"enemies":"Nemesis","floor":40,"turns":6},{"damage":9,"enemies":"Giant Head","floor":42,"turns":4},{"damage":0,"enemies":"Spire Growth","floor":46,"turns":3},{"damage":27,"enemies":"Nemesis","floor":47,"turns":5},{"damage":0,"enemies":"Maw","floor":48,"turns":5},{"damage":2,"enemies":"Donu and Deca","floor":50,"turns":7}],"seed_played":"668016005682804955","potions_obtained":[{"floor":1,"key":"PowerPotion"},{"floor":4,"key":"GhostInAJar"},{"floor":10,"key":"Regen Potion"},{"floor":20,"key":"Swift Potion"},{"floor":33,"key":"SpeedPotion"},{"floor":40,"key":"Explosive Potion"},{"floor":46,"key":"Fire Potion"},{"floor":47,"key":"FairyPotion"}],"is_trial":true,"path_per_floor":["M","M","M","M","M","E","M","E","T","E","$","R","?","M","R","B",null,"M","M","M","$","M","R","E","?","T","?","$","E","M","E","R","B",null,"M","M","?","$","M","E","R","E","T","?","R","M","E","M","R","B"],"character_chosen":"THE_SILENT","items_purchased":["Dodge and Roll+1","Lantern","Deflect+1","Acrobatics+1","Discovery+1","Potion Belt","Block Potion","EssenceOfSteel"],"campfire_rested":2,"item_purchase_floors":[11,11,11,21,28,38,38,38],"current_hp_per_floor":[50,45,47,49,50,48,50,43,43,43,43,43,48,50,50,48,65,67,69,68,68,70,70,71,71,71,71,71,71,71,70,70,50,66,67,71,71,71,71,57,57,54,54,54,54,54,27,27,27,25],"gold":213,"neow_bonus":"","is_prod":false,"is_daily":false,"chose_seed":false,"campfire_upgraded":5,"win_rate":0,"timestamp":1535079142,"path_taken":["M","M","M","M","M","E","M","E","T","E","$","R","?","M","R","BOSS","M","M","M","$","M","R","E","?","T","?","$","E","M","E","R","BOSS","M","M","?","$","?","E","R","E","T","?","R","M","E","M","R","BOSS"],"build_version":"2018-08-23","purchased_purges":1,"victory":true,"max_hp_per_floor":[66,66,66,66,66,66,66,66,66,66,66,66,71,71,71,71,71,71,71,71,71,71,71,71,71,71,71,71,71,71,71,71,71,71,71,71,71,71,71,71,71,71,71,71,71,71,71,71,71,71],"card_choices":[{"not_picked":["PiercingWail","Dodge and Roll"],"picked":"Slice","floor":0},{"not_picked":["Bane","Tactician"],"picked":"Poisoned Stab","floor":0},{"not_picked":["Deadly Poison","Caltrops"],"picked":"Catalyst","floor":0},{"not_picked":["Noxious Fumes","Dodge and Roll"],"picked":"Dagger Throw","floor":0},{"not_picked":["Terror","Footwork"],"picked":"Dagger Spray","floor":0},{"not_picked":["PiercingWail","Underhanded Strike"],"picked":"Poisoned Stab","floor":0},{"not_picked":["Infinite Blades","Blade Dance"],"picked":"Flying Knee","floor":0},{"not_picked":["Catalyst","Setup"],"picked":"Acrobatics","floor":0},{"not_picked":["Flying Knee","Terror"],"picked":"Sucker Punch","floor":0},{"not_picked":["Masterful Stab","Poisoned Stab"],"picked":"Terror","floor":0},{"not_picked":["Distraction","Calculated Gamble"],"picked":"Noxious Fumes","floor":0},{"not_picked":["Acrobatics","Flying Knee"],"picked":"Sucker Punch","floor":0},{"not_picked":["Acrobatics","Flechettes"],"picked":"Backstab","floor":0},{"not_picked":["Expertise","Flying Knee"],"picked":"Skewer","floor":0},{"not_picked":["Concentrate","Underhanded Strike"],"picked":"Dagger Throw","floor":0},{"not_picked":["Doppelganger+1","Adrenaline+1"],"picked":"Bullet Time+1","floor":6},{"not_picked":["Grand Finale","Envenom"],"picked":"After Image","floor":8},{"not_picked":["Grand Finale","Burst+1"],"picked":"Malaise+1","floor":10},{"not_picked":["Wraith Form v2","Bullet Time+1"],"picked":"Doppelganger+1","floor":24},{"not_picked":["Doppelganger+1","Unload+1","A Thousand Cuts"],"picked":"SKIP","floor":29},{"not_picked":["After Image","Wraith Form v2","A Thousand Cuts"],"picked":"SKIP","floor":31},{"not_picked":["Malaise+1","Corpse Explosion+1"],"picked":"Wraith Form v2","floor":33},{"not_picked":["Envenom","Malaise+1"],"picked":"Doppelganger+1","floor":40},{"not_picked":["Venomology+1","Bullet Time+1"],"picked":"Adrenaline+1","floor":42},{"not_picked":["Blade Dance+1","Underhanded Strike+1"],"picked":"PiercingWail+1","floor":45},{"not_picked":["Corpse Explosion+1","Bullet Time+1"],"picked":"Venomology+1","floor":47},{"not_picked":["Bane+1","Dagger Throw+1"],"picked":"PiercingWail+1","floor":49}],"player_experience":1023453,"relics_obtained":[{"floor":1,"key":"Blood Vial"},{"floor":2,"key":"Torii"},{"floor":3,"key":"Bag of Preparation"},{"floor":4,"key":"Orichalcum"},{"floor":5,"key":"Toxic Egg 2"},{"floor":6,"key":"Pen Nib"},{"floor":7,"key":"Ninja Scroll"},{"floor":8,"key":"Whetstone"},{"floor":9,"key":"Anchor"},{"floor":10,"key":"Gambling Chip"},{"floor":14,"key":"Vajra"},{"floor":16,"key":"Bird Faced Urn"},{"floor":18,"key":"Bottled Lightning"},{"floor":19,"key":"Molten Egg 2"},{"floor":20,"key":"Boot"},{"floor":22,"key":"Bottled Flame"},{"floor":24,"key":"Bottled Tornado"},{"floor":26,"key":"Dream Catcher"},{"floor":29,"key":"Oddly Smooth Stone"},{"floor":30,"key":"Ancient Tea Set"},{"floor":31,"key":"Sundial"},{"floor":33,"key":"Centennial Puzzle"},{"floor":35,"key":"Tiny Chest"},{"floor":36,"key":"Unceasing Top"},{"floor":39,"key":"War Paint"},{"floor":40,"key":"Regal Pillow"},{"floor":42,"key":"Du-Vu Doll"},{"floor":43,"key":"Darkstone Periapt"},{"floor":46,"key":"Bronze Scales"},{"floor":47,"key":"MawBank"},{"floor":48,"key":"Juzu Bracelet"}],"event_choices":[{"event_name":"Big Fish","player_choice":"Donut","floor":13,"damage_taken":0},{"event_name":"Ghosts","player_choice":"Ignored","floor":25,"damage_taken":0},{"event_name":"Vampires","player_choice":"Ignored","floor":27,"damage_taken":0},{"event_name":"Tomb of Lord Red Mask","player_choice":"Ignored","floor":37,"damage_taken":0},{"event_name":"MindBloom","player_choice":"Upgrade","floor":44,"damage_taken":0}],"is_beta":false,"boss_relics":[{"not_picked":["Velvet Choker","Runic Pyramid"],"picked":"HoveringKite"},{"not_picked":["Busted Crown","Snecko Eye"],"picked":"Empty Cage"}],"items_purged_floors":[21],"is_endless":false,"potions_floor_spawned":[1,4,6,7,10,14,18,20,30,31,33,40,46,47],"ascension_level":15}