{"gold_per_floor":[111,128,144,156,172,172,186,361,384,384,403,118,118,137,137,234,234,251,251,251,7,21,21,21,21,21,121,131,131,141,141],"floor_reached":31,"playtime":1897,"items_purged":["Doubt","Zap"],"score":229,"play_id":"df3d61c9-a665-4574-9702-687c50e5b1eb","local_time":"20190507230829","is_ascension_mode":false,"campfire_choices":[{"floor":6,"key":"RECALL"},{"data":"Loop","floor":10,"key":"SMITH"},{"data":"Beam Cell","floor":15,"key":"SMITH"},{"floor":23,"key":"REST"},{"floor":24,"key":"REST"},{"floor":25,"key":"REST"},{"floor":29,"key":"REST"}],"neow_cost":"NONE","seed_source_timestamp":1569926386888400,"circlet_count":0,"master_deck":["Strike_B+1","Strike_B+1","Strike_B+1","Strike_B+1","Defend_B+1","Defend_B+1","Defend_B+1","Defend_B+1","Dualcast","Sweeping Beam","Loop+1","Machine Learning","Turbo","Beam Cell+1","Gash","Beam Cell","Trip","Gash","Steam Power","Rebound","Multi-Cast","Fusion","Go for the Eyes","Purity","Rebound","Rebound+1","Genetic Algorithm","Gash"],"relics":["Lizard Tail","WingedGreaves","Busted Crown","Bottled Lightning","Dead Branch","Pear"],"potions_floor_usage":[16,16,27,30,31],"damage_taken":[{"damage":0,"enemies":"2 Louse","floor":1,"turns":3},{"damage":5,"enemies":"Jaw Worm","floor":2,"turns":5},{"damage":1,"enemies":"Cultist","floor":3,"turns":4},{"damage":6,"enemies":"3 Louse","floor":4,"turns":5},{"damage":12,"enemies":"Looter","floor":5,"turns":5},{"damage":8,"enemies":"Red Slaver","floor":7,"turns":3},{"damage":0,"enemies":"2 Fungi Beasts","floor":11,"turns":2},{"damage":5,"enemies":"Looter","floor":14,"turns":2},{"damage":25,"enemies":"Hexaghost","floor":16,"turns":7},{"damage":41,"enemies":"2 Thieves","floor":18,"turns":4},{"damage":24,"enemies":"Spheric Guardian","floor":22,"turns":6},{"damage":34,"enemies":"Colosseum Slavers","floor":27,"turns":6},{"damage":34,"enemies":"Colosseum Nobs","floor":27,"turns":6},{"damage":0,"enemies":"Snecko","floor":28,"turns":5},{"damage":36,"enemies":"Sentry and Sphere","floor":30,"turns":6},{"damage":37,"enemies":"Gremlin Leader","floor":31,"turns":4}],"seed_played":"7570522544190888428","potions_obtained":[{"floor":3,"key":"Ancient Potion"},{"floor":4,"key":"SkillPotion"},{"floor":14,"key":"EssenceOfSteel"},{"floor":16,"key":"Explosive Potion"},{"floor":22,"key":"GamblersBrew"},{"floor":30,"key":"Weak Potion"}],"is_trial":false,"path_per_floor":["M","M","M","M","M","R","M","?","T","R","M","$","?","M","R","B",null,"M","?","?","$","M","R","R","R","T","?","M","R","M","E"],"character_chosen":"DEFECT","items_purchased":["Trip","Gash","Steam Power","Go for the Eyes","Purity"],"campfire_rested":4,"item_purchase_floors":[12,12,12,21,21],"current_hp_per_floor":[75,70,69,63,51,51,43,43,43,43,43,43,36,31,31,6,75,34,34,25,25,1,23,45,67,67,47,47,72,36,0],"gold":141,"neow_bonus":"BOSS_RELIC","is_prod":false,"is_daily":false,"chose_seed":false,"campfire_upgraded":2,"win_rate":0,"timestamp":1557263309,"path_taken":["M","M","M","M","M","R","M","?","T","R","M","$","?","M","R","BOSS","M","?","?","?","?","R","R","R","T","?","M","R","M","E"],"build_version":"2019-01-23","purchased_purges":2,"victory":false,"max_hp_per_floor":[75,75,75,75,75,75,75,75,75,75,75,75,75,75,75,75,75,75,75,75,75,75,75,75,75,75,85,85,85,85,85],"card_choices":[{"not_picked":["Cold Snap","Coolheaded"],"picked":"Sweeping Beam","floor":1},{"not_picked":["Cold Snap","Steam Power"],"picked":"Loop","floor":2},{"not_picked":["Redo","Compile Driver"],"picked":"Machine Learning","floor":3},{"not_picked":["Melter","Stack"],"picked":"Turbo","floor":4},{"not_picked":["Ball Lightning","Recycle"],"picked":"Beam Cell","floor":5},{"not_picked":["Stack","Go for the Eyes"],"picked":"Gash","floor":7},{"not_picked":["Stack","Rip and Tear"],"picked":"Beam Cell","floor":11},{"not_picked":["Cold Snap","Sweeping Beam"],"picked":"Rebound","floor":14},{"not_picked":["Reboot","Amplify"],"picked":"Multi-Cast","floor":16},{"not_picked":[],"picked":"Fusion","floor":18},{"not_picked":[],"picked":"Rebound","floor":22},{"not_picked":[],"picked":"Rebound+1","floor":27},{"not_picked":[],"picked":"Genetic Algorithm","floor":28},{"not_picked":[],"picked":"Gash","floor":30}],"player_experience":81488,"relics_obtained":[{"floor":26,"key":"Bottled Lightning"},{"floor":27,"key":"Dead Branch"},{"floor":27,"key":"Pear"}],"event_choices":[{"damage_healed":0,"gold_gain":175,"player_choice":"AGREE","damage_taken":0,"max_hp_gain":0,"max_hp_loss":0,"event_name":"Liars Game","floor":8,"gold_loss":0,"cards_obtained":["Doubt"]},{"damage_healed":0,"gold_gain":0,"player_choice":"Success","damage_taken":7,"relics_obtained":["WingedGreaves"],"max_hp_gain":0,"max_hp_loss":0,"event_name":"Scrap Ooze","floor":13,"gold_loss":0},{"damage_healed":0,"gold_gain":0,"player_choice":"Simplicity","damage_taken":0,"max_hp_gain":0,"max_hp_loss":0,"event_name":"Back to Basics","floor":19,"gold_loss":0,"cards_upgraded":["Strike_B","Strike_B","Strike_B","Strike_B","Defend_B","Defend_B","Defend_B","Defend_B"]},{"damage_healed":0,"gold_gain":0,"player_choice":"Stopped","damage_taken":9,"max_hp_gain":0,"max_hp_loss":0,"event_name":"Cursed Tome","floor":20,"gold_loss":0},{"damage_healed":0,"gold_gain":0,"player_choice":"Fight","damage_taken":0,"max_hp_gain":0,"max_hp_loss":0,"event_name":"Colosseum","floor":27,"gold_loss":0},{"damage_healed":0,"gold_gain":0,"player_choice":"Fought Nobs","damage_taken":0,"max_hp_gain":0,"max_hp_loss":0,"event_name":"Colosseum","floor":27,"gold_loss":0}],"is_beta":false,"boss_relics":[{"not_picked":["Cursed Key","White Beast Statue"],"picked":"Busted Crown"}],"items_purged_floors":[12,21],"is_endless":false,"potions_floor_spawned":[3,4,14,16,22,27,30],"killed_by":"Gremlin Leader","ascension_level":0}