{"gold_per_floor":[110,122,133,148,148,164,164,181,181,206,37,37,37,56,56,130,130,155,167,196,208,231,243,270,282],"floor_reached":25,"playtime":732,"items_purged":["Strike_B"],"score":462,"play_id":"3479b963-43af-4b3d-bb10-3060f1ad39e5","local_time":"25620319005757","is_ascension_mode":true,"campfire_choices":[{"data":"Streamline","floor":7,"key":"SMITH"},{"data":"Zap","floor":12,"key":"SMITH"},{"data":"Coolheaded","floor":15,"key":"SMITH"},{"floor":23,"key":"REST"}],"neow_cost":"NONE","seed_source_timestamp":0,"circlet_count":0,"master_deck":["AscendersBane","Strike_B","Strike_B","Strike_B","Defend_B","Defend_B","Defend_B","Zap+1","Dualcast","Conserve Battery","Go for the Eyes+1","Chill","Coolheaded+1","Streamline+1","Beam Cell+1","Ball Lightning+1","Undo","Core Surge+1","Regret","Decay","Writhe","J.A.X.","Steam","Decay","Hologram","White Noise+1"],"special_seed":0,"relics":["Cracked Core","Anchor","Molten Egg 2","Mercury Hourglass","Calling Bell","MawBank","Blue Candle","Gambling Chip"],"potions_floor_usage":[10,10,16,16,22,24],"damage_taken":[{"damage":1.0,"enemies":"Cultist","floor":1.0,"turns":3.0},{"damage":0.0,"enemies":"Small Slimes","floor":2.0,"turns":3.0},{"damage":0,"enemies":"2 Louse","floor":3,"turns":2},{"damage":0,"enemies":"Large Slime","floor":4,"turns":5},{"damage":0,"enemies":"Blue Slaver","floor":6,"turns":5},{"damage":0,"enemies":"3 Louse","floor":8,"turns":3},{"damage":38,"enemies":"Gremlin Nob","floor":10,"turns":5},{"damage":0,"enemies":"2 Fungi Beasts","floor":14,"turns":2},{"damage":9,"enemies":"Hexaghost","floor":16,"turns":9},{"damage":3,"enemies":"Spheric Guardian","floor":18,"turns":4},{"damage":19,"enemies":"Shell Parasite","floor":20,"turns":5},{"damage":15,"enemies":"Snake Plant","floor":22,"turns":4},{"damage":23,"enemies":"3 Cultists","floor":24,"turns":5},{"damage":18,"enemies":"Book of Stabbing","floor":25,"turns":3}],"seed_played":"6578232186862798303","potions_obtained":[{"floor":4,"key":"Dexterity Potion"},{"floor":6,"key":"Weak Potion"},{"floor":14,"key":"Explosive Potion"},{"floor":16,"key":"LiquidBronze"},{"floor":20,"key":"Energy Potion"}],"is_trial":false,"path_per_floor":["M","M","M","M","?","M","R","M","T","E","$","R","?","M","R","B",null,"M","?","M","?","M","R","M","E"],"character_chosen":"DEFECT","items_purchased":["Ball Lightning+1","Strength Potion"],"campfire_rested":1,"item_purchase_floors":[11,11],"current_hp_per_floor":[63,63,63,63,63,63,63,63,63,25,25,25,25,25,25,16,57,54,54,35,35,20,41,18,0],"gold":282,"neow_bonus":"RANDOM_COMMON_RELIC","is_prod":false,"is_daily":false,"chose_seed":false,"campfire_upgraded":3,"win_rate":0,"timestamp":1552931877,"path_taken":["M","M","?","M","?","M","R","M","T","E","?","R","?","M","R","BOSS","M","?","M","?","M","R","M","E"],"build_version":"2019-01-23","purchased_purges":1,"victory":false,"max_hp_per_floor":[71,71,71,71,71,71,71,71,71,71,71,71,71,71,71,71,71,71,71,71,71,71,71,71,71],"card_choices":[{"not_picked":["Leap","Rebound"],"picked":"Conserve Battery","floor":1.0},{"not_picked":["Reinforced Body","Hello World"],"picked":"Go for the Eyes","floor":2.0},{"not_picked":["Beam Cell","Double Energy"],"picked":"Chill","floor":3},{"not_picked":["Sunder","Consume"],"picked":"Coolheaded","floor":4},{"not_picked":["Conserve Battery","Turbo"],"picked":"Streamline","floor":6},{"not_picked":["Aggregate","Coolheaded","Turbo"],"picked":"SKIP","floor":8},{"not_picked":["Aggregate","Coolheaded","Turbo"],"picked":"SKIP","floor":8},{"not_picked":["Streamline+1","Compile Driver+1"],"picked":"Beam Cell+1","floor":10},{"not_picked":["Rebound+1","Biased Cognition"],"picked":"Undo","floor":14},{"not_picked":["Biased Cognition","Fission"],"picked":"Core Surge+1","floor":16},{"not_picked":["Force Field","Heatsinks","Compile Driver+1"],"picked":"SKIP","floor":18},{"not_picked":["Chill","Sweeping Beam+1"],"picked":"Steam","floor":20},{"not_picked":["Compile Driver+1","Ball Lightning+1"],"picked":"Hologram","floor":22},{"not_picked":["Reprogram","Hello World"],"picked":"White Noise+1","floor":24}],"player_experience":325101,"relics_obtained":[{"floor":9,"key":"Molten Egg 2"},{"floor":10,"key":"Mercury Hourglass"},{"floor":17,"key":"MawBank"},{"floor":17,"key":"Blue Candle"},{"floor":17,"key":"Gambling Chip"}],"event_choices":[{"cards_removed":["Defend_B"],"damage_healed":0,"gold_gain":0,"player_choice":"Purged","damage_taken":0,"max_hp_gain":0,"max_hp_loss":0,"event_name":"Purifier","floor":5,"gold_loss":0},{"damage_healed":0,"gold_gain":0,"player_choice":"Grow","damage_taken":0,"max_hp_gain":0,"max_hp_loss":0,"event_name":"Living Wall","floor":13,"gold_loss":0,"cards_upgraded":["Go for the Eyes"]},{"damage_healed":0,"gold_gain":0,"player_choice":"Obtain J.A.X.","damage_taken":0,"max_hp_gain":0,"max_hp_loss":0,"event_name":"Drug Dealer","floor":19,"gold_loss":0,"cards_obtained":["J.A.X."]},{"damage_healed":0,"gold_gain":0,"player_choice":"Smashed Altar","damage_taken":0,"max_hp_gain":0,"max_hp_loss":0,"event_name":"Forgotten Altar","floor":21,"gold_loss":0,"cards_obtained":["Decay"]}],"is_beta":false,"boss_relics":[{"not_picked":["Coffee Dripper","Snecko Eye"],"picked":"Calling Bell"}],"items_purged_floors":[11],"is_endless":false,"potions_floor_spawned":[4,6,14,16,20],"killed_by":"Book of Stabbing","ascension_level":15}