{"gold_per_floor":[110,110,285,31,46,46,46,46,46,74,92,92,105,133,133,233,233,252,269,539,539,56,56,86,86,163,163,174,187,218,228,228,330,330,350,31,31,43,54,80,80,109,134,161,173,26,26,44,44,44],"floor_reached":50,"playtime":1263,"items_purged":["Doubt","Normality","True Grit"],"score":958,"play_id":"563af3fa-e677-4367-8afb-6ce98b9d61dc","local_time":"25610726154732","is_ascension_mode":true,"campfire_choices":[{"data":"Whirlwind","floor":6.0,"key":"SMITH"},{"data":"Bash","floor":8.0,"key":"SMITH"},{"data":"Thunderclap","floor":12.0,"key":"SMITH"},{"data":"Panache","floor":15.0,"key":"SMITH"},{"data":"1","floor":23.0,"key":"LIFT"},{"data":"2","floor":25.0,"key":"LIFT"},{"data":"3","floor":27.0,"key":"LIFT"},{"data":"Demon Form","floor":32.0,"key":"SMITH"},{"floor":41.0,"key":"DIG"},{"floor":45.0,"key":"DIG"},{"floor":49.0,"key":"DIG"}],"neow_cost":"NONE","seed_source_timestamp":1831472847412,"circlet_count":0,"master_deck":["Strike_R","Strike_R","Strike_R","Strike_R+1","Strike_R","Defend_R","Defend_R","Defend_R","Defend_R","Bash+1","Thunderclap+1","Panache+1","Whirlwind+1","Clash","Sentinel","Feed+1","Clash","Demon Form+1","Inflame","Headbutt","Reaper","Twin Strike+1","Heavy Blade","Spot Weakness+1","Metallicize","Shockwave+1"],"special_seed":0,"relics":["Burning Blood","NeowsBlessing","Red Skull","Thread and Needle","Ancient Tea Set","The Courier","Coffee Dripper","Calipers","Blood Vial","Girya","Singing Bowl","Blue Candle","Ornamental Fan","Sozu","Whetstone","Self Forming Clay","Shovel","Pen Nib","Paper Frog","Lantern","MawBank","Happy Flower","Bottled Flame"],"potions_floor_usage":[],"damage_taken":[{"damage":0.0,"enemies":"Jaw Worm","floor":1.0,"turns":1.0},{"damage":0.0,"enemies":"2 Louse","floor":5.0,"turns":1.0},{"damage":0.0,"enemies":"Lagavulin","floor":10.0,"turns":1.0},{"damage":0.0,"enemies":"Cultist","floor":11.0,"turns":2.0},{"damage":4.0,"enemies":"3 Louse","floor":13.0,"turns":2.0},{"damage":20.0,"enemies":"Gremlin Nob","floor":14.0,"turns":4.0},{"damage":11.0,"enemies":"Slime Boss","floor":16.0,"turns":12.0},{"damage":7.0,"enemies":"Shell Parasite","floor":18.0,"turns":3.0},{"damage":2.0,"enemies":"3 Byrds","floor":19.0,"turns":3.0},{"damage":0.0,"enemies":"Gremlin Leader","floor":24.0,"turns":4.0},{"damage":11.0,"enemies":"Snake Plant","floor":28.0,"turns":3.0},{"damage":0.0,"enemies":"Centurion and Healer","floor":29.0,"turns":4.0},{"damage":33.0,"enemies":"Book of Stabbing","floor":30.0,"turns":4.0},{"damage":8.0,"enemies":"Snecko","floor":31.0,"turns":3.0},{"damage":49.0,"enemies":"Collector","floor":33.0,"turns":6.0},{"damage":40.0,"enemies":"3 Shapes","floor":35.0,"turns":6.0},{"damage":7.0,"enemies":"3 Darklings","floor":38.0,"turns":3.0},{"damage":5.0,"enemies":"Flame Bruiser 2 Orb","floor":39.0,"turns":5.0},{"damage":46.0,"enemies":"Nemesis","floor":40.0,"turns":5.0},{"damage":27.0,"enemies":"2 Orb Walkers","floor":42.0,"turns":4.0},{"damage":25.0,"enemies":"Nemesis","floor":44.0,"turns":5.0},{"damage":21.0,"enemies":"Maw","floor":48.0,"turns":5.0},{"damage":93,"enemies":"Awakened One","floor":50,"turns":5}],"seed_played":"-7054673022541710065","potions_obtained":[{"floor":1.0,"key":"LiquidBronze"},{"floor":7.0,"key":"BloodPotion"},{"floor":7.0,"key":"Weak Potion"},{"floor":7.0,"key":"Strength Potion"},{"floor":11.0,"key":"FearPotion"},{"floor":14.0,"key":"AttackPotion"},{"floor":30.0,"key":"FearPotion"},{"floor":33.0,"key":"AttackPotion"}],"is_trial":false,"path_per_floor":["M","?","?","$","M","R","?","R","T","E","M","R","M","E","R","B",null,"M","M","?","?","$","R","E","R","T","R","M","M","E","M","R","B",null,"M","$","?","M","M","E","R","E","T","E","R","$","?","M","R"],"character_chosen":"IRONCLAD","items_purchased":["Panache","Blood Vial","Girya","AttackPotion","Whetstone","Self Forming Clay","Metallicize"],"campfire_rested":0,"item_purchase_floors":[4,22,22,22,36,36,46],"current_hp_per_floor":[78,53,53,53,59,59,59,59,59,65,71,71,73,59,59,57,77,76,80,48,48,48,48,58,58,58,58,57,68,43,43,43,11,70,43,43,83,86,87,49,49,56,56,41,41,41,41,59,59,0],"gold":44,"neow_bonus":"THREE_ENEMY_KILL","is_prod":false,"is_daily":false,"chose_seed":false,"campfire_upgraded":5,"win_rate":0,"timestamp":1532594852,"path_taken":["M","?","?","$","?","R","?","R","T","E","M","R","?","E","R","BOSS","M","M","?","?","$","R","E","R","T","R","M","M","E","M","R","BOSS","M","$","?","M","M","E","R","E","T","E","R","$","?","M","R","BOSS"],"build_version":"2018-07-19v2","purchased_purges":3,"victory":false,"max_hp_per_floor":[80,80,80,80,80,80,80,80,80,80,80,80,80,80,80,83,83,83,83,83,83,83,83,85,85,85,85,87,90,90,90,90,90,90,95,95,83,87,87,89,89,93,93,95,95,95,95,95,95,95],"card_choices":[{"not_picked":["Searing Blow","Armaments"],"picked":"Thunderclap","floor":1.0},{"not_picked":["Thunderclap","Clash"],"picked":"Whirlwind","floor":5.0},{"not_picked":["Heavy Blade","Evolve"],"picked":"Clash","floor":10.0},{"not_picked":["Body Slam","Anger"],"picked":"Sentinel","floor":11.0},{"not_picked":["Fire Breathing","Ghostly Armor"],"picked":"Feed","floor":13.0},{"not_picked":["Iron Wave","Havoc"],"picked":"Clash","floor":14.0},{"not_picked":["Fiend Fire","Barricade"],"picked":"Demon Form","floor":16.0},{"not_picked":["Burning Pact","Wild Strike","Havoc"],"picked":"SKIP","floor":18.0},{"not_picked":["Second Wind+1","Havoc"],"picked":"True Grit","floor":19.0},{"not_picked":["Fire Breathing","Headbutt","Barricade"],"picked":"Singing Bowl","floor":24.0},{"not_picked":["Pommel Strike","Body Slam","Clash"],"picked":"Singing Bowl","floor":28.0},{"not_picked":["Sword Boomerang","Bloodletting"],"picked":"Rupture","floor":29.0},{"not_picked":["Headbutt","Rage"],"picked":"Inflame","floor":30.0},{"not_picked":["Rage","Clothesline"],"picked":"Headbutt","floor":31.0},{"not_picked":["Fiend Fire","Bludgeon"],"picked":"Reaper","floor":33.0},{"not_picked":["Anger","Blood for Blood","Wild Strike+1"],"picked":"Singing Bowl","floor":35.0},{"not_picked":["True Grit","Intimidate"],"picked":"Twin Strike+1","floor":38.0},{"not_picked":["Clash+1","Wild Strike"],"picked":"Heavy Blade","floor":39.0},{"not_picked":["Fire Breathing+1","Cleave+1","Disarm+1"],"picked":"Singing Bowl","floor":40.0},{"not_picked":["Clothesline+1","Blood for Blood"],"picked":"Spot Weakness+1","floor":42.0},{"not_picked":["Havoc","Hemokinesis+1","Wild Strike+1"],"picked":"Singing Bowl","floor":44.0},{"not_picked":["Perfected Strike+1","Havoc"],"picked":"Shockwave+1","floor":48.0}],"player_experience":165112,"relics_obtained":[{"floor":9.0,"key":"Thread and Needle"},{"floor":10.0,"key":"Ancient Tea Set"},{"floor":14.0,"key":"The Courier"},{"floor":24.0,"key":"Singing Bowl"},{"floor":26.0,"key":"Blue Candle"},{"floor":30.0,"key":"Ornamental Fan"},{"floor":40.0,"key":"Shovel"},{"floor":41.0,"key":"Pen Nib"},{"floor":42.0,"key":"Paper Frog"},{"floor":43.0,"key":"Lantern"},{"floor":44.0,"key":"MawBank"},{"floor":45.0,"key":"Happy Flower"},{"floor":49.0,"key":"Bottled Flame"}],"event_choices":[{"event_name":"Scrap Ooze","player_choice":"success","floor":2.0,"damage_taken":25.0},{"event_name":"Liars Game","player_choice":"agreed","floor":3.0,"damage_taken":0.0},{"event_name":"The Lab","player_choice":"Got Potions","floor":7.0,"damage_taken":0.0},{"event_name":"Knowing Skull","player_choice":"GOLD GOLD GOLD ","floor":20.0,"damage_taken":0.0},{"event_name":"Accursed Blacksmith","player_choice":"Rummage","floor":21.0,"damage_taken":0.0},{"event_name":"The Moai Head","player_choice":"Heal","floor":37.0,"damage_taken":0.0},{"event_name":"Falling","player_choice":"Removed Power","floor":47.0,"damage_taken":0.0}],"is_beta":false,"boss_relics":[{"not_picked":["Lizard Tail","Velvet Choker"],"picked":"Coffee Dripper"},{"not_picked":["Snecko Eye","Cursed Key"],"picked":"Sozu"}],"items_purged_floors":[4,22,46],"is_endless":false,"potions_floor_spawned":[1,10,11,14,24,30,33,38,42,44],"killed_by":"Awakened One","ascension_level":9}