{"gold_per_floor":[112,59,78,78,78,78,112,112,112,143,143,163,192,205,205,276,276,290,290,290,315,328,359,359,389,389,446,446,476,476,136,136,210,260,279,332,432,446,446,479,479,506,506,518,428,447,34,47,47,47,47,47,47,47,81,81],"floor_reached":57,"playtime":3052,"items_purged":[],"score":3494,"play_id":"cfa5ed75-451c-4a18-8ca1-58a1fb1545b1","local_time":"20190123214417","daily_mods":["SealedDeck","DeadlyEvents","Elite Swarm"],"is_ascension_mode":true,"campfire_choices":[{"data":"Genetic Algorithm","floor":6.0,"key":"SMITH"},{"data":"Electrodynamics","floor":8.0,"key":"SMITH"},{"data":"Fission","floor":11.0,"key":"SMITH"},{"data":"Capacitor","floor":15.0,"key":"SMITH"},{"data":"Rainbow","floor":24.0,"key":"SMITH"},{"data":"Buffer","floor":30.0,"key":"SMITH"},{"data":"Echo Form","floor":32.0,"key":"SMITH"},{"data":"Fission","floor":41,"key":"SMITH"},{"floor":49,"key":"RECALL"},{"data":"Heatsinks","floor":53,"key":"SMITH"}],"neow_cost":"","seed_source_timestamp":0,"circlet_count":0,"master_deck":["AscendersBane","FTL","Conserve Battery","Genetic Algorithm+1","Capacitor+1","Compile Driver+1","Cold Snap","Leap","Go for the Eyes+1","Chill","Ball Lightning","Cold Snap","Electrodynamics+1","Fission+1","Machine Learning","Echo Form+1","Coolheaded+1","Rainbow+1","Self Repair","Buffer+1","Echo Form","Coolheaded+1","Capacitor+1","Fission+1","Creative AI","Storm","Force Field+1","Heatsinks+1","Creative AI"],"special_seed":0,"relics":["Cracked Core","Mummified Hand","Anchor","Happy Flower","Strawberry","Philosopher\u0027s Stone","Potion Belt","Sundial","Cables","Turnip","Centennial Puzzle","Tiny Chest","Pen Nib","Thread and Needle","Tiny House","Gambling Chip","Calipers","Singing Bowl","Bottled Tornado","Gremlin Horn","Ice Cream","Ornamental Fan"],"potions_floor_usage":[46,50,56,56],"damage_taken":[{"damage":1.0,"enemies":"Small Slimes","floor":1.0,"turns":3.0},{"damage":3.0,"enemies":"Jaw Worm","floor":3.0,"turns":3.0},{"damage":0.0,"enemies":"Gremlin Nob","floor":7.0,"turns":3.0},{"damage":0.0,"enemies":"3 Sentries","floor":10.0,"turns":4.0},{"damage":0.0,"enemies":"Cultist","floor":12.0,"turns":2.0},{"damage":0.0,"enemies":"Gremlin Nob","floor":13.0,"turns":2.0},{"damage":0.0,"enemies":"Blue Slaver","floor":14.0,"turns":2.0},{"damage":23.0,"enemies":"Slime Boss","floor":16.0,"turns":6.0},{"damage":0.0,"enemies":"Shell Parasite","floor":18.0,"turns":4.0},{"damage":2.0,"enemies":"Book of Stabbing","floor":21.0,"turns":5.0},{"damage":1.0,"enemies":"2 Thieves","floor":22.0,"turns":3.0},{"damage":0.0,"enemies":"Gremlin Leader","floor":23.0,"turns":4.0},{"damage":0.0,"enemies":"Slavers","floor":25.0,"turns":2.0},{"damage":0.0,"enemies":"Gremlin Leader","floor":27.0,"turns":4.0},{"damage":2.0,"enemies":"Book of Stabbing","floor":29.0,"turns":3.0},{"damage":0.0,"enemies":"Automaton","floor":33.0,"turns":9.0},{"damage":0.0,"enemies":"3 Darklings","floor":35.0,"turns":3.0},{"damage":19.0,"enemies":"2 Orb Walkers","floor":36.0,"turns":4.0},{"damage":0.0,"enemies":"Mind Bloom Boss Battle","floor":37.0,"turns":5.0},{"damage":0.0,"enemies":"Orb Walker","floor":38.0,"turns":3.0},{"damage":0,"enemies":"Giant Head","floor":40,"turns":8},{"damage":0,"enemies":"Nemesis","floor":42,"turns":7},{"damage":0,"enemies":"Jaw Worm Horde","floor":44,"turns":3},{"damage":0,"enemies":"Writhing Mass","floor":46,"turns":5},{"damage":0,"enemies":"Maw","floor":48,"turns":3},{"damage":0,"enemies":"Awakened One","floor":50,"turns":7},{"damage":3,"enemies":"Time Eater","floor":51,"turns":5},{"damage":0,"enemies":"Shield and Spear","floor":55,"turns":5},{"damage":10,"enemies":"The Heart","floor":56,"turns":5}],"seed_played":"6817348495095168110","potions_obtained":[{"floor":3.0,"key":"Energy Potion"},{"floor":23.0,"key":"Energy Potion"},{"floor":27.0,"key":"SteroidPotion"},{"floor":29.0,"key":"SteroidPotion"},{"floor":33.0,"key":"Swift Potion"},{"floor":34.0,"key":"FocusPotion"},{"floor":36.0,"key":"Block Potion"},{"floor":46,"key":"SpeedPotion"}],"is_trial":true,"path_per_floor":["M","$","M","?","?","R","E","R","T","E","R","M","E","M","R","B",null,"M","$","?","E","M","E","R","E","T","E","?","E","R","$","R","B",null,"M","?","?","M","T","E","R","E","T","M","$","M","$","M","R","B","B",null,"R","$","E","B",null],"character_chosen":"DEFECT","items_purchased":["Fire Potion","Thread and Needle","Storm","Heatsinks","Ice Cream"],"campfire_rested":0,"item_purchase_floors":[2,31,45,47,47],"current_hp_per_floor":[63,63,60,60,65,65,65,65,65,65,65,65,72,72,72,49,75,75,75,75,73,72,72,72,72,72,72,72,77,77,77,77,83,88,88,76,83,88,88,88,88,88,88,90,90,90,90,92,92,92,92,92,92,92,92,89],"gold":81,"neow_bonus":"","is_prod":false,"is_daily":false,"chose_seed":false,"campfire_upgraded":9,"win_rate":0,"timestamp":1548308657,"path_taken":["M","$","M","?","?","R","E","R","T","E","R","?","E","M","R","BOSS","M","$","?","?","?","E","R","E","T","E","?","E","R","$","R","BOSS","M","?","?","M","?","E","R","E","T","M","$","M","$","M","R","BOSS","BOSS","R","$","E","BOSS"],"build_version":"2019-01-23","purchased_purges":0,"victory":true,"max_hp_per_floor":[71,71,71,71,76,76,76,76,76,76,76,76,83,83,83,83,83,83,83,83,83,83,83,83,83,83,83,83,83,83,83,83,83,88,88,88,88,88,88,88,88,88,88,90,90,90,90,92,92,92,92,92,92,92,92,92],"card_choices":[{"not_picked":["Undo","Blizzard","BootSequence"],"picked":"SKIP","floor":1.0},{"not_picked":["Go for the Eyes","Force Field"],"picked":"Cold Snap","floor":3.0},{"not_picked":["Amplify","Echo Form"],"picked":"Electrodynamics","floor":7.0},{"not_picked":["Reboot","Seek"],"picked":"Fission","floor":10.0},{"not_picked":["Aggregate","Hello World","Chaos"],"picked":"SKIP","floor":12.0},{"not_picked":["Electrodynamics","Reboot"],"picked":"Machine Learning","floor":13.0},{"not_picked":["Auto Shields","Leap","Compile Driver"],"picked":"SKIP","floor":14.0},{"not_picked":["Electrodynamics","Fission"],"picked":"Echo Form","floor":16.0},{"not_picked":["Streamline","Turbo","Beam Cell"],"picked":"SKIP","floor":18.0},{"not_picked":["Thunder Strike","Amplify","Reboot"],"picked":"SKIP","floor":21.0},{"not_picked":["Beam Cell","Gash"],"picked":"Coolheaded+1","floor":22.0},{"not_picked":["Meteor Strike","Electrodynamics"],"picked":"Rainbow","floor":23.0},{"not_picked":["Reboot","Thunder Strike","Electrodynamics"],"picked":"SKIP","floor":25.0},{"not_picked":["Machine Learning","Hyperbeam","All For One"],"picked":"SKIP","floor":27.0},{"not_picked":["Multi-Cast","Fission"],"picked":"Buffer","floor":29.0},{"not_picked":["Buffer","Hyperbeam"],"picked":"Echo Form","floor":33.0},{"not_picked":["Beam Cell","Compile Driver"],"picked":"Coolheaded+1","floor":34.0},{"not_picked":["Doom and Gloom+1","Sweeping Beam","Gash"],"picked":"SKIP","floor":35.0},{"not_picked":["Conserve Battery+1","Force Field"],"picked":"Capacitor+1","floor":37.0},{"not_picked":["Tempest","Streamline","Compile Driver"],"picked":"SKIP","floor":38.0},{"not_picked":["Core Surge","Thunder Strike"],"picked":"Fission","floor":40},{"not_picked":["Electrodynamics","Buffer"],"picked":"Creative AI","floor":42},{"not_picked":["Conserve Battery","Doom and Gloom","Sweeping Beam"],"picked":"Singing Bowl","floor":44},{"not_picked":["Barrage+1","Rip and Tear"],"picked":"Force Field+1","floor":46},{"not_picked":["Skim","Scrape","Melter"],"picked":"Singing Bowl","floor":48},{"not_picked":["Multi-Cast","Electrodynamics"],"picked":"Creative AI","floor":55}],"player_experience":2045291,"relics_obtained":[{"floor":7.0,"key":"Mummified Hand"},{"floor":9.0,"key":"Anchor"},{"floor":10.0,"key":"Happy Flower"},{"floor":13.0,"key":"Strawberry"},{"floor":21.0,"key":"Sundial"},{"floor":23.0,"key":"Cables"},{"floor":25.0,"key":"Turnip"},{"floor":26.0,"key":"Centennial Puzzle"},{"floor":27.0,"key":"Tiny Chest"},{"floor":29.0,"key":"Pen Nib"},{"floor":36.0,"key":"Gambling Chip"},{"floor":37.0,"key":"Calipers"},{"floor":40,"key":"Singing Bowl"},{"floor":42,"key":"Bottled Tornado"},{"floor":43,"key":"Gremlin Horn"},{"floor":55,"key":"Ornamental Fan"}],"event_choices":[{"damage_healed":0.0,"max_hp_gain":0.0,"max_hp_loss":0.0,"gold_gain":0.0,"event_name":"Living Wall","player_choice":"Grow","floor":4.0,"gold_loss":0.0,"damage_taken":0.0,"cards_upgraded":["Go for the Eyes"]},{"damage_healed":0.0,"max_hp_gain":5.0,"max_hp_loss":0.0,"gold_gain":0.0,"event_name":"Big Fish","player_choice":"Donut","floor":5.0,"gold_loss":0.0,"damage_taken":0.0},{"damage_healed":0.0,"max_hp_gain":0.0,"max_hp_loss":0.0,"gold_gain":0.0,"event_name":"WeMeetAgain","player_choice":"Gave Potion","floor":20.0,"gold_loss":0.0,"damage_taken":0.0,"relics_obtained":["Potion Belt"]},{"damage_healed":0.0,"max_hp_gain":0.0,"max_hp_loss":0.0,"gold_gain":0.0,"event_name":"The Library","player_choice":"Read","floor":28.0,"gold_loss":0.0,"damage_taken":0.0,"cards_obtained":["Self Repair"]},{"damage_healed":0.0,"max_hp_gain":0.0,"max_hp_loss":0.0,"gold_gain":0.0,"event_name":"Mysterious Sphere","player_choice":"Fight","floor":36.0,"gold_loss":0.0,"damage_taken":0.0},{"damage_healed":0.0,"max_hp_gain":0.0,"max_hp_loss":0.0,"gold_gain":0.0,"event_name":"MindBloom","player_choice":"Fight","floor":37.0,"gold_loss":0.0,"damage_taken":0.0}],"is_beta":false,"boss_relics":[{"not_picked":["Astrolabe","Ectoplasm"],"picked":"Philosopher\u0027s Stone"},{"not_picked":["Snecko Eye","Calling Bell"],"picked":"Tiny House"}],"items_purged_floors":[],"is_endless":false,"potions_floor_spawned":[3,10,14,23,27,29,33,35,36,46,48],"ascension_level":20}