{"gold_per_floor":[114,126,126,141,151,151,176,176,202,213,229,263,45,65,65,65],"floor_reached":16,"playtime":764,"items_purged":[],"score":228,"play_id":"3212c916-eb60-48ff-b4bf-cb9a689d1d75","local_time":"20190319062517","is_ascension_mode":true,"campfire_choices":[{"data":"True Grit","floor":6,"key":"SMITH"},{"data":"Inflame","floor":8,"key":"SMITH"},{"data":"Clothesline","floor":15,"key":"SMITH"}],"neow_cost":"NONE","seed_source_timestamp":575451181368500,"circlet_count":0,"master_deck":["AscendersBane","Strike_R","Strike_R","Strike_R","Strike_R","Strike_R","Defend_R","Defend_R","Defend_R","Defend_R","Bash+1","Inflame+1","Dropkick","True Grit+1","Evolve","Cleave","Pommel Strike","Clothesline+1","Corruption","Inflame+1","Exhume"],"relics":["Burning Blood","Strawberry","Smiling Mask","Lantern","Pen Nib","DollysMirror"],"potions_floor_usage":[7,16],"damage_taken":[{"damage":2,"enemies":"2 Louse","floor":1,"turns":3},{"damage":6,"enemies":"Cultist","floor":2,"turns":3},{"damage":7,"enemies":"Small Slimes","floor":4,"turns":3},{"damage":7,"enemies":"3 Louse","floor":5,"turns":5},{"damage":8,"enemies":"Gremlin Nob","floor":7,"turns":3},{"damage":1,"enemies":"Looter","floor":10,"turns":4},{"damage":1,"enemies":"Exordium Wildlife","floor":11,"turns":2},{"damage":21,"enemies":"Lagavulin","floor":12,"turns":7},{"damage":30,"enemies":"Gremlin Gang","floor":14,"turns":6},{"damage":43,"enemies":"The Guardian","floor":16,"turns":5}],"seed_played":"5968847614967925622","potions_obtained":[{"floor":1,"key":"SpeedPotion"},{"floor":4,"key":"FearPotion"},{"floor":7,"key":"SpeedPotion"}],"is_trial":false,"path_per_floor":["M","M","?","M","M","R","E","R","T","M","M","E","$","M","R","B"],"character_chosen":"IRONCLAD","items_purchased":["DollysMirror"],"campfire_rested":0,"item_purchase_floors":[13],"current_hp_per_floor":[72,72,79,78,77,77,75,75,75,80,82,67,67,43,43,0],"gold":65,"neow_bonus":"UPGRADE_CARD","is_prod":false,"is_daily":false,"chose_seed":false,"campfire_upgraded":3,"win_rate":0,"timestamp":1552976717,"path_taken":["M","M","?","M","M","R","E","R","T","M","M","E","?","M","R","BOSS"],"build_version":"2019-01-23","purchased_purges":0,"victory":false,"max_hp_per_floor":[75,75,82,82,82,82,82,82,82,82,82,82,82,82,82,82],"card_choices":[{"not_picked":["Sever Soul","Body Slam"],"picked":"Inflame","floor":1},{"not_picked":["Heavy Blade","Clothesline"],"picked":"Dropkick","floor":2},{"not_picked":["Clash","Uppercut"],"picked":"True Grit","floor":4},{"not_picked":["Dual Wield","Armaments"],"picked":"Evolve","floor":5},{"not_picked":["Dual Wield","Armaments"],"picked":"Cleave","floor":7},{"not_picked":["Rampage","Body Slam"],"picked":"Pommel Strike","floor":10},{"not_picked":["Flex","Body Slam"],"picked":"Clothesline","floor":11},{"not_picked":["Pommel Strike","Entrench"],"picked":"Corruption","floor":12},{"not_picked":["Uppercut","Combust"],"picked":"Exhume","floor":14}],"player_experience":2260609,"relics_obtained":[{"floor":3,"key":"Strawberry"},{"floor":7,"key":"Smiling Mask"},{"floor":9,"key":"Lantern"},{"floor":12,"key":"Pen Nib"}],"event_choices":[{"damage_healed":0,"gold_gain":0,"player_choice":"Relic","damage_taken":0,"max_hp_gain":0,"max_hp_loss":0,"event_name":"Wheel of Change","floor":3,"gold_loss":0}],"is_beta":false,"boss_relics":[],"items_purged_floors":[],"is_endless":false,"potions_floor_spawned":[1,4,5,7],"killed_by":"The Guardian","ascension_level":20}