{"gold_per_floor":[114,114,127,77,36,36,56,88,112,112,112,130,55,55],"floor_reached":14,"playtime":1139,"items_purged":["Strike_G"],"score":101,"play_id":"b9a292e8-8999-4f6e-ba88-fdea13ce9d3e","local_time":"20190505171632","is_ascension_mode":true,"campfire_choices":[{"floor":6,"key":"RECALL"},{"floor":10,"key":"REST"}],"neow_cost":"NONE","seed_source_timestamp":897159885969021,"circlet_count":0,"master_deck":["Defend_G","Defend_G","Defend_G","Defend_G","Defend_G","Strike_G","Strike_G","Strike_G","Survivor","Neutralize+1","Blur","Footwork","Deadly Poison","Dagger Throw"],"relics":["Philosopher\u0027s Stone","Lantern"],"potions_floor_usage":[14,14,14],"damage_taken":[{"damage":1,"enemies":"2 Louse","floor":1,"turns":4},{"damage":8,"enemies":"Small Slimes","floor":3,"turns":4},{"damage":0,"enemies":"Jaw Worm","floor":7,"turns":6},{"damage":59,"enemies":"3 Sentries","floor":8,"turns":27},{"damage":16,"enemies":"Exordium Wildlife","floor":12,"turns":6},{"damage":17,"enemies":"Gremlin Nob","floor":14,"turns":3}],"seed_played":"-7236434424516758848","potions_obtained":[{"floor":1,"key":"EssenceOfSteel"},{"floor":3,"key":"SkillPotion"},{"floor":12,"key":"SneckoOil"}],"is_trial":false,"path_per_floor":["M","?","M","?","?","R","M","E","T","R","?","M","$","E"],"character_chosen":"THE_SILENT","items_purchased":[],"campfire_rested":1,"item_purchase_floors":[],"current_hp_per_floor":[69,69,61,61,61,61,61,2,2,23,20,4,4,0],"gold":55,"neow_bonus":"BOSS_RELIC","is_prod":false,"is_daily":false,"chose_seed":false,"campfire_upgraded":0,"win_rate":0,"timestamp":1557069392,"path_taken":["M","?","M","?","?","R","M","E","T","R","?","M","$","E"],"build_version":"2019-01-23","purchased_purges":1,"victory":false,"max_hp_per_floor":[70,70,70,70,70,70,70,70,70,70,70,70,70,70],"card_choices":[{"not_picked":["Finisher","PiercingWail"],"picked":"Blur","floor":1},{"not_picked":["Eviscerate","Dagger Spray","PiercingWail"],"picked":"SKIP","floor":3},{"not_picked":["Well Laid Plans","Acrobatics"],"picked":"Footwork","floor":7},{"not_picked":["Wraith Form v2","Backflip"],"picked":"Deadly Poison","floor":8},{"not_picked":["Choke","Acrobatics"],"picked":"Dagger Throw","floor":12}],"player_experience":153790,"relics_obtained":[{"floor":8,"key":"Lantern"}],"event_choices":[{"damage_healed":0,"gold_gain":0,"player_choice":"Grow","damage_taken":0,"max_hp_gain":0,"max_hp_loss":0,"event_name":"Living Wall","floor":2,"gold_loss":0,"cards_upgraded":["Neutralize"]},{"cards_removed":["Strike_G"],"damage_healed":0,"gold_gain":0,"player_choice":"Card Removal","damage_taken":0,"max_hp_gain":0,"max_hp_loss":0,"event_name":"The Cleric","floor":4,"gold_loss":50},{"damage_healed":0,"gold_gain":0,"player_choice":"Left Gold","damage_taken":0,"max_hp_gain":0,"max_hp_loss":0,"event_name":"World of Goop","floor":5,"gold_loss":41},{"damage_healed":0,"gold_gain":0,"player_choice":"Fled","damage_taken":3,"max_hp_gain":0,"max_hp_loss":0,"event_name":"Scrap Ooze","floor":11,"gold_loss":0}],"is_beta":false,"boss_relics":[],"items_purged_floors":[13],"is_endless":false,"potions_floor_spawned":[1,3,12],"killed_by":"Gremlin Nob","ascension_level":3}