{"gold_per_floor":[117,117,127,127,127,127,154,173,173,207,207,241,211,228,228,331,331,331,254,254,254,31,31,31,31,31,31,31,31,31,31,31,31,31,31,31,31,31,31,31,31,31,31,31,31,31,31,31,31,31],"floor_reached":51,"playtime":1157,"items_purged":["Defend_R"],"score":1346,"play_id":"e787ea0c-990b-4d49-a55d-05d43665b58e","local_time":"25610720205850","is_ascension_mode":true,"campfire_choices":[{"data":"Blood for Blood","floor":6,"key":"SMITH"},{"floor":15,"key":"REST"},{"data":"Flex","floor":24,"key":"SMITH"},{"data":"Flex","floor":29,"key":"SMITH"},{"data":"Double Tap","floor":32,"key":"SMITH"},{"data":"Strike_R","floor":41,"key":"PURGE"},{"data":"Defend_R","floor":47,"key":"PURGE"},{"floor":49,"key":"REST"}],"neow_cost":"NONE","seed_source_timestamp":34680502907580,"circlet_count":0,"master_deck":["Strike_R+1","Strike_R+1","Defend_R","Defend_R","Bash","Whirlwind+1","Blood for Blood+1","Flex+1","Reaper","Flex+1","J.A.X.+1","Double Tap+1"],"relics":["Burning Blood","Paper Frog","Anchor","Self Forming Clay","Pear","Ectoplasm","NlothsMask","Happy Flower","Bag of Marbles","Ornamental Fan","Regal Pillow","Black Star","Peace Pipe","Letter Opener","Vajra","Whetstone","Pen Nib","Strawberry","Gremlin Horn","Red Skull","Juzu Bracelet"],"potions_floor_usage":[7,10,12,16,16,16,25,31,33,40,42,42,48,50],"damage_taken":[{"damage":11,"enemies":"Cultist","floor":1,"turns":4},{"damage":12,"enemies":"Jaw Worm","floor":3,"turns":3},{"damage":24,"enemies":"Gremlin Nob","floor":7,"turns":4},{"damage":13,"enemies":"Small Slimes","floor":8,"turns":2},{"damage":35,"enemies":"Lagavulin","floor":10,"turns":6},{"damage":8,"enemies":"Gremlin Nob","floor":12,"turns":3},{"damage":0,"enemies":"Gremlin Gang","floor":14,"turns":2},{"damage":28,"enemies":"Hexaghost","floor":16,"turns":8},{"damage":0,"enemies":"3 Byrds","floor":18,"turns":4},{"damage":24,"enemies":"Spheric Guardian","floor":21,"turns":4},{"damage":39,"enemies":"Gremlin Leader","floor":23,"turns":3},{"damage":8,"enemies":"Book of Stabbing","floor":25,"turns":1},{"damage":3,"enemies":"Snake Plant","floor":27,"turns":3},{"damage":0,"enemies":"Centurion and Healer","floor":28,"turns":1},{"damage":17,"enemies":"Slavers","floor":31,"turns":2},{"damage":52,"enemies":"Collector","floor":33,"turns":6},{"damage":0,"enemies":"Orb Walker","floor":35,"turns":1},{"damage":0,"floor":36,"turns":1},{"damage":32,"enemies":"3 Darklings","floor":38,"turns":4},{"damage":12,"enemies":"Transient","floor":39,"turns":5},{"damage":48,"enemies":"2 Orb Walkers","floor":40,"turns":5},{"damage":42,"enemies":"Nemesis","floor":42,"turns":3},{"damage":9,"enemies":"Flame Bruiser 2 Orb","floor":44,"turns":3},{"damage":8,"enemies":"2 Orb Walkers","floor":45,"turns":2},{"damage":40,"enemies":"Spire Growth","floor":46,"turns":4},{"damage":31,"enemies":"Transient","floor":48,"turns":5},{"damage":112,"enemies":"Time Eater","floor":50,"turns":7}],"seed_played":"-7940454135816560131","potions_obtained":[{"floor":1,"key":"SpeedPotion"},{"floor":8,"key":"Block Potion"},{"floor":10,"key":"Block Potion"},{"floor":12,"key":"Weak Potion"},{"floor":13,"key":"EssenceOfSteel"},{"floor":13,"key":"SpeedPotion"},{"floor":23,"key":"SkillPotion"},{"floor":25,"key":"GamblersBrew"},{"floor":28,"key":"Ancient Potion"},{"floor":31,"key":"Poison Potion"},{"floor":38,"key":"Fire Potion"},{"floor":39,"key":"PowerPotion"},{"floor":40,"key":"Fruit Juice"},{"floor":45,"key":"SteroidPotion"},{"floor":48,"key":"GamblersBrew"}],"is_trial":false,"path_per_floor":["M","?","M","?","?","R","E","M","T","E","?","E","?","M","R","B",null,"M","?","?","M","$","E","R","E","T","M","M","R","?","E","R","B",null,"M","?","T","M","M","E","R","E","T","M","E","M","R","M","R","B"],"character_chosen":"IRONCLAD","items_purchased":["Happy Flower"],"campfire_rested":2,"item_purchase_floors":[22],"current_hp_per_floor":[83,83,77,77,77,77,59,52,52,23,16,24,24,30,59,37,98,98,98,98,86,86,53,53,51,51,54,60,60,60,90,90,52,98,98,98,98,98,95,60,60,36,36,99,108,101,101,85,110,19],"gold":31,"neow_bonus":"TEN_PERCENT_HP_BONUS","is_prod":false,"is_daily":false,"chose_seed":false,"campfire_upgraded":4,"win_rate":0,"timestamp":1532095130,"path_taken":["M","?","M","?","?","R","E","?","T","E","?","E","?","M","R","BOSS","M","?","?","M","$","E","R","E","T","?","M","R","?","E","R","BOSS","M","?","?","M","M","E","R","E","T","?","E","M","R","M","R","BOSS"],"build_version":"2018-07-19v2","purchased_purges":1,"victory":true,"max_hp_per_floor":[88,88,88,88,88,88,88,88,88,88,88,98,98,98,98,98,98,98,98,98,98,98,98,98,98,98,98,98,98,98,98,98,98,98,98,98,98,98,98,98,98,110,110,110,110,110,110,110,110,110],"card_choices":[{"not_picked":["Reckless Charge","Entrench"],"picked":"Whirlwind","floor":1},{"not_picked":["Clothesline","Wild Strike"],"picked":"Blood for Blood","floor":3},{"not_picked":["Perfected Strike","Flame Barrier","Burning Pact"],"picked":"SKIP","floor":7},{"not_picked":["Headbutt","Pommel Strike","True Grit"],"picked":"SKIP","floor":8},{"not_picked":["Anger","Brutality"],"picked":"Flex","floor":10},{"not_picked":["Inflame","Heavy Blade","Body Slam"],"picked":"SKIP","floor":12},{"not_picked":["Blood for Blood","Cleave","Heavy Blade"],"picked":"SKIP","floor":14},{"not_picked":["Dark Embrace","Impervious"],"picked":"Reaper","floor":16},{"not_picked":["Armaments","Headbutt"],"picked":"Flex","floor":18},{"not_picked":["Anger","Flex","Corruption+1"],"picked":"SKIP","floor":21},{"not_picked":["Burning Pact","Metallicize","Clothesline"],"picked":"SKIP","floor":23},{"not_picked":["True Grit","Intimidate","Anger"],"picked":"SKIP","floor":25},{"not_picked":["Cleave","Rage","Ghostly Armor"],"picked":"SKIP","floor":27},{"not_picked":["Perfected Strike","Rampage","Feel No Pain+1"],"picked":"SKIP","floor":28},{"not_picked":["Burning Pact+1","Armaments"],"picked":"Double Tap","floor":31},{"not_picked":["Rage","Body Slam+1","True Grit"],"picked":"SKIP","floor":35},{"not_picked":["Shrug It Off+1","Perfected Strike+1","Infernal Blade"],"picked":"SKIP","floor":38},{"not_picked":["Disarm","Evolve+1","Havoc+1"],"picked":"SKIP","floor":39},{"not_picked":["Disarm","Fiend Fire","Clash+1"],"picked":"SKIP","floor":40},{"not_picked":["Disarm","Fiend Fire","Clash+1"],"picked":"SKIP","floor":40},{"not_picked":["Searing Blow","Seeing Red","Armaments"],"picked":"SKIP","floor":42},{"not_picked":["Thunderclap","Clothesline+1","Battle Trance"],"picked":"SKIP","floor":44},{"not_picked":["Perfected Strike","Warcry","Infernal Blade"],"picked":"SKIP","floor":45},{"not_picked":["Clothesline+1","Cleave+1","True Grit+1"],"picked":"SKIP","floor":46},{"not_picked":["Anger","Inflame+1","Sword Boomerang"],"picked":"SKIP","floor":48}],"player_experience":105650,"relics_obtained":[{"floor":7,"key":"Paper Frog"},{"floor":9,"key":"Anchor"},{"floor":10,"key":"Self Forming Clay"},{"floor":12,"key":"Pear"},{"floor":23,"key":"Bag of Marbles"},{"floor":25,"key":"Ornamental Fan"},{"floor":31,"key":"Regal Pillow"},{"floor":36,"key":"Peace Pipe"},{"floor":37,"key":"Letter Opener"},{"floor":40,"key":"Vajra"},{"floor":40,"key":"Whetstone"},{"floor":42,"key":"Pen Nib"},{"floor":42,"key":"Strawberry"},{"floor":43,"key":"Gremlin Horn"},{"floor":45,"key":"Red Skull"},{"floor":45,"key":"Juzu Bracelet"}],"event_choices":[{"event_name":"Transmorgrifier","player_choice":"Transform","floor":2,"damage_taken":0},{"event_name":"Upgrade Shrine","player_choice":"Upgraded","floor":4,"damage_taken":0},{"event_name":"Purifier","player_choice":"One Purge","floor":5,"damage_taken":0},{"event_name":"Golden Wing","player_choice":"Card Removal","floor":11,"damage_taken":0},{"event_name":"The Woman in Blue","player_choice":"Bought 2 Potions","floor":13,"damage_taken":0},{"event_name":"Drug Dealer","player_choice":"Got JAXXED","floor":19,"damage_taken":0},{"event_name":"FaceTrader","player_choice":"Trade","floor":20,"damage_taken":0},{"event_name":"Upgrade Shrine","player_choice":"Upgraded","floor":30,"damage_taken":0},{"event_name":"MindBloom","player_choice":"Fight","floor":36,"damage_taken":0}],"is_beta":false,"boss_relics":[{"not_picked":["Coffee Dripper","Fusion Hammer"],"picked":"Ectoplasm"},{"not_picked":["Mark of Pain","Runic Dome"],"picked":"Black Star"}],"items_purged_floors":[22],"is_endless":false,"potions_floor_spawned":[1,8,10,12,23,25,28,31,38,39,40,45,48],"ascension_level":4}