{"gold_per_floor":[113,113,3,3,3,28,46,78,101,121,121,121,21,31,31,126,126,139,155,3,22,40,68,84,84,134,146,21,54,66,80,80,175,175,191,291,302,355,355,355,365,365,365,6,21,46,64,99,99,99,99,99,99,129,129],"floor_reached":56,"playtime":1058,"items_purged":["Defend_R","Strike_R","Strike_R","Strike_R"],"score":1404,"play_id":"1b5ecffb-7eb0-411c-b7fc-2ef2a5153568","local_time":"20190114221210","is_ascension_mode":false,"campfire_choices":[{"data":"Whirlwind","floor":11,"key":"SMITH"},{"data":"Bludgeon","floor":15,"key":"SMITH"},{"floor":32,"key":"RECALL"},{"floor":40,"key":"REST"},{"floor":42,"key":"REST"},{"floor":49,"key":"REST"},{"floor":52,"key":"REST"}],"neow_cost":"NONE","seed_source_timestamp":436235672382773,"circlet_count":0,"master_deck":["Strike_R","Defend_R","Defend_R","Bash","Pommel Strike","Uppercut","Clothesline","Carnage","Whirlwind+1","Bludgeon+1","Shockwave+1","Headbutt+1","Disarm","Necronomicurse","Double Tap"],"relics":["Burning Blood","NeowsBlessing","Sundial","Du-Vu Doll","PreservedInsect","Bag of Marbles","Fusion Hammer","Vajra","Bag of Preparation","Necronomicon","Anchor","Bronze Scales","Philosopher\u0027s Stone","Turnip","ClockworkSouvenir","Strawberry","Bottled Lightning","Gremlin Horn"],"potions_floor_usage":[8,8,19,33,55,55,55],"damage_taken":[{"damage":0,"enemies":"Small Slimes","floor":1,"turns":1},{"damage":0,"enemies":"3 Sentries","floor":6,"turns":2},{"damage":0,"enemies":"Cultist","floor":7,"turns":1},{"damage":21,"enemies":"Lagavulin","floor":8,"turns":5},{"damage":0,"enemies":"2 Louse","floor":10,"turns":1},{"damage":0,"enemies":"Gremlin Gang","floor":14,"turns":1},{"damage":64,"enemies":"Hexaghost","floor":16,"turns":8},{"damage":10,"enemies":"2 Thieves","floor":18,"turns":2},{"damage":1,"enemies":"Chosen","floor":19,"turns":2},{"damage":0,"enemies":"Snake Plant","floor":21,"turns":2},{"damage":6,"enemies":"Snecko","floor":22,"turns":3},{"damage":0,"enemies":"Gremlin Leader","floor":23,"turns":2},{"damage":19,"enemies":"Shelled Parasite and Fungi","floor":24,"turns":3},{"damage":0,"enemies":"3 Cultists","floor":27,"turns":1},{"damage":0,"enemies":"Book of Stabbing","floor":29,"turns":1},{"damage":0,"enemies":"Snecko","floor":30,"turns":2},{"damage":0,"enemies":"Snake Plant","floor":31,"turns":1},{"damage":14,"enemies":"Automaton","floor":33,"turns":4},{"damage":0,"enemies":"3 Darklings","floor":35,"turns":2},{"damage":0,"enemies":"3 Shapes","floor":37,"turns":2},{"damage":0,"enemies":"2 Orb Walkers","floor":38,"turns":1},{"damage":0,"enemies":"Writhing Mass","floor":41,"turns":2},{"damage":0,"enemies":"4 Shapes","floor":45,"turns":1},{"damage":0,"enemies":"Spire Growth","floor":47,"turns":2},{"damage":0,"enemies":"Reptomancer","floor":48,"turns":1},{"damage":66,"enemies":"Time Eater","floor":50,"turns":7},{"damage":11,"enemies":"Shield and Spear","floor":54,"turns":3},{"damage":78,"enemies":"The Heart","floor":55,"turns":6}],"seed_played":"-2530494191903120455","potions_obtained":[{"floor":5,"key":"Regen Potion"},{"floor":5,"key":"AttackPotion"},{"floor":5,"key":"Strength Potion"},{"floor":6,"key":"EssenceOfSteel"},{"floor":8,"key":"EssenceOfSteel"},{"floor":14,"key":"EssenceOfSteel"},{"floor":18,"key":"Fruit Juice"},{"floor":22,"key":"Ancient Potion"},{"floor":27,"key":"Energy Potion"},{"floor":31,"key":"SteroidPotion"},{"floor":33,"key":"Swift Potion"}],"is_trial":false,"path_per_floor":["M","?","$","T","?","E","M","E","T","M","R","?","$","M","R","B",null,"M","M","$","M","M","E","M","?","T","M","$","E","M","M","R","B",null,"M","?","M","?","?","R","M","R","T","$","M","T","M","E","R","B",null,"R","$","E","B",null],"character_chosen":"IRONCLAD","items_purchased":["Uppercut","Vajra","ClockworkSouvenir"],"campfire_rested":4,"item_purchase_floors":[3,20,44],"current_hp_per_floor":[80,80,80,80,80,80,80,65,65,71,71,71,71,77,77,19,80,76,85,85,85,85,85,72,56,56,62,62,68,74,80,80,72,85,85,85,85,85,85,85,85,85,85,85,85,92,92,92,92,32,92,92,92,87,15],"gold":129,"neow_bonus":"THREE_ENEMY_KILL","is_prod":false,"is_daily":false,"chose_seed":false,"campfire_upgraded":2,"win_rate":0,"timestamp":1547500330,"path_taken":["M","?","$","?","?","E","?","E","T","M","R","?","?","M","R","BOSS","M","M","$","M","M","E","M","?","T","M","$","E","M","M","R","BOSS","M","?","?","?","?","R","?","R","T","$","M","?","M","E","R","BOSS","R","$","E","BOSS"],"build_version":"2019-01-10","purchased_purges":4,"victory":true,"max_hp_per_floor":[80,80,80,80,80,80,80,80,80,80,80,80,80,80,80,80,80,80,85,85,85,85,85,85,85,85,85,85,85,85,85,85,85,85,85,85,85,85,85,85,85,85,85,85,85,92,92,92,92,92,92,92,92,92,92],"card_choices":[{"not_picked":["Armaments","Heavy Blade"],"picked":"Pommel Strike","floor":1},{"not_picked":["Barricade","Body Slam"],"picked":"Clothesline","floor":6},{"not_picked":["Shrug It Off","Fire Breathing"],"picked":"Carnage","floor":7},{"not_picked":["Body Slam","Corruption"],"picked":"Whirlwind","floor":8},{"not_picked":["Cleave","Iron Wave"],"picked":"Bludgeon","floor":10},{"not_picked":["Clothesline","Flame Barrier","Intimidate"],"picked":"SKIP","floor":14},{"not_picked":["Bloodletting","Iron Wave+1","Armaments"],"picked":"SKIP","floor":18},{"not_picked":["Shrug It Off","Thunderclap"],"picked":"Shockwave+1","floor":19},{"not_picked":["Wild Strike","Armaments","Combust+1"],"picked":"SKIP","floor":21},{"not_picked":["Rupture","Sword Boomerang+1"],"picked":"Headbutt+1","floor":22},{"not_picked":["Power Through","Pummel"],"picked":"Disarm","floor":23},{"not_picked":["True Grit","Twin Strike","Searing Blow+1"],"picked":"SKIP","floor":24},{"not_picked":["Pommel Strike","Ghostly Armor+1","Berserk"],"picked":"SKIP","floor":27},{"not_picked":["Sever Soul","Uppercut+1","True Grit"],"picked":"SKIP","floor":29},{"not_picked":["Rupture","Searing Blow","Sword Boomerang"],"picked":"SKIP","floor":30},{"not_picked":["Shrug It Off","Sever Soul","Clash"],"picked":"SKIP","floor":31},{"not_picked":["Exhume","Fiend Fire"],"picked":"Double Tap","floor":33},{"not_picked":["Feel No Pain","Shockwave","Shrug It Off"],"picked":"SKIP","floor":35},{"not_picked":["Thunderclap","Clothesline+1","Pummel"],"picked":"SKIP","floor":37},{"not_picked":["Shrug It Off","True Grit","Rampage"],"picked":"SKIP","floor":41},{"not_picked":["Clothesline","Havoc","Fire Breathing"],"picked":"SKIP","floor":45},{"not_picked":["Heavy Blade+1","Thunderclap","Brutality"],"picked":"SKIP","floor":47},{"not_picked":["Anger+1","Sword Boomerang","Wild Strike"],"picked":"SKIP","floor":48},{"not_picked":["Second Wind","Anger","Dropkick+1"],"picked":"SKIP","floor":54}],"player_experience":456869,"relics_obtained":[{"floor":4,"key":"Sundial"},{"floor":6,"key":"Du-Vu Doll"},{"floor":8,"key":"PreservedInsect"},{"floor":9,"key":"Bag of Marbles"},{"floor":23,"key":"Bag of Preparation"},{"floor":25,"key":"Necronomicon"},{"floor":26,"key":"Anchor"},{"floor":29,"key":"Bronze Scales"},{"floor":38,"key":"Turnip"},{"floor":46,"key":"Strawberry"},{"floor":48,"key":"Bottled Lightning"},{"floor":54,"key":"Gremlin Horn"}],"event_choices":[{"cards_removed":["Defend_R"],"damage_healed":0,"gold_gain":0,"player_choice":"Card Removal","damage_taken":0,"max_hp_gain":0,"max_hp_loss":0,"event_name":"Wheel of Change","floor":2,"gold_loss":0},{"damage_healed":0,"gold_gain":0,"player_choice":"Got Potions","damage_taken":0,"max_hp_gain":0,"max_hp_loss":0,"event_name":"Lab","floor":5,"gold_loss":0},{"cards_removed":["Strike_R"],"damage_healed":0,"gold_gain":0,"player_choice":"Forget","damage_taken":0,"max_hp_gain":0,"max_hp_loss":0,"event_name":"Living Wall","floor":12,"gold_loss":0},{"damage_healed":0,"gold_gain":0,"player_choice":"Obtained Book","damage_taken":16,"max_hp_gain":0,"max_hp_loss":0,"event_name":"Cursed Tome","floor":25,"gold_loss":0},{"damage_healed":0,"gold_gain":100,"player_choice":"Pray","damage_taken":0,"max_hp_gain":0,"max_hp_loss":0,"event_name":"Golden Shrine","floor":36,"gold_loss":0},{"damage_healed":0,"gold_gain":0,"player_choice":"Fight","damage_taken":0,"max_hp_gain":0,"max_hp_loss":0,"event_name":"Mysterious Sphere","floor":38,"gold_loss":0},{"damage_healed":0,"gold_gain":0,"player_choice":"Bought 0 Potions","damage_taken":0,"max_hp_gain":0,"max_hp_loss":0,"event_name":"The Woman in Blue","floor":39,"gold_loss":0}],"is_beta":false,"boss_relics":[{"not_picked":["Black Star","Orrery"],"picked":"Fusion Hammer"},{"not_picked":["Lizard Tail","Eternal Feather"],"picked":"Philosopher\u0027s Stone"}],"items_purged_floors":[3,13,28,44],"is_endless":false,"potions_floor_spawned":[6,7,8,14,18,22,27,31,33,35,37],"ascension_level":0}