{"gold_per_floor":[114,131,131,155,171,171,194,207,207,241,265,305,305,319,319,414,477,471,471,521,545,570,570,570,570,570,584,499,155,169,189,189,288,288,303,317,650,630,649,649,292,292,292,304,304,330,100,129,129,129],"floor_reached":51,"playtime":2868,"items_purged":[],"score":1362,"play_id":"067b1233-edb0-4b97-8de6-ff1beeb0b626","local_time":"20190228174707","is_ascension_mode":true,"campfire_choices":[{"data":"Neutralize","floor":6.0,"key":"SMITH"},{"data":"Footwork","floor":13.0,"key":"SMITH"},{"data":"Dagger Spray","floor":15.0,"key":"SMITH"},{"floor":23,"key":"REST"},{"data":"Well Laid Plans","floor":25,"key":"SMITH"},{"floor":32,"key":"REST"},{"data":"Calculated Gamble","floor":40,"key":"SMITH"},{"data":"Noxious Fumes","floor":42,"key":"SMITH"},{"floor":45,"key":"REST"},{"floor":49,"key":"REST"}],"neow_cost":"NONE","seed_source_timestamp":34024421383735,"circlet_count":0,"master_deck":["AscendersBane","Defend_G+1","Defend_G+1","Defend_G+1","Defend_G+1","Defend_G+1","Strike_G+1","Strike_G+1","Strike_G+1","Strike_G+1","Strike_G+1","Survivor+1","Neutralize+1","Dagger Spray+1","Footwork+1","Calculated Gamble+1","Leg Sweep","Slice+1","Dash+1","Dodge and Roll","Bouncing Flask+1","Deflect","After Image+1","Skewer","Well Laid Plans+1","Backflip","Blur","Flying Knee","Malaise+1","Dodge and Roll+1","Cloak And Dagger+1","Malaise+1","Escape Plan+1","PiercingWail+1","PiercingWail+1","Noxious Fumes+1","Catalyst+1","Deadly Poison+1","Dodge and Roll+1","Blur+1","Burst+1","Deadly Poison+1"],"special_seed":0,"relics":["Lizard Tail","Mercury Hourglass","Strawberry","Mango","Tiny House","Whetstone","Toxic Egg 2","War Paint","Cursed Key","Bag of Preparation","Dodecahedron","Pen Nib"],"potions_floor_usage":[18,22,33,36,46,48,50],"damage_taken":[{"damage":0.0,"enemies":"Jaw Worm","floor":1.0,"turns":5.0},{"damage":2.0,"enemies":"2 Louse","floor":2.0,"turns":2.0},{"damage":8.0,"enemies":"Cultist","floor":4.0,"turns":6.0},{"damage":6.0,"enemies":"Exordium Wildlife","floor":5.0,"turns":5.0},{"damage":6.0,"enemies":"Looter","floor":7.0,"turns":4.0},{"damage":5.0,"enemies":"3 Louse","floor":8.0,"turns":4.0},{"damage":17.0,"enemies":"Lagavulin","floor":10.0,"turns":11.0},{"damage":3.0,"enemies":"Red Slaver","floor":11.0,"turns":4.0},{"damage":0.0,"enemies":"3 Sentries","floor":12.0,"turns":9.0},{"damage":0.0,"enemies":"Large Slime","floor":14.0,"turns":7.0},{"damage":23.0,"enemies":"Slime Boss","floor":16.0,"turns":14.0},{"damage":0,"enemies":"2 Thieves","floor":18,"turns":4},{"damage":25,"enemies":"Spheric Guardian","floor":21,"turns":10},{"damage":13,"enemies":"Snecko","floor":22,"turns":7},{"damage":0,"enemies":"Cultist and Chosen","floor":27,"turns":9},{"damage":18,"enemies":"Chosen and Byrds","floor":30,"turns":7},{"damage":0,"enemies":"Centurion and Healer","floor":31,"turns":9},{"damage":17,"enemies":"Automaton","floor":33,"turns":21},{"damage":2,"enemies":"Orb Walker","floor":35,"turns":5},{"damage":15,"enemies":"3 Darklings","floor":36,"turns":7},{"damage":1,"enemies":"Writhing Mass","floor":39,"turns":11},{"damage":9,"enemies":"Jaw Worm Horde","floor":44,"turns":6},{"damage":22,"enemies":"Nemesis","floor":46,"turns":9},{"damage":9,"enemies":"Reptomancer","floor":48,"turns":9},{"damage":10,"enemies":"Time Eater","floor":50,"turns":12}],"seed_played":"-8121049800819694802","potions_obtained":[{"floor":2.0,"key":"SkillPotion"},{"floor":4.0,"key":"EssenceOfSteel"},{"floor":5.0,"key":"SkillPotion"},{"floor":10.0,"key":"SpeedPotion"},{"floor":11.0,"key":"EntropicBrew"},{"floor":14.0,"key":"Explosive Potion"},{"floor":17,"key":"Block Potion"},{"floor":21,"key":"GhostInAJar"},{"floor":22,"key":"SteroidPotion"},{"floor":35,"key":"Energy Potion"},{"floor":38,"key":"Weak Potion"},{"floor":46,"key":"Block Potion"},{"floor":48,"key":"Fire Potion"}],"is_trial":false,"path_per_floor":["M","M","?","M","M","R","M","M","T","E","M","E","R","M","R","B",null,"M","?","?","M","M","R","?","R","T","M","?","$","M","M","R","B",null,"M","M","?","?","M","R","$","R","T","M","R","E","$","E","R","B",null],"character_chosen":"THE_SILENT","items_purchased":["Malaise+1","War Paint","Energy Potion","Noxious Fumes","Catalyst+1","Deadly Poison+1","Bag of Preparation","Burst+1","Deadly Poison+1","Dexterity Potion"],"campfire_rested":4,"item_purchase_floors":[29,29,29,41,41,41,41,47,47,47],"current_hp_per_floor":[59,57,57,49,43,43,37,32,32,22,19,33,33,33,33,10,68,68,68,68,43,30,55,55,55,55,55,55,55,37,37,62,45,76,74,59,59,59,58,58,58,58,58,49,74,52,52,43,68,58],"gold":129,"neow_bonus":"BOSS_RELIC","is_prod":false,"is_daily":false,"chose_seed":false,"campfire_upgraded":6,"win_rate":0,"timestamp":1551404827,"path_taken":["M","M","?","M","M","R","M","M","T","E","M","E","R","M","R","BOSS","M","?","?","M","?","R","?","R","T","M","?","$","M","M","R","BOSS","M","M","?","?","?","R","$","R","T","M","R","E","$","E","R","BOSS"],"build_version":"2019-01-23","purchased_purges":0,"victory":true,"max_hp_per_floor":[66,66,60,60,60,60,60,60,60,67,67,81,81,81,81,81,86,86,86,86,86,86,86,86,86,86,86,86,86,86,86,86,86,86,86,86,86,86,86,86,86,86,86,86,86,86,86,86,86,86],"card_choices":[{"not_picked":["Outmaneuver","PiercingWail"],"picked":"Dagger Spray","floor":1.0},{"not_picked":["Deflect","Sucker Punch"],"picked":"Footwork","floor":2.0},{"not_picked":["Acrobatics","Bane"],"picked":"Calculated Gamble","floor":4.0},{"not_picked":["Dodge and Roll","Accuracy"],"picked":"Leg Sweep","floor":5.0},{"not_picked":["Accuracy","Acrobatics"],"picked":"Slice","floor":7.0},{"not_picked":["Terror","PiercingWail"],"picked":"Dash","floor":8.0},{"not_picked":["Riddle With Holes","Tactician"],"picked":"Dodge and Roll","floor":10.0},{"not_picked":["Dagger Spray","Underhanded Strike"],"picked":"Bouncing Flask","floor":11.0},{"not_picked":["Deadly Poison","Slice","Quick Slash"],"picked":"SKIP","floor":12.0},{"not_picked":["Blade Dance","Dodge and Roll"],"picked":"Deflect","floor":14.0},{"not_picked":["Storm of Steel","Corpse Explosion"],"picked":"After Image","floor":16.0},{"not_picked":["Finisher","Outmaneuver"],"picked":"Skewer","floor":17},{"not_picked":["Dagger Throw","Terror","Prepared"],"picked":"SKIP","floor":18},{"not_picked":["Well Laid Plans","Quick Slash"],"picked":"Backflip","floor":21},{"not_picked":["Caltrops","Expertise"],"picked":"Blur","floor":22},{"not_picked":["Dagger Throw","Leg Sweep"],"picked":"Flying Knee","floor":27},{"not_picked":["Predator","Blur+1"],"picked":"Dodge and Roll+1","floor":30},{"not_picked":["Dagger Spray","Acrobatics+1"],"picked":"Cloak And Dagger+1","floor":31},{"not_picked":["Glass Knife","Envenom"],"picked":"Malaise+1","floor":33},{"not_picked":["Deflect+1","Reflex+1"],"picked":"Escape Plan+1","floor":35},{"not_picked":["Flying Knee","Dodge and Roll+1"],"picked":"PiercingWail+1","floor":36},{"not_picked":["Blade Dance+1","Footwork"],"picked":"PiercingWail+1","floor":39},{"not_picked":["Distraction+1","Choke"],"picked":"Dodge and Roll+1","floor":44},{"not_picked":["Blade Dance+1","Heel Hook"],"picked":"Blur+1","floor":46},{"not_picked":["Masterful Stab+1","Poisoned Stab","Blade Dance+1"],"picked":"SKIP","floor":48}],"player_experience":2294221,"relics_obtained":[{"floor":9.0,"key":"Mercury Hourglass"},{"floor":10.0,"key":"Strawberry"},{"floor":12.0,"key":"Mango"},{"floor":26,"key":"Whetstone"},{"floor":46,"key":"Dodecahedron"},{"floor":48,"key":"Pen Nib"}],"event_choices":[{"damage_healed":0.0,"max_hp_gain":0.0,"max_hp_loss":6.0,"gold_gain":0.0,"event_name":"Golden Idol","player_choice":"Lose Max HP","floor":3.0,"gold_loss":0.0,"damage_taken":0.0,"relics_obtained":["Golden Idol"]},{"damage_healed":0,"gold_gain":0,"player_choice":"Read","damage_taken":0,"max_hp_gain":0,"max_hp_loss":0,"event_name":"The Library","floor":19,"gold_loss":0,"cards_obtained":["Well Laid Plans"]},{"damage_healed":0,"gold_gain":100,"player_choice":"Bet on Murderer","damage_taken":0,"max_hp_gain":0,"max_hp_loss":0,"event_name":"The Joust","floor":20,"gold_loss":50},{"damage_healed":0,"gold_gain":0,"player_choice":"Simplicity","damage_taken":0,"max_hp_gain":0,"max_hp_loss":0,"event_name":"Back to Basics","floor":24,"gold_loss":0,"cards_upgraded":["Defend_G","Defend_G","Defend_G","Defend_G","Defend_G","Strike_G","Strike_G","Strike_G","Strike_G","Strike_G"]},{"damage_healed":0,"gold_gain":0,"player_choice":"Obtained Relic","damage_taken":0,"relics_obtained":["Toxic Egg 2"],"max_hp_gain":0,"max_hp_loss":0,"event_name":"Addict","floor":28,"gold_loss":85},{"damage_healed":0,"gold_gain":333,"player_choice":"Gave Idol","damage_taken":0,"max_hp_gain":0,"max_hp_loss":0,"event_name":"The Moai Head","floor":37,"relics_lost":["Golden Idol"],"gold_loss":0},{"damage_healed":0,"gold_gain":0,"player_choice":"Bought 1 Potion","damage_taken":0,"max_hp_gain":0,"max_hp_loss":0,"event_name":"The Woman in Blue","floor":38,"gold_loss":0}],"is_beta":false,"boss_relics":[{"not_picked":["HoveringKite","Orrery"],"picked":"Tiny House"},{"not_picked":["Empty Cage","Runic Dome"],"picked":"Cursed Key"}],"items_purged_floors":[],"is_endless":false,"potions_floor_spawned":[2,4,5,10,11,14,21,22,35,46,48],"ascension_level":15}