{"gold_per_floor":[212,227,238,254,9,38,38,68,68,68],"floor_reached":10,"playtime":363,"items_purged":["Defend_B"],"score":156,"play_id":"1d94a803-880c-4d87-9d2e-7bcb01bf2a5d","local_time":"20190407234238","is_ascension_mode":true,"campfire_choices":[{"floor":7.0,"key":"REST"}],"neow_cost":"NONE","seed_source_timestamp":43544083821300,"circlet_count":0,"master_deck":["AscendersBane","Strike_B","Strike_B","Strike_B","Strike_B","Defend_B","Defend_B","Defend_B","Zap","Dualcast","Glacier","Auto Shields","Glacier","Hello World","Chill","Ball Lightning","Self Repair"],"special_seed":0,"relics":["Cracked Core","Pantograph","Sundial"],"potions_floor_usage":[],"damage_taken":[{"damage":0.0,"enemies":"Cultist","floor":1.0,"turns":3.0},{"damage":3.0,"enemies":"Small Slimes","floor":2.0,"turns":3.0},{"damage":11.0,"enemies":"2 Louse","floor":3.0,"turns":3.0},{"damage":1.0,"enemies":"Lots of Slimes","floor":4.0,"turns":2.0},{"damage":45.0,"enemies":"Gremlin Nob","floor":6.0,"turns":5.0},{"damage":4.0,"enemies":"Lagavulin","floor":8.0,"turns":8.0},{"damage":46,"enemies":"Gremlin Nob","floor":10,"turns":4}],"seed_played":"-2439623516703178762","potions_obtained":[{"floor":3.0,"key":"Explosive Potion"}],"is_trial":false,"path_per_floor":["M","M","M","M","$","E","R","E","T","E"],"character_chosen":"DEFECT","items_purchased":["Hello World","Chill"],"campfire_rested":1,"item_purchase_floors":[5,5],"current_hp_per_floor":[64,61,50,49,49,4,25,21,21,0],"gold":68,"neow_bonus":"HUNDRED_GOLD","is_prod":false,"is_daily":false,"chose_seed":false,"campfire_upgraded":0,"win_rate":0,"timestamp":1554651758,"path_taken":["M","?","M","M","$","E","R","E","T","E"],"build_version":"2019-04-04","purchased_purges":1,"victory":false,"max_hp_per_floor":[71,71,71,71,71,71,71,71,71,71],"card_choices":[{"not_picked":["Hologram","Sweeping Beam"],"picked":"Glacier","floor":1.0},{"not_picked":["Steam","Turbo"],"picked":"Auto Shields","floor":2.0},{"not_picked":["Storm","Reprogram","Lockon"],"picked":"SKIP","floor":3.0},{"not_picked":["Cold Snap","Stack"],"picked":"Glacier","floor":4.0},{"not_picked":["Beam Cell","Capacitor"],"picked":"Ball Lightning","floor":6.0},{"not_picked":["Ball Lightning","Heatsinks"],"picked":"Self Repair","floor":8.0}],"player_experience":1354636,"relics_obtained":[{"floor":8.0,"key":"Pantograph"},{"floor":9.0,"key":"Sundial"}],"event_choices":[],"is_beta":true,"boss_relics":[],"items_purged_floors":[5],"is_endless":false,"potions_floor_spawned":[3],"killed_by":"Gremlin Nob","ascension_level":20}