{"gold_per_floor":[113,126,139,214,214,214,234,244,269,306,318,341,364,404,416,505,517,545,482,482,482,249,274,224,224,251,251,285,303,303,336,336,410,410,425,425,84,130,5,5,61,61,109,109,137,151,151,161,161,161],"floor_reached":51,"playtime":2044,"items_purged":["Strike_R","Strike_R","Writhe"],"score":1308,"play_id":"35e16ea0-400d-437f-8d95-351eb3e2111d","local_time":"20181012194355","is_ascension_mode":true,"campfire_choices":[{"data":"Bash","floor":6.0,"key":"SMITH"},{"data":"Spot Weakness","floor":11.0,"key":"SMITH"},{"data":"True Grit","floor":15.0,"key":"SMITH"},{"data":"True Grit","floor":25.0,"key":"SMITH"},{"data":"Exhume","floor":27.0,"key":"SMITH"},{"data":"Pummel","floor":30.0,"key":"SMITH"},{"data":"Spot Weakness","floor":32.0,"key":"SMITH"},{"floor":40.0,"key":"REST"},{"floor":42.0,"key":"REST"},{"data":"Limit Break","floor":44.0,"key":"SMITH"},{"floor":49,"key":"REST"}],"neow_cost":"NONE","seed_source_timestamp":0,"circlet_count":0,"master_deck":["Strike_R","Strike_R","Defend_R","Defend_R","Defend_R","Defend_R","Bash+1","AscendersBane","Spot Weakness+1","Iron Wave","Heavy Blade","Anger","Sword Boomerang","True Grit+1","Twin Strike","Exhume+1","Feel No Pain+1","Juggernaut","RitualDagger","Pummel+1","True Grit+1","Impervious","Armaments","Pommel Strike+1","Spot Weakness+1","Limit Break+1","Pummel","Fiend Fire","Parasite"],"special_seed":0,"relics":["Burning Blood","Bronze Scales","MawBank","Ancient Tea Set","Bag of Marbles","Cursed Key","Incense Burner","Lantern","The Courier","Oddly Smooth Stone","Busted Crown","Dead Branch","Magic Flower","Orichalcum","Tiny Chest","Omamori","Blood Vial","Dream Catcher"],"potions_floor_usage":[45,50,50],"damage_taken":[{"damage":6.0,"enemies":"Cultist","floor":1.0,"turns":3.0},{"damage":5.0,"enemies":"2 Louse","floor":2.0,"turns":3.0},{"damage":2.0,"enemies":"Small Slimes","floor":3.0,"turns":5.0},{"damage":12.0,"enemies":"Looter","floor":7.0,"turns":3.0},{"damage":3.0,"enemies":"Blue Slaver","floor":8.0,"turns":3.0},{"damage":30.0,"enemies":"Lagavulin","floor":10.0,"turns":7.0},{"damage":1.0,"enemies":"Exordium Thugs","floor":12.0,"turns":3.0},{"damage":1.0,"enemies":"2 Fungi Beasts","floor":13.0,"turns":3.0},{"damage":13.0,"enemies":"Gremlin Nob","floor":14.0,"turns":4.0},{"damage":38.0,"enemies":"Hexaghost","floor":16.0,"turns":6.0},{"damage":11.0,"enemies":"Shell Parasite","floor":18.0,"turns":4.0},{"damage":13.0,"enemies":"Gremlin Leader","floor":23.0,"turns":4.0},{"damage":10.0,"enemies":"Book of Stabbing","floor":28.0,"turns":4.0},{"damage":0.0,"enemies":"3 Byrds","floor":29.0,"turns":4.0},{"damage":6.0,"enemies":"Gremlin Leader","floor":31.0,"turns":5.0},{"damage":25.0,"enemies":"Champ","floor":33.0,"turns":13.0},{"damage":21.0,"enemies":"3 Shapes","floor":35.0,"turns":5.0},{"damage":36.0,"enemies":"Mysterious Sphere","floor":38.0,"turns":7.0},{"damage":20.0,"enemies":"Giant Head","floor":41.0,"turns":8.0},{"damage":22,"enemies":"2 Orb Walkers","floor":45,"turns":4},{"damage":6,"enemies":"3 Darklings","floor":46,"turns":5},{"damage":30,"enemies":"Maw","floor":48,"turns":5},{"damage":49,"enemies":"Awakened One","floor":50,"turns":9}],"seed_played":"-6365931666400127478","potions_obtained":[{"floor":1.0,"key":"SpeedPotion"},{"floor":7.0,"key":"Regen Potion"},{"floor":8.0,"key":"Regen Potion"},{"floor":13.0,"key":"Weak Potion"},{"floor":16.0,"key":"SkillPotion"},{"floor":23.0,"key":"LiquidBronze"},{"floor":28.0,"key":"FearPotion"},{"floor":38.0,"key":"Explosive Potion"},{"floor":41.0,"key":"Strength Potion"},{"floor":45,"key":"SteroidPotion"}],"is_trial":false,"path_per_floor":["M","M","M","?","?","R","M","M","T","E","R","M","M","E","R","B",null,"M","$","?","?","$","E","$","R","T","R","E","M","R","E","R","B",null,"M","?","$","?","$","R","E","R","T","R","E","M","T","M","R","B"],"character_chosen":"IRONCLAD","items_purchased":["Pummel","True Grit","SteroidPotion","Dead Branch","Orichalcum"],"campfire_rested":3,"item_purchase_floors":[22,22,24,37,39],"current_hp_per_floor":[68,69,73,62,67,67,61,64,64,54,54,59,64,57,57,25,66,61,61,61,55,55,60,60,60,60,60,56,62,62,62,62,43,71,56,56,56,26,26,50,39,63,63,63,50,56,56,38,62,25],"gold":161,"neow_bonus":"RANDOM_COMMON_RELIC","is_prod":false,"is_daily":false,"chose_seed":false,"campfire_upgraded":8,"win_rate":0,"timestamp":1539398635,"path_taken":["M","M","?","?","?","R","M","M","T","E","R","M","M","E","R","BOSS","M","$","?","?","$","E","?","R","T","R","E","?","R","E","R","BOSS","M","?","$","?","$","R","E","R","T","R","E","M","?","?","R","BOSS"],"build_version":"2018-10-11","purchased_purges":3,"victory":true,"max_hp_per_floor":[75,75,75,75,80,80,80,80,80,80,80,80,80,80,80,80,80,80,80,80,80,80,80,80,80,80,80,80,80,80,80,80,80,80,80,80,80,80,80,80,80,80,80,80,80,80,80,80,80,80],"card_choices":[{"not_picked":["Flex","Anger"],"picked":"Spot Weakness","floor":1.0},{"not_picked":["Sentinel","Thunderclap"],"picked":"Iron Wave","floor":2.0},{"not_picked":["Entrench","Exhume"],"picked":"Heavy Blade","floor":3.0},{"not_picked":["Hemokinesis","Searing Blow"],"picked":"Anger","floor":7.0},{"not_picked":["Bloodletting","Heavy Blade","Warcry"],"picked":"SKIP","floor":8.0},{"not_picked":["Clothesline","Evolve","Berserk"],"picked":"SKIP","floor":10.0},{"not_picked":["Hemokinesis","Flex"],"picked":"Sword Boomerang","floor":12.0},{"not_picked":["Reckless Charge","Headbutt"],"picked":"True Grit","floor":13.0},{"not_picked":["Rage","Fire Breathing"],"picked":"Twin Strike","floor":14.0},{"not_picked":["Double Tap","Brutality"],"picked":"Exhume","floor":16.0},{"not_picked":["Thunderclap","Clothesline"],"picked":"Feel No Pain+1","floor":18.0},{"not_picked":["Flame Barrier+1","Anger"],"picked":"Impervious","floor":23.0},{"not_picked":["Warcry","Havoc+1"],"picked":"Armaments","floor":28.0},{"not_picked":["Heavy Blade","Seeing Red+1"],"picked":"Pommel Strike+1","floor":29.0},{"not_picked":["Iron Wave","Havoc"],"picked":"Spot Weakness","floor":31.0},{"not_picked":["Brutality","Exhume"],"picked":"Limit Break","floor":33.0},{"not_picked":["Reckless Charge"],"picked":"SKIP","floor":35.0},{"not_picked":[],"picked":"Pummel","floor":38.0},{"not_picked":[],"picked":"Fiend Fire","floor":41.0},{"not_picked":["Dual Wield+1"],"picked":"SKIP","floor":45},{"not_picked":["Entrench"],"picked":"SKIP","floor":46},{"not_picked":["Anger+1"],"picked":"SKIP","floor":48}],"player_experience":1346065,"relics_obtained":[{"floor":9.0,"key":"MawBank"},{"floor":10.0,"key":"Ancient Tea Set"},{"floor":14.0,"key":"Bag of Marbles"},{"floor":23.0,"key":"Incense Burner"},{"floor":26.0,"key":"Lantern"},{"floor":28.0,"key":"The Courier"},{"floor":31.0,"key":"Oddly Smooth Stone"},{"floor":38.0,"key":"Magic Flower"},{"floor":41.0,"key":"Tiny Chest"},{"floor":43.0,"key":"Omamori"},{"floor":45,"key":"Blood Vial"},{"floor":47,"key":"Dream Catcher"}],"event_choices":[{"event_name":"World of Goop","player_choice":"Gather Gold","floor":4.0,"damage_taken":0.0},{"event_name":"Big Fish","player_choice":"Donut","floor":5.0,"damage_taken":0.0},{"event_name":"Transmorgrifier","player_choice":"Transform","floor":20.0,"damage_taken":0.0},{"event_name":"Nest","player_choice":"Joined the Cult","floor":21.0,"damage_taken":0.0},{"event_name":"Tomb of Lord Red Mask","player_choice":"Ignored","floor":36.0,"damage_taken":0.0},{"event_name":"Mysterious Sphere","player_choice":"Fight","floor":38.0,"damage_taken":0.0}],"is_beta":false,"boss_relics":[{"not_picked":["Philosopher\u0027s Stone","Coffee Dripper"],"picked":"Cursed Key"},{"not_picked":["Velvet Choker","Astrolabe"],"picked":"Busted Crown"}],"items_purged_floors":[19,22,37],"is_endless":false,"potions_floor_spawned":[1,7,8,13,16,23,28,38,41,45,48],"ascension_level":15}