{"gold_per_floor":[112,20,30,47,103,131,131,162,186,217,246,258,299,328,340,429,441,473,504,534,561,75,75,107,107,107,139,15,35,48,48,48,48],"floor_reached":33,"playtime":1117,"items_purged":["Strike_R","Strike_R"],"score":566,"play_id":"39d94319-4908-4693-b784-49e799ec8909","local_time":"20190409104748","is_ascension_mode":true,"campfire_choices":[{"data":"Bash","floor":7,"key":"SMITH"},{"data":"Whirlwind","floor":12,"key":"SMITH"},{"data":"Uppercut","floor":15,"key":"SMITH"},{"data":"Spot Weakness","floor":23,"key":"SMITH"},{"floor":25,"key":"REST"},{"data":"Heavy Blade","floor":32,"key":"SMITH"}],"neow_cost":"NONE","seed_source_timestamp":11823313884585,"circlet_count":0,"master_deck":["AscendersBane","Strike_R","Strike_R","Strike_R","Defend_R","Defend_R","Defend_R","Defend_R","Bash+1","Shrug It Off","Spot Weakness+1","Shrug It Off","Heavy Blade+1","Twin Strike","Iron Wave","Whirlwind+1","Pommel Strike","Uppercut+1","Shrug It Off","Fiend Fire","Armaments+1","Ghostly Armor+1","Havoc+1","Metallicize+1","Shrug It Off","Flame Barrier","Shrug It Off","Body Slam+1","Decay"],"relics":["Burning Blood","Boot","Regal Pillow","MawBank","Paper Frog","Velvet Choker","Meat on the Bone","Art of War","Ginger","Singing Bowl","Turnip"],"potions_floor_usage":[0,6,8,13,16,16,20,20,24,33,33],"damage_taken":[{"damage":12,"enemies":"Jaw Worm","floor":1,"turns":4},{"damage":1,"enemies":"2 Louse","floor":3,"turns":4},{"damage":2,"enemies":"Cultist","floor":4,"turns":4},{"damage":30,"enemies":"Gremlin Nob","floor":6,"turns":4},{"damage":12,"enemies":"3 Sentries","floor":8,"turns":5},{"damage":11,"enemies":"Exordium Thugs","floor":10,"turns":5},{"damage":2,"enemies":"3 Louse","floor":11,"turns":3},{"damage":20,"enemies":"Gremlin Nob","floor":13,"turns":4},{"damage":0,"enemies":"2 Fungi Beasts","floor":14,"turns":2},{"damage":25,"enemies":"Slime Boss","floor":16,"turns":7},{"damage":17,"enemies":"Spheric Guardian","floor":18,"turns":4},{"damage":0,"enemies":"Chosen","floor":19,"turns":3},{"damage":5,"enemies":"Snake Plant","floor":20,"turns":4},{"damage":22,"enemies":"Shelled Parasite and Fungi","floor":21,"turns":5},{"damage":41,"enemies":"Slavers","floor":24,"turns":4},{"damage":40,"enemies":"Book of Stabbing","floor":27,"turns":7},{"damage":15,"enemies":"Snecko","floor":29,"turns":5},{"damage":13,"enemies":"3 Cultists","floor":30,"turns":6},{"damage":63,"enemies":"Automaton","floor":33,"turns":8}],"seed_played":"2343879053169625493","potions_obtained":[{"floor":0,"key":"Fruit Juice"},{"floor":0,"key":"Strength Potion"},{"floor":0,"key":"AttackPotion"},{"floor":10,"key":"Fire Potion"},{"floor":11,"key":"Poison Potion"},{"floor":14,"key":"Fire Potion"},{"floor":16,"key":"Fire Potion"},{"floor":19,"key":"BloodPotion"},{"floor":20,"key":"Swift Potion"},{"floor":21,"key":"FairyPotion"},{"floor":29,"key":"Poison Potion"},{"floor":30,"key":"LiquidBronze"}],"is_trial":false,"path_per_floor":["M","$","M","M","?","E","R","E","T","M","M","R","E","M","R","B",null,"M","M","M","M","$","R","E","R","T","E","$","M","M","?","R","B"],"character_chosen":"IRONCLAD","items_purchased":["Spot Weakness","Shrug It Off","Meat on the Bone","Shrug It Off","Art of War","Shrug It Off"],"campfire_rested":1,"item_purchase_floors":[2,2,22,22,22,28],"current_hp_per_floor":[67,67,72,76,76,52,52,46,46,41,45,45,31,37,37,18,65,54,60,69,53,53,53,30,69,69,47,47,50,57,57,57,0],"gold":48,"neow_bonus":"THREE_SMALL_POTIONS","is_prod":false,"is_daily":false,"chose_seed":false,"campfire_upgraded":5,"win_rate":0,"timestamp":1554832068,"path_taken":["M","$","M","M","?","E","R","E","T","M","M","R","E","M","R","BOSS","M","M","M","M","$","R","E","R","T","E","$","M","M","?","R","BOSS"],"build_version":"2019-01-23","purchased_purges":2,"victory":false,"max_hp_per_floor":[80,80,80,80,80,80,80,80,80,80,80,80,80,80,80,80,80,80,80,80,80,80,80,80,80,80,80,80,80,82,82,82,82],"card_choices":[{"not_picked":["Combust","Wild Strike"],"picked":"Shrug It Off","floor":1},{"not_picked":["Seeing Red","Spot Weakness"],"picked":"Heavy Blade","floor":3},{"not_picked":["Dropkick","Flame Barrier"],"picked":"Twin Strike","floor":4},{"not_picked":["Power Through","Clash"],"picked":"Iron Wave","floor":6},{"not_picked":["Sentinel","Hemokinesis"],"picked":"Whirlwind","floor":8},{"not_picked":["Perfected Strike","Thunderclap"],"picked":"Pommel Strike","floor":10},{"not_picked":["Wild Strike","Pummel","Thunderclap"],"picked":"SKIP","floor":11},{"not_picked":["Sword Boomerang","Entrench"],"picked":"Uppercut","floor":13},{"not_picked":["Rampage","Rage"],"picked":"Shrug It Off","floor":14},{"not_picked":["Bludgeon","Juggernaut"],"picked":"Fiend Fire","floor":16},{"not_picked":["Perfected Strike","Thunderclap"],"picked":"Armaments+1","floor":18},{"not_picked":["Pommel Strike","Burning Pact"],"picked":"Ghostly Armor+1","floor":19},{"not_picked":["Twin Strike","Dropkick"],"picked":"Havoc+1","floor":20},{"not_picked":["Infernal Blade+1","Cleave"],"picked":"Metallicize+1","floor":21},{"not_picked":["Shockwave","Cleave+1","Power Through"],"picked":"SKIP","floor":24},{"not_picked":["Warcry","Burning Pact"],"picked":"Flame Barrier","floor":27},{"not_picked":["Clothesline","Flame Barrier"],"picked":"Body Slam+1","floor":29},{"not_picked":["Thunderclap","Rage","Heavy Blade"],"picked":"Singing Bowl","floor":30}],"player_experience":2435868,"relics_obtained":[{"floor":6,"key":"Boot"},{"floor":8,"key":"Regal Pillow"},{"floor":9,"key":"MawBank"},{"floor":13,"key":"Paper Frog"},{"floor":24,"key":"Ginger"},{"floor":26,"key":"Singing Bowl"},{"floor":27,"key":"Turnip"}],"event_choices":[{"damage_healed":0,"gold_gain":56,"player_choice":"Gained Gold","damage_taken":0,"max_hp_gain":0,"max_hp_loss":0,"event_name":"Golden Wing","floor":5,"gold_loss":0},{"damage_healed":0,"gold_gain":0,"player_choice":"Smashed Altar","damage_taken":0,"max_hp_gain":0,"max_hp_loss":0,"event_name":"Forgotten Altar","floor":31,"gold_loss":0,"cards_obtained":["Decay"]}],"is_beta":false,"boss_relics":[{"not_picked":["Tiny House","Philosopher\u0027s Stone"],"picked":"Velvet Choker"}],"items_purged_floors":[22,28],"is_endless":false,"potions_floor_spawned":[4,10,11,14,16,19,20,21,29,30],"killed_by":"Automaton","ascension_level":15}