{"gold_per_floor":[115,115,33,47,23,55,55,55,55,55,76,76,251,274,274,403,403,418,418,418,432,451,451,451,451,451,461,84,118,144,244,244,345,345,365,72,83,98,116,116,147,147,147,147,166,166,41,41,41,41],"floor_reached":51,"playtime":1958,"items_purged":["Strike_G","Defend_G","Defend_G"],"score":838,"play_id":"8cca6568-f8b1-479f-8631-f38a36244c26","local_time":"20180716234316","is_ascension_mode":true,"campfire_choices":[{"data":"Crippling Poison","floor":7,"key":"SMITH"},{"data":"Noxious Fumes","floor":10,"key":"SMITH"},{"data":"Noxious Fumes","floor":12,"key":"SMITH"},{"data":"Deadly Poison","floor":15,"key":"SMITH"},{"data":"Corpse Explosion","floor":23,"key":"SMITH"},{"floor":25,"key":"REST"},{"data":"Corpse Explosion","floor":32,"key":"SMITH"},{"data":"Catalyst","floor":40,"key":"SMITH"},{"data":"Adrenaline","floor":42,"key":"SMITH"},{"data":"After Image","floor":44,"key":"SMITH"},{"data":"Master of Strategy","floor":49,"key":"SMITH"}],"neow_cost":"NONE","seed_source_timestamp":488031731780382,"circlet_count":0,"master_deck":["Defend_G","Defend_G","Defend_G","Survivor","Neutralize","Crippling Poison+1","Noxious Fumes+1","Noxious Fumes+1","Backflip","Dodge and Roll","Poisoned Stab","Deadly Poison+1","Doubt","PiercingWail","Corpse Explosion+1","PiercingWail","Poisoned Stab","Dodge and Roll+1","Corpse Explosion+1","Footwork+1","After Image+1","Noxious Fumes+1","Adrenaline+1","Catalyst+1","Backflip+1","Madness","Madness","Master of Strategy+1"],"relics":["Ring of the Snake","NeowsBlessing","Question Card","Bloody Idol","Pantograph","Empty Cage","Dead Branch","Oddly Smooth Stone","Anchor","Happy Flower","Orichalcum","Sozu","Strange Spoon","Juzu Bracelet","Pear"],"potions_floor_usage":[16,22,50],"damage_taken":[{"damage":0,"enemies":"Jaw Worm","floor":1,"turns":1},{"damage":0,"enemies":"Small Slimes","floor":4,"turns":1},{"damage":0,"enemies":"3 Sentries","floor":6,"turns":2},{"damage":0,"enemies":"2 Louse","floor":11,"turns":2},{"damage":0,"enemies":"2 Fungi Beasts","floor":14,"turns":3},{"damage":29,"enemies":"The Guardian","floor":16,"turns":8},{"damage":25,"enemies":"Chosen","floor":18,"turns":5},{"damage":3,"enemies":"Spheric Guardian","floor":21,"turns":4},{"damage":12,"enemies":"3 Cultists","floor":22,"turns":3},{"damage":16,"enemies":"Snecko","floor":27,"turns":5},{"damage":0,"enemies":"Book of Stabbing","floor":29,"turns":7},{"damage":50,"enemies":"Automaton","floor":33,"turns":9},{"damage":3,"enemies":"3 Darklings","floor":35,"turns":3},{"damage":0,"enemies":"Flame Bruiser 1 Orb","floor":37,"turns":6},{"damage":6,"enemies":"4 Shapes","floor":38,"turns":2},{"damage":8,"enemies":"Spire Growth","floor":39,"turns":5},{"damage":3,"enemies":"Nemesis","floor":41,"turns":5},{"damage":0,"enemies":"Transient","floor":45,"turns":5},{"damage":28,"enemies":"Time Eater","floor":50,"turns":10}],"seed_played":"8042326538845078137","potions_obtained":[{"floor":1,"key":"Ancient Potion"},{"floor":11,"key":"SteroidPotion"},{"floor":14,"key":"AttackPotion"},{"floor":21,"key":"PowerPotion"}],"is_trial":false,"path_per_floor":["M","?","$","M","$","E","R","?","T","R","M","R","?","M","R","B",null,"M","?","?","M","M","R","?","R","T","M","$","E","T","?","R","B",null,"M","$","M","M","M","R","E","R","T","R","M","?","$","?","R","B"],"character_chosen":"THE_SILENT","items_purchased":["Noxious Fumes","Dodge and Roll","Oddly Smooth Stone","Anchor","Strange Spoon"],"campfire_rested":1,"item_purchase_floors":[3,5,28,28,36],"current_hp_per_floor":[70,70,70,70,70,70,70,53,53,53,53,53,53,53,53,41,70,45,45,45,47,40,40,40,61,61,50,50,55,60,65,65,25,70,70,70,70,69,66,66,68,68,78,78,80,70,70,70,70,52],"gold":41,"neow_bonus":"THREE_ENEMY_KILL","is_prod":false,"is_daily":false,"chose_seed":false,"campfire_upgraded":10,"win_rate":0,"timestamp":1531777396,"path_taken":["M","?","$","M","$","E","R","?","T","R","M","R","?","M","R","BOSS","M","?","?","M","M","R","?","R","T","?","$","E","?","?","R","BOSS","M","$","M","M","?","R","E","R","T","R","M","?","$","?","R","BOSS"],"build_version":"2018-07-12","purchased_purges":3,"victory":true,"max_hp_per_floor":[70,70,70,70,70,70,70,70,70,70,70,70,70,70,70,70,70,70,70,70,70,70,70,70,70,70,70,70,70,70,70,70,70,70,70,70,70,70,70,70,70,70,80,80,80,80,80,80,80,80],"card_choices":[{"not_picked":["Quick Slash","Sucker Punch"],"picked":"Crippling Poison","floor":1},{"not_picked":["Endless Agony","Cloak And Dagger"],"picked":"Backflip","floor":4},{"not_picked":["Prepared","Calculated Gamble"],"picked":"Poisoned Stab","floor":6},{"not_picked":["Sucker Punch","Masterful Stab","Outmaneuver"],"picked":"Deadly Poison","floor":11},{"not_picked":["Dagger Throw","Slice","Heel Hook"],"picked":"PiercingWail","floor":14},{"not_picked":["A Thousand Cuts","Envenom","Grand Finale"],"picked":"Corpse Explosion","floor":16},{"not_picked":["Dagger Throw+1","Slice","Dodge and Roll"],"picked":"PiercingWail","floor":18},{"not_picked":["PiercingWail","All Out Attack","Backflip"],"picked":"Poisoned Stab","floor":21},{"not_picked":["Backflip","PiercingWail","Predator"],"picked":"Dodge and Roll+1","floor":22},{"not_picked":["Deflect","Acrobatics","Dodge and Roll"],"picked":"Corpse Explosion","floor":27},{"not_picked":["Deflect","Backflip","PiercingWail"],"picked":"Footwork+1","floor":29},{"not_picked":["Wraith Form v2","Night Terror","Grand Finale"],"picked":"After Image","floor":33},{"not_picked":["Backflip","Quick Slash","Slice+1","Sucker Punch+1"],"picked":"SKIP","floor":35},{"not_picked":["Flechettes+1","Dagger Throw","Deflect"],"picked":"Noxious Fumes+1","floor":37},{"not_picked":["Quick Slash+1","Skewer+1","Deadly Poison+1"],"picked":"Adrenaline","floor":38},{"not_picked":["Poisoned Stab+1","Well Laid Plans","Deadly Poison"],"picked":"Catalyst","floor":39},{"not_picked":["Dagger Spray","Flechettes+1","After Image","Eviscerate"],"picked":"SKIP","floor":41},{"not_picked":["Endless Agony","Outmaneuver+1","Dagger Spray+1"],"picked":"Backflip+1","floor":45},{"not_picked":["Dramatic Entrance","Swift Strike","Trip"],"picked":"Master of Strategy","floor":48}],"player_experience":147285,"relics_obtained":[{"floor":6,"key":"Question Card"},{"floor":9,"key":"Pantograph"},{"floor":26,"key":"Dead Branch"},{"floor":29,"key":"Happy Flower"},{"floor":30,"key":"Orichalcum"},{"floor":41,"key":"Juzu Bracelet"},{"floor":43,"key":"Pear"}],"event_choices":[{"event_name":"Living Wall","player_choice":"Change","floor":2,"damage_taken":0},{"event_name":"Golden Idol","player_choice":"Take Damage","floor":8,"damage_taken":0},{"event_name":"Liars Game","player_choice":"agreed","floor":13,"damage_taken":0},{"event_name":"Forgotten Altar","player_choice":"Gave Idol","floor":19,"damage_taken":0},{"event_name":"Purifier","player_choice":"One Purge","floor":20,"damage_taken":0},{"event_name":"Vampires","player_choice":"Ignored","floor":24,"damage_taken":0},{"event_name":"Golden Shrine","player_choice":"Pray","floor":31,"damage_taken":0},{"event_name":"Winding Halls","player_choice":"Embrace Madness","floor":46,"damage_taken":0},{"event_name":"SensoryStone","player_choice":"Memory 1","floor":48,"damage_taken":0}],"boss_relics":[{"not_picked":["Orrery","White Beast Statue"],"picked":"Empty Cage"},{"not_picked":["Black Star","Runic Dome"],"picked":"Sozu"}],"items_purged_floors":[28,36,47],"is_endless":false,"potions_floor_spawned":[1,11,14,21,41,45],"ascension_level":2}