{"gold_per_floor":[111,125,125,90,240,275,275,301,326,326,337,372,34,60,60,60],"floor_reached":16,"playtime":539,"items_purged":[],"score":246,"play_id":"21eb46b5-406e-4f7d-883f-14350b01da08","local_time":"20180913233608","is_ascension_mode":true,"campfire_choices":[{"data":"Sunder","floor":7.0,"key":"SMITH"},{"data":"Zap","floor":10.0,"key":"SMITH"},{"floor":15.0,"key":"REST"}],"neow_cost":"NONE","seed_source_timestamp":58117226134683,"circlet_count":0,"master_deck":["Strike_B","Strike_B","Strike_B","Strike_B","Defend_B","Defend_B","Defend_B","Defend_B","Zap+1","Dualcast","AscendersBane","Sunder+1","Chill+1","Coolheaded+1","Ball Lightning","Leap","Streamline"],"special_seed":0,"relics":["Cracked Core","Omamori","Potion Belt","Ornamental Fan","Gremlin Horn","War Paint","Torii","Gambling Chip","Anchor"],"potions_floor_usage":[],"damage_taken":[{"damage":4.0,"enemies":"Jaw Worm","floor":1.0,"turns":4.0},{"damage":4.0,"enemies":"Small Slimes","floor":2.0,"turns":2.0},{"damage":21.0,"enemies":"Lagavulin","floor":6.0,"turns":8.0},{"damage":4.0,"enemies":"3 Sentries","floor":8.0,"turns":9.0},{"damage":0.0,"enemies":"2 Louse","floor":11.0,"turns":1.0},{"damage":13.0,"enemies":"Lagavulin","floor":12.0,"turns":5.0},{"damage":18.0,"enemies":"Gremlin Nob","floor":14.0,"turns":4.0},{"damage":40,"enemies":"Slime Boss","floor":16,"turns":5}],"seed_played":"-6583279535136445708","potions_obtained":[{"floor":1.0,"key":"SkillPotion"},{"floor":2.0,"key":"SteroidPotion"},{"floor":8.0,"key":"Ancient Potion"},{"floor":12.0,"key":"SmokeBomb"}],"is_trial":false,"path_per_floor":["M","M","?","?","?","E","R","E","T","R","M","E","$","E","R"],"character_chosen":"DEFECT","items_purchased":["Gambling Chip"],"campfire_rested":1,"item_purchase_floors":[13],"current_hp_per_floor":[60,56,56,71,71,50,50,46,46,46,46,33,33,15,36,0],"gold":60,"neow_bonus":"RANDOM_COMMON_RELIC","is_prod":false,"is_daily":false,"chose_seed":false,"campfire_upgraded":2,"win_rate":0,"timestamp":1536906968,"path_taken":["M","M","?","?","?","E","R","E","T","R","M","E","$","E","R","BOSS"],"build_version":"2018-09-06","purchased_purges":0,"victory":false,"max_hp_per_floor":[71,71,71,71,71,71,71,71,71,71,71,71,71,71,71,71],"card_choices":[{"not_picked":["Scrape","Lockon"],"picked":"Sunder","floor":1.0},{"not_picked":["Static Discharge","Blizzard"],"picked":"Chill","floor":2.0},{"not_picked":["BootSequence","Hologram"],"picked":"Coolheaded","floor":6.0},{"not_picked":["Storm","Heatsinks"],"picked":"Ball Lightning","floor":8.0},{"not_picked":["Sweeping Beam","Consume","Chaos"],"picked":"SKIP","floor":11.0},{"not_picked":["Hologram","Gash"],"picked":"Leap","floor":12.0},{"not_picked":["Tempest","Biased Cognition"],"picked":"Streamline","floor":14.0}],"player_experience":1125762,"relics_obtained":[{"floor":6.0,"key":"Ornamental Fan"},{"floor":8.0,"key":"Gremlin Horn"},{"floor":9.0,"key":"War Paint"},{"floor":12.0,"key":"Torii"},{"floor":14.0,"key":"Anchor"}],"event_choices":[{"event_name":"Big Fish","player_choice":"Box","floor":3.0,"damage_taken":0.0},{"event_name":"The Cleric","player_choice":"Healed","floor":4.0,"damage_taken":0.0},{"event_name":"Liars Game","player_choice":"agreed","floor":5.0,"damage_taken":0.0}],"is_beta":false,"boss_relics":[],"items_purged_floors":[],"is_endless":false,"potions_floor_spawned":[1,2,8,12],"killed_by":"Slime Boss","ascension_level":19}