{"gold_per_floor":[111,61,74,74,49,75,75,104,128,128,128,5,18,18,18,139,139,157,178,178,202,54,54,92,92],"floor_reached":25,"playtime":3176,"items_purged":["Injury"],"score":261,"play_id":"6327da1f-d182-45d0-b275-3394801ea02e","local_time":"20181122182252","is_ascension_mode":true,"campfire_choices":[{"data":"Blade Dance","floor":7,"key":"SMITH"},{"floor":11,"key":"REST"},{"floor":15,"key":"REST"},{"data":"A Thousand Cuts","floor":23,"key":"SMITH"}],"neow_cost":"NONE","seed_source_timestamp":3388246063808046,"circlet_count":0,"master_deck":["Defend_G","Defend_G","Defend_G","Strike_G","Strike_G","Strike_G","Strike_G","Strike_G","Survivor+1","Neutralize+1","Quick Slash","Blade Dance+1","A Thousand Cuts+1","Slice","All Out Attack","Blur","Noxious Fumes","A Thousand Cuts","Dagger Spray+1","PiercingWail","PiercingWail+1"],"relics":["Ring of the Snake","Pen Nib","Oddly Smooth Stone","Dream Catcher","Golden Idol","Cursed Key","Strawberry","Juzu Bracelet"],"potions_floor_usage":[6,6,13,16,19,21],"damage_taken":[{"damage":1,"enemies":"Small Slimes","floor":1,"turns":3},{"damage":0,"enemies":"2 Louse","floor":3,"turns":2},{"damage":9,"enemies":"Lagavulin","floor":6,"turns":8},{"damage":30,"enemies":"3 Sentries","floor":8,"turns":6},{"damage":0,"enemies":"Jaw Worm","floor":13,"turns":2},{"damage":8,"enemies":"Slime Boss","floor":16,"turns":9},{"damage":4,"enemies":"3 Byrds","floor":18,"turns":4},{"damage":23,"enemies":"Shell Parasite","floor":19,"turns":4},{"damage":22,"enemies":"Shelled Parasite and Fungi","floor":21,"turns":5},{"damage":48,"enemies":"Gremlin Leader","floor":24,"turns":5},{"damage":0,"enemies":"Snake Plant","floor":25,"turns":3}],"seed_played":"-8803965548363773939","potions_obtained":[{"floor":1,"key":"Ancient Potion"},{"floor":3,"key":"Energy Potion"},{"floor":6,"key":"SpeedPotion"},{"floor":16,"key":"Regen Potion"},{"floor":19,"key":"PowerPotion"}],"is_trial":false,"path_per_floor":["M","?","M","?","?","E","R","E","T","?","R","$","M","$","R","B",null,"M","M","?","M","$","R","E","M"],"character_chosen":"THE_SILENT","items_purchased":["Block Potion","Strawberry"],"campfire_rested":2,"item_purchase_floors":[12,22],"current_hp_per_floor":[69,69,69,55,55,46,46,16,16,16,37,37,37,37,58,50,70,66,52,70,48,55,55,7,7],"gold":92,"neow_bonus":"TRANSFORM_CARD","is_prod":false,"is_daily":false,"chose_seed":false,"campfire_upgraded":2,"win_rate":0,"timestamp":1542928972,"path_taken":["M","?","M","?","?","E","R","E","T","?","R","$","M","$","R","BOSS","M","M","?","M","$","R","E","M"],"build_version":"2018-11-15","purchased_purges":1,"victory":false,"max_hp_per_floor":[70,70,70,70,70,70,70,70,70,70,70,70,70,70,70,70,70,70,70,70,70,77,77,77,77],"card_choices":[{"not_picked":["Underhanded Strike","Outmaneuver","Skewer"],"picked":"SKIP","floor":1},{"not_picked":["Endless Agony","Flying Knee"],"picked":"Blade Dance","floor":3},{"not_picked":["Dash","Blade Dance"],"picked":"A Thousand Cuts","floor":6},{"not_picked":["Masterful Stab","Flying Knee"],"picked":"Slice","floor":8},{"not_picked":["Outmaneuver","Sucker Punch"],"picked":"All Out Attack","floor":11},{"not_picked":["Flying Knee","Poisoned Stab"],"picked":"Blur","floor":13},{"not_picked":["Sucker Punch","Acrobatics"],"picked":"Noxious Fumes","floor":15},{"not_picked":["Tools of the Trade","Venomology"],"picked":"A Thousand Cuts","floor":16},{"not_picked":["Dagger Throw","Flying Knee"],"picked":"Dagger Spray+1","floor":18},{"not_picked":["Sucker Punch","Cloak And Dagger"],"picked":"PiercingWail","floor":19},{"not_picked":["Dodge and Roll","Concentrate"],"picked":"PiercingWail+1","floor":21},{"not_picked":["Heel Hook","Flying Knee","Underhanded Strike"],"picked":"SKIP","floor":24}],"player_experience":161631,"relics_obtained":[{"floor":6,"key":"Pen Nib"},{"floor":8,"key":"Oddly Smooth Stone"},{"floor":9,"key":"Dream Catcher"},{"floor":24,"key":"Juzu Bracelet"}],"event_choices":[{"cards_removed":["Defend_G"],"damage_healed":0,"gold_gain":0,"player_choice":"Card Removal","damage_taken":0,"max_hp_gain":0,"max_hp_loss":0,"event_name":"The Cleric","floor":2,"gold_loss":50},{"damage_healed":0,"gold_gain":0,"player_choice":"Entered Light","damage_taken":14,"max_hp_gain":0,"max_hp_loss":0,"event_name":"Shining Light","floor":4,"gold_loss":0,"cards_upgraded":["Survivor","Neutralize"]},{"damage_healed":0,"gold_gain":0,"player_choice":"Left Gold","damage_taken":0,"max_hp_gain":0,"max_hp_loss":0,"event_name":"World of Goop","floor":5,"gold_loss":25},{"damage_healed":0,"gold_gain":0,"player_choice":"Take Wound","damage_taken":0,"relics_obtained":["Golden Idol"],"max_hp_gain":0,"max_hp_loss":0,"event_name":"Golden Idol","floor":10,"gold_loss":0,"cards_obtained":["Injury"]},{"damage_healed":23,"gold_gain":0,"player_choice":"Heal","damage_taken":0,"max_hp_gain":0,"max_hp_loss":0,"event_name":"The Library","floor":20,"gold_loss":0}],"is_beta":false,"boss_relics":[{"not_picked":["Fusion Hammer","Runic Dome"],"picked":"Cursed Key"}],"items_purged_floors":[12],"is_endless":false,"potions_floor_spawned":[1,3,6,16,19],"killed_by":"Snake Plant","ascension_level":3}