{"gold_per_floor":[116,79,95,107,32,32,59,72,72,84,62,73,73,73,73,173,173,185,185,173,191,206,206,237,237,237,252,267,267,192,203,203,302,302,322,171,171,186,0,0,0,0,0,31,131,131,144,144,144,144],"floor_reached":50,"playtime":3043,"items_purged":["Strike_B"],"score":664,"play_id":"203dc727-8885-4c61-8f70-158f070d0c77","local_time":"20181219042453","is_ascension_mode":true,"campfire_choices":[{"data":"Zap","floor":6.0,"key":"SMITH"},{"data":"Redo","floor":15.0,"key":"SMITH"},{"floor":23.0,"key":"REST"},{"floor":25.0,"key":"REST"},{"data":"Dualcast","floor":29.0,"key":"SMITH"},{"floor":32.0,"key":"REST"},{"data":"Multi-Cast","floor":40,"key":"SMITH"},{"data":"Hologram","floor":42,"key":"SMITH"},{"data":"Darkness","floor":46,"key":"SMITH"},{"floor":49,"key":"REST"}],"neow_cost":"NONE","seed_source_timestamp":478732630855694,"circlet_count":0,"master_deck":["Strike_B","Strike_B","Defend_B","Defend_B","Defend_B","Zap+1","Dualcast+1","Melter","Self Repair+1","Go for the Eyes","Gash+1","Gash","Genetic Algorithm","Darkness+1","Conserve Battery","Leap","Redo+1","Biased Cognition","Darkness+1","Doom and Gloom","Ball Lightning","Go for the Eyes+1","Hologram+1","Leap","Electrodynamics","Multi-Cast+1","Redo+1","Writhe","Streamline","Reinforced Body+1","Redo+1","Conserve Battery+1"],"special_seed":0,"relics":["Cracked Core","NeowsBlessing","Boot","Cables","StoneCalendar","Sozu","Vajra","Pocketwatch","Empty Cage","Juzu Bracelet","Red Mask","Dream Catcher","Centennial Puzzle","Turnip"],"potions_floor_usage":[],"damage_taken":[{"damage":0.0,"enemies":"Cultist","floor":1.0,"turns":1.0},{"damage":0.0,"enemies":"Small Slimes","floor":3.0,"turns":1.0},{"damage":0.0,"enemies":"Jaw Worm","floor":4.0,"turns":1.0},{"damage":25.0,"enemies":"Lagavulin","floor":7.0,"turns":6.0},{"damage":1.0,"enemies":"Looter","floor":8.0,"turns":3.0},{"damage":13.0,"enemies":"Blue Slaver","floor":10.0,"turns":2.0},{"damage":0.0,"enemies":"Exordium Wildlife","floor":12.0,"turns":3.0},{"damage":22.0,"enemies":"The Guardian","floor":16.0,"turns":10.0},{"damage":15.0,"enemies":"3 Byrds","floor":18.0,"turns":4.0},{"damage":25.0,"enemies":"2 Thieves","floor":20.0,"turns":4.0},{"damage":21.0,"enemies":"Snake Plant","floor":21.0,"turns":3.0},{"damage":10.0,"enemies":"Sentry and Sphere","floor":22.0,"turns":4.0},{"damage":28.0,"enemies":"Book of Stabbing","floor":24.0,"turns":4.0},{"damage":8.0,"enemies":"Chosen and Byrds","floor":27.0,"turns":4.0},{"damage":5.0,"enemies":"Centurion and Healer","floor":28.0,"turns":6.0},{"damage":1.0,"enemies":"Snecko","floor":31.0,"turns":4.0},{"damage":40.0,"enemies":"Champ","floor":33.0,"turns":8.0},{"damage":23.0,"enemies":"3 Darklings","floor":35.0,"turns":4.0},{"damage":27,"enemies":"3 Shapes","floor":38,"turns":3},{"damage":22,"enemies":"Giant Head","floor":44,"turns":5},{"damage":0,"enemies":"Mind Bloom Boss Battle","floor":45,"turns":5},{"damage":32,"enemies":"Maw","floor":47,"turns":6},{"damage":60,"enemies":"Time Eater","floor":50,"turns":5}],"seed_played":"-9110970822574338551","potions_obtained":[{"floor":1.0,"key":"Explosive Potion"},{"floor":8.0,"key":"LiquidBronze"},{"floor":12.0,"key":"Fire Potion"}],"is_trial":false,"path_per_floor":["M","$","M","M","$","R","E","M","T","M","$","M","?","?","R","B",null,"M","?","M","M","M","R","E","R","T","M","M","R","$","M","R","B",null,"M","$","?","M","?","R","?","R","T","E","?","R","M","?","R","B"],"character_chosen":"DEFECT","items_purchased":["Self Repair","Gash","PowerPotion","Leap","Juzu Bracelet"],"campfire_rested":4,"item_purchase_floors":[2,5,5,11,36],"current_hp_per_floor":[68,68,68,68,68,68,50,56,56,50,50,57,57,42,42,30,64,59,59,44,33,23,45,17,39,39,31,36,36,36,45,67,37,66,53,53,72,55,55,55,55,55,55,43,53,53,31,31,53,0],"gold":144,"neow_bonus":"THREE_ENEMY_KILL","is_prod":false,"is_daily":false,"chose_seed":false,"campfire_upgraded":6,"win_rate":0,"timestamp":1545189893,"path_taken":["M","$","M","?","$","R","E","M","T","M","$","M","?","?","R","BOSS","M","?","M","M","M","R","E","R","T","M","M","R","$","M","R","BOSS","M","$","?","M","?","R","?","R","T","E","?","R","M","?","R","BOSS"],"build_version":"2018-12-17","purchased_purges":1,"victory":false,"max_hp_per_floor":[75,75,75,75,75,75,75,75,75,75,75,75,75,75,75,75,75,75,75,75,75,75,75,75,75,75,75,75,75,75,75,75,75,75,75,75,75,75,75,75,75,75,75,75,75,75,75,75,75,75],"card_choices":[{"not_picked":["Chaos","Cold Snap"],"picked":"Melter","floor":1.0},{"not_picked":["Self Repair","Redo"],"picked":"Go for the Eyes","floor":3.0},{"not_picked":["Blizzard","Barrage"],"picked":"Gash","floor":4.0},{"not_picked":["Double Energy","Electrodynamics"],"picked":"Genetic Algorithm","floor":7.0},{"not_picked":["Loop","Coolheaded"],"picked":"Darkness","floor":8.0},{"not_picked":["Beam Cell","Barrage"],"picked":"Conserve Battery","floor":10.0},{"not_picked":["Leap","Compile Driver"],"picked":"Redo","floor":12.0},{"not_picked":["Seek","Thunder Strike"],"picked":"Biased Cognition","floor":16.0},{"not_picked":["Sweeping Beam+1","Leap"],"picked":"Darkness+1","floor":18.0},{"not_picked":["Rebound+1","Sweeping Beam"],"picked":"Doom and Gloom","floor":20.0},{"not_picked":["Turbo+1","Fusion"],"picked":"Ball Lightning","floor":21.0},{"not_picked":["Scrape","Force Field"],"picked":"Go for the Eyes+1","floor":22.0},{"not_picked":["Hello World","Beam Cell"],"picked":"Hologram","floor":24.0},{"not_picked":["Sweeping Beam+1","Chill"],"picked":"Leap","floor":27.0},{"not_picked":["Turbo+1","Cold Snap"],"picked":"Electrodynamics","floor":28.0},{"not_picked":["Go for the Eyes","Compile Driver","Ball Lightning+1"],"picked":"SKIP","floor":31.0},{"not_picked":["Fission","Creative AI"],"picked":"Multi-Cast","floor":33.0},{"not_picked":["Redo+1","Streamline","Cold Snap+1"],"picked":"SKIP","floor":35.0},{"not_picked":["Streamline","Cold Snap+1"],"picked":"Redo+1","floor":35.0},{"not_picked":["Turbo+1","Rebound+1"],"picked":"Streamline","floor":38},{"not_picked":["Cold Snap+1","Go for the Eyes"],"picked":"Reinforced Body+1","floor":44},{"not_picked":["Double Energy+1","Conserve Battery"],"picked":"Redo+1","floor":45},{"not_picked":["Tempest","Recycle"],"picked":"Conserve Battery+1","floor":47}],"player_experience":259359,"relics_obtained":[{"floor":7.0,"key":"Boot"},{"floor":9.0,"key":"Cables"},{"floor":24.0,"key":"Vajra"},{"floor":26.0,"key":"Pocketwatch"},{"floor":43,"key":"Dream Catcher"},{"floor":44,"key":"Centennial Puzzle"},{"floor":45,"key":"Turnip"}],"event_choices":[{"damage_healed":0.0,"max_hp_gain":0.0,"max_hp_loss":0.0,"gold_gain":0.0,"event_name":"Dead Adventurer","player_choice":"Searched \u00271\u0027 times","floor":13.0,"gold_loss":0.0,"damage_taken":0.0,"relics_obtained":["StoneCalendar"]},{"damage_healed":0.0,"max_hp_gain":0.0,"max_hp_loss":0.0,"gold_gain":0.0,"event_name":"Shining Light","player_choice":"Entered Light","floor":14.0,"gold_loss":0.0,"damage_taken":15.0,"cards_upgraded":["Self Repair","Gash"]},{"damage_healed":0.0,"max_hp_gain":0.0,"max_hp_loss":0.0,"gold_gain":0.0,"event_name":"Ghosts","player_choice":"Ignored","floor":19.0,"gold_loss":0.0,"damage_taken":0.0},{"damage_healed":19,"gold_gain":0,"player_choice":"Writhe","damage_taken":0,"max_hp_gain":0,"max_hp_loss":0,"event_name":"Winding Halls","floor":37,"gold_loss":0,"cards_obtained":["Writhe"]},{"damage_healed":0,"gold_gain":0,"player_choice":"Paid","damage_taken":0,"relics_obtained":["Red Mask"],"max_hp_gain":0,"max_hp_loss":0,"event_name":"Tomb of Lord Red Mask","floor":39,"gold_loss":186},{"damage_healed":0,"gold_gain":0,"player_choice":"Memory 1","damage_taken":0,"max_hp_gain":0,"max_hp_loss":0,"event_name":"SensoryStone","floor":41,"gold_loss":0},{"damage_healed":0,"gold_gain":0,"player_choice":"Fight","damage_taken":0,"max_hp_gain":0,"max_hp_loss":0,"event_name":"MindBloom","floor":45,"gold_loss":0},{"damage_healed":0,"gold_gain":0,"player_choice":"Ignored","damage_taken":0,"max_hp_gain":0,"max_hp_loss":0,"event_name":"The Moai Head","floor":48,"gold_loss":0}],"is_beta":true,"boss_relics":[{"not_picked":["Orrery","Ectoplasm"],"picked":"Sozu"},{"not_picked":["Snecko Eye","Cursed Key"],"picked":"Empty Cage"}],"items_purged_floors":[30],"is_endless":false,"potions_floor_spawned":[1,8,12,20,22,24,28,35,45,47],"killed_by":"Time Eater","ascension_level":7}