{"gold_per_floor":[115,115,126,126,142,168,183,183,233,266,266,266,283,34,34,132,132,145,145,156,156,3,3],"floor_reached":23,"playtime":1299,"items_purged":["Strike_B"],"score":199,"play_id":"fc4975ce-7c19-40c3-95ce-62f4e3940581","local_time":"20190324133251","is_ascension_mode":false,"campfire_choices":[{"data":"Double Energy","floor":8,"key":"SMITH"},{"data":"Genetic Algorithm","floor":11,"key":"SMITH"},{"floor":15,"key":"REST"}],"neow_cost":"NONE","seed_source_timestamp":795203868272100,"circlet_count":0,"master_deck":["Defend_B+1","Defend_B","Defend_B","Defend_B","Zap+1","Dualcast+1","Leap","Scrape","Double Energy+1","Turbo","Genetic Algorithm+1","Leap","Apotheosis","Seek","Consume","Buffer"],"relics":["Cracked Core","Question Card","Potion Belt","PreservedInsect","Empty Cage","Boot"],"potions_floor_usage":[10,16,16],"damage_taken":[{"damage":4,"enemies":"Small Slimes","floor":1,"turns":3},{"damage":0,"enemies":"Cultist","floor":3,"turns":3},{"damage":0,"enemies":"Jaw Worm","floor":5,"turns":3},{"damage":31,"enemies":"3 Sentries","floor":6,"turns":9},{"damage":4,"enemies":"Blue Slaver","floor":7,"turns":3},{"damage":12,"enemies":"Gremlin Nob","floor":10,"turns":5},{"damage":11,"enemies":"Large Slime","floor":13,"turns":5},{"damage":24,"enemies":"The Guardian","floor":16,"turns":11},{"damage":0,"enemies":"Chosen","floor":18,"turns":7},{"damage":26,"enemies":"Spheric Guardian","floor":20,"turns":6},{"damage":62,"enemies":"Slavers","floor":23,"turns":5}],"seed_played":"-8490270130498589359","potions_obtained":[{"floor":6,"key":"LiquidBronze"},{"floor":7,"key":"Weak Potion"},{"floor":13,"key":"PowerPotion"}],"is_trial":false,"path_per_floor":["M","?","M","?","M","E","M","R","T","E","R","?","M","$","R","B",null,"M","?","M","?","$","E"],"character_chosen":"DEFECT","items_purchased":["Apotheosis","Buffer"],"campfire_rested":1,"item_purchase_floors":[14,22],"current_hp_per_floor":[78,62,62,62,62,31,27,27,27,15,15,15,4,4,28,4,82,82,82,56,56,56,0],"gold":3,"neow_bonus":"TEN_PERCENT_HP_BONUS","is_prod":false,"is_daily":false,"chose_seed":false,"campfire_upgraded":2,"win_rate":0.0,"timestamp":1553427171,"path_taken":["M","?","M","?","M","E","?","R","T","E","R","?","M","?","R","BOSS","M","?","M","?","$","E"],"build_version":"2019-01-23","purchased_purges":1,"victory":false,"max_hp_per_floor":[82,82,82,82,82,82,82,82,82,82,82,82,82,82,82,82,82,82,82,82,82,82,82],"card_choices":[{"not_picked":["Stack","Compile Driver"],"picked":"Leap","floor":1},{"not_picked":["Reboot","Gash"],"picked":"Scrape","floor":3},{"not_picked":["Cold Snap","Heatsinks"],"picked":"Double Energy","floor":5},{"not_picked":["Reprogram","Ball Lightning"],"picked":"Turbo","floor":6},{"not_picked":["Force Field","Cold Snap","Go for the Eyes","Coolheaded"],"picked":"SKIP","floor":7},{"not_picked":["Echo Form","Compile Driver","Sweeping Beam"],"picked":"Genetic Algorithm","floor":10},{"not_picked":["Rebound","Aggregate","Ball Lightning"],"picked":"Leap","floor":13},{"not_picked":["Echo Form","Thunder Strike","Biased Cognition"],"picked":"Seek","floor":16},{"not_picked":["Stack","Conserve Battery","Go for the Eyes+1"],"picked":"Consume","floor":18},{"not_picked":["Cold Snap","Conserve Battery+1","Turbo+1","Go for the Eyes"],"picked":"SKIP","floor":20}],"player_experience":85619,"relics_obtained":[{"floor":6,"key":"Question Card"},{"floor":9,"key":"Potion Belt"},{"floor":10,"key":"PreservedInsect"}],"event_choices":[{"damage_healed":0,"gold_gain":0,"player_choice":"Entered Light","damage_taken":16,"max_hp_gain":0,"max_hp_loss":0,"event_name":"Shining Light","floor":2,"gold_loss":0,"cards_upgraded":["Dualcast","Defend_B"]},{"damage_healed":0,"gold_gain":0,"player_choice":"Upgraded","damage_taken":0,"max_hp_gain":0,"max_hp_loss":0,"event_name":"Upgrade Shrine","floor":4,"gold_loss":0,"cards_upgraded":["Zap"]},{"cards_removed":["Strike_B"],"damage_healed":0,"gold_gain":0,"player_choice":"Purged","damage_taken":0,"max_hp_gain":0,"max_hp_loss":0,"event_name":"Purifier","floor":12,"gold_loss":0},{"damage_healed":0,"gold_gain":0,"player_choice":"Opened","damage_taken":0,"relics_obtained":["Boot"],"max_hp_gain":0,"max_hp_loss":0,"event_name":"The Mausoleum","floor":19,"gold_loss":0},{"damage_healed":0,"gold_gain":0,"player_choice":"Ignored","damage_taken":0,"max_hp_gain":0,"max_hp_loss":0,"event_name":"Vampires","floor":21,"gold_loss":0}],"is_beta":false,"boss_relics":[{"not_picked":["Eternal Feather","Inserter"],"picked":"Empty Cage"}],"items_purged_floors":[14],"is_endless":false,"potions_floor_spawned":[6,7,13],"killed_by":"Slavers","ascension_level":0}