{"gold_per_floor":[19,34,34,52,52,96,111,124,124,26,26,26,49,70,70,70],"floor_reached":16,"playtime":1124,"items_purged":["Doubt"],"score":104,"play_id":"5e41be86-4ba0-4c8d-8f36-da8176f09830","local_time":"25610714224117","is_ascension_mode":false,"campfire_choices":[{"floor":12,"key":"REST"},{"floor":15,"key":"REST"}],"neow_cost":"NO_GOLD","seed_source_timestamp":44713695382727,"circlet_count":0,"master_deck":["Strike_R","Strike_R","Strike_R","Strike_R","Strike_R","Defend_R","Defend_R+1","Bash","Barricade+1","Infernal Blade","Heavy Blade","True Grit","Double Tap","Battle Trance","Dual Wield","Combust","Clothesline","Intimidate","Iron Wave"],"relics":["Burning Blood","Golden Idol","Pear","Blood Vial"],"potions_floor_usage":[8,13],"damage_taken":[{"damage":6,"enemies":"Cultist","floor":1,"turns":3},{"damage":0,"enemies":"2 Louse","floor":2,"turns":2},{"damage":3,"enemies":"Small Slimes","floor":4,"turns":4},{"damage":29,"enemies":"Lagavulin","floor":6,"turns":5},{"damage":19,"enemies":"Blue Slaver","floor":7,"turns":4},{"damage":22,"enemies":"Large Slime","floor":8,"turns":8},{"damage":10,"enemies":"2 Fungi Beasts","floor":13,"turns":3},{"damage":23,"enemies":"Exordium Thugs","floor":14,"turns":6},{"damage":65,"enemies":"Slime Boss","floor":16,"turns":10}],"seed_played":"-434485192201129607","potions_obtained":[{"floor":6,"key":"FairyPotion"},{"floor":7,"key":"Explosive Potion"},{"floor":8,"key":"Weak Potion"}],"is_trial":false,"path_per_floor":["M","M","?","M","?","E","M","M","T","$","?","R","M","M","R"],"character_chosen":"IRONCLAD","items_purchased":["Clothesline"],"campfire_rested":2,"item_purchase_floors":[10],"current_hp_per_floor":[80,80,60,63,63,50,37,24,24,24,5,32,30,15,42,0],"gold":70,"neow_bonus":"TRANSFORM_TWO_CARDS","is_prod":false,"is_daily":false,"chose_seed":false,"campfire_upgraded":0,"win_rate":0.0,"timestamp":1531582877,"path_taken":["M","M","?","M","?","E","M","M","T","$","?","R","M","M","R","BOSS"],"build_version":"2018-07-12","purchased_purges":1,"victory":false,"max_hp_per_floor":[80,80,80,80,80,90,90,93,93,93,93,93,93,93,93,93],"card_choices":[{"not_picked":["Shrug It Off","Twin Strike"],"picked":"Heavy Blade","floor":1},{"not_picked":["Body Slam","Disarm"],"picked":"True Grit","floor":2},{"not_picked":["Twin Strike","True Grit"],"picked":"Double Tap","floor":4},{"not_picked":["Rampage","Intimidate"],"picked":"Battle Trance","floor":6},{"not_picked":["Searing Blow","Warcry"],"picked":"Dual Wield","floor":7},{"not_picked":["Clothesline","True Grit"],"picked":"Combust","floor":8},{"not_picked":["Dropkick","Warcry"],"picked":"Intimidate","floor":13},{"not_picked":["Rupture","Feel No Pain"],"picked":"Iron Wave","floor":14}],"player_experience":2950,"relics_obtained":[{"floor":6,"key":"Pear"},{"floor":9,"key":"Blood Vial"}],"event_choices":[{"event_name":"Golden Idol","player_choice":"Take Damage","floor":3,"damage_taken":0},{"event_name":"Match and Keep!","player_choice":"1 cards matched","floor":5,"damage_taken":0},{"event_name":"Shining Light","player_choice":"Entered Light","floor":11,"damage_taken":0}],"boss_relics":[],"items_purged_floors":[10],"is_endless":false,"potions_floor_spawned":[6,7,8],"killed_by":"Slime Boss","ascension_level":0}