{"gold_per_floor":[117,147,147,172,172,172,188,188,211,211,227,246,286,300,300,300],"floor_reached":16,"playtime":532,"items_purged":[],"score":235,"play_id":"feaec8cf-2c6e-440e-8fb8-b0434d3e1f8a","local_time":"20190426174050","is_ascension_mode":true,"campfire_choices":[{"floor":6,"key":"REST"},{"data":"Whirlwind","floor":8,"key":"SMITH"},{"data":"Body Slam","floor":10,"key":"SMITH"},{"floor":15,"key":"REST"}],"neow_cost":"NONE","seed_source_timestamp":0,"circlet_count":0,"master_deck":["AscendersBane","Strike_R","Strike_R","Strike_R","Strike_R","Strike_R","Defend_R","Defend_R","Defend_R","Defend_R","Bash","Whirlwind+1","Body Slam+1","Iron Wave","Feed","Headbutt"],"special_seed":0,"relics":["Burning Blood","Oddly Smooth Stone","Tiny Chest","Golden Idol","PreservedInsect","Bottled Lightning"],"potions_floor_usage":[13,13,16],"damage_taken":[{"damage":2.0,"enemies":"2 Louse","floor":1.0,"turns":4.0},{"damage":10.0,"enemies":"Cultist","floor":4.0,"turns":5.0},{"damage":18,"enemies":"Jaw Worm","floor":7,"turns":5},{"damage":23,"enemies":"Red Slaver","floor":11,"turns":4},{"damage":5,"enemies":"Looter","floor":12,"turns":3},{"damage":0,"enemies":"Gremlin Nob","floor":13,"turns":3},{"damage":0,"enemies":"Lots of Slimes","floor":14,"turns":1},{"damage":47,"enemies":"The Guardian","floor":16,"turns":11}],"seed_played":"5834876637694224595","potions_obtained":[{"floor":4.0,"key":"AttackPotion"},{"floor":7,"key":"SkillPotion"},{"floor":14,"key":"Fire Potion"}],"is_trial":false,"path_per_floor":["M","?","?","M","?","R","M","R","T","R","M","M","E","M","R","B"],"character_chosen":"IRONCLAD","items_purchased":[],"campfire_rested":2,"item_purchase_floors":[],"current_hp_per_floor":[72,27,27,23,23,43,31,31,31,31,14,15,21,27,47,0],"gold":300,"neow_bonus":"RANDOM_COMMON_RELIC","is_prod":false,"is_daily":false,"chose_seed":false,"campfire_upgraded":2,"win_rate":0,"timestamp":1556289650,"path_taken":["M","?","?","M","?","R","M","R","T","R","M","M","E","?","R","BOSS"],"build_version":"2019-01-23","purchased_purges":0,"victory":false,"max_hp_per_floor":[75,75,68,68,68,68,68,68,68,68,68,68,68,68,68,68],"card_choices":[{"not_picked":["Wild Strike","Perfected Strike","Seeing Red"],"picked":"SKIP","floor":1.0},{"not_picked":["Warcry","Cleave"],"picked":"Whirlwind","floor":4.0},{"not_picked":["Evolve","Clash"],"picked":"Body Slam","floor":7},{"not_picked":["Cleave","Perfected Strike","Sever Soul"],"picked":"SKIP","floor":11},{"not_picked":["Heavy Blade","Havoc"],"picked":"Iron Wave","floor":12},{"not_picked":["Hemokinesis","Thunderclap"],"picked":"Feed","floor":13},{"not_picked":["Combust","Armaments"],"picked":"Headbutt","floor":14}],"player_experience":331022,"relics_obtained":[{"floor":9,"key":"PreservedInsect"},{"floor":13,"key":"Bottled Lightning"}],"event_choices":[{"damage_healed":0.0,"max_hp_gain":0.0,"max_hp_loss":0.0,"gold_gain":0.0,"event_name":"Scrap Ooze","player_choice":"Success","floor":2.0,"gold_loss":0.0,"damage_taken":45.0,"relics_obtained":["Tiny Chest"]},{"damage_healed":0.0,"max_hp_gain":0.0,"max_hp_loss":7.0,"gold_gain":0.0,"event_name":"Golden Idol","player_choice":"Lose Max HP","floor":3.0,"gold_loss":0.0,"damage_taken":0.0,"relics_obtained":["Golden Idol"]},{"damage_healed":0,"gold_gain":0,"player_choice":"Leave","damage_taken":0,"max_hp_gain":0,"max_hp_loss":0,"event_name":"FaceTrader","floor":5,"gold_loss":0}],"is_beta":false,"boss_relics":[],"items_purged_floors":[],"is_endless":false,"potions_floor_spawned":[4,7,14],"killed_by":"The Guardian","ascension_level":17}