{"gold_per_floor":[118,118,131,143,159,184,184,194,194,205,130,161,178,178,178,178],"floor_reached":16,"playtime":583,"items_purged":["Strike_R"],"score":150,"play_id":"ff00ba5d-3087-4acf-8f8b-4f1a5ed248c1","local_time":"20190327210100","is_ascension_mode":true,"campfire_choices":[{"data":"Flex","floor":7,"key":"SMITH"},{"data":"Heavy Blade","floor":15,"key":"SMITH"}],"neow_cost":"PERCENT_DAMAGE","seed_source_timestamp":1082008505874699,"circlet_count":0,"master_deck":["Strike_R","Strike_R","Strike_R","Strike_R","Defend_R","Defend_R","Defend_R","Defend_R","Bash","Cleave","Flex+1","Cleave","Twin Strike","Immolate","Heavy Blade+1","Headbutt"],"relics":["Burning Blood","Strawberry","Frozen Egg 2","Dodecahedron"],"potions_floor_usage":[6,12,13,16],"damage_taken":[{"damage":3,"enemies":"2 Louse","floor":1,"turns":3},{"damage":1,"enemies":"Cultist","floor":3,"turns":3},{"damage":7,"enemies":"Jaw Worm","floor":4,"turns":3},{"damage":0,"enemies":"Large Slime","floor":5,"turns":4},{"damage":26,"enemies":"Gremlin Nob","floor":6,"turns":4},{"damage":14,"enemies":"Red Slaver","floor":8,"turns":2},{"damage":1,"enemies":"Exordium Thugs","floor":10,"turns":3},{"damage":26,"enemies":"Lagavulin","floor":12,"turns":4},{"damage":13,"enemies":"Large Slime","floor":13,"turns":4},{"damage":60,"enemies":"The Guardian","floor":16,"turns":7}],"seed_played":"8174981318751906752","potions_obtained":[{"floor":5,"key":"Fire Potion"},{"floor":8,"key":"Explosive Potion"},{"floor":10,"key":"LiquidBronze"},{"floor":12,"key":"Regen Potion"}],"is_trial":false,"path_per_floor":["M","?","M","M","M","E","R","M","T","M","$","E","M","?","R","B"],"character_chosen":"IRONCLAD","items_purchased":[],"campfire_rested":0,"item_purchase_floors":[],"current_hp_per_floor":[75,75,80,79,85,72,72,64,64,69,69,49,54,59,59,0],"gold":178,"neow_bonus":"TWENTY_PERCENT_HP_BONUS","is_prod":false,"is_daily":false,"chose_seed":false,"campfire_upgraded":2,"win_rate":0,"timestamp":1553713260,"path_taken":["M","?","?","M","M","E","R","M","T","M","$","E","M","?","R","BOSS"],"build_version":"2019-01-23","purchased_purges":1,"victory":false,"max_hp_per_floor":[96,96,96,96,96,103,103,103,103,103,103,103,103,108,108,108],"card_choices":[{"not_picked":["Sword Boomerang","Battle Trance"],"picked":"Cleave","floor":1},{"not_picked":["Clash","Thunderclap"],"picked":"Flex","floor":3},{"not_picked":["Flex","Warcry"],"picked":"Cleave","floor":4},{"not_picked":["Clash","Anger"],"picked":"Twin Strike","floor":5},{"not_picked":["Infernal Blade","Clothesline"],"picked":"Immolate","floor":6},{"not_picked":["Pommel Strike","Metallicize"],"picked":"Heavy Blade","floor":8},{"not_picked":["Rage","Thunderclap","Dual Wield"],"picked":"SKIP","floor":10},{"not_picked":["Body Slam","Intimidate"],"picked":"Headbutt","floor":12},{"not_picked":["Perfected Strike","Power Through","Pommel Strike"],"picked":"SKIP","floor":13}],"player_experience":113964,"relics_obtained":[{"floor":6,"key":"Strawberry"},{"floor":9,"key":"Frozen Egg 2"},{"floor":12,"key":"Dodecahedron"}],"event_choices":[{"damage_healed":0,"gold_gain":0,"player_choice":"Bought 0 Potions","damage_taken":0,"max_hp_gain":0,"max_hp_loss":0,"event_name":"The Woman in Blue","floor":2,"gold_loss":0},{"damage_healed":0,"gold_gain":0,"player_choice":"Donut","damage_taken":0,"max_hp_gain":5,"max_hp_loss":0,"event_name":"Big Fish","floor":14,"gold_loss":0}],"is_beta":false,"boss_relics":[],"items_purged_floors":[11],"is_endless":false,"potions_floor_spawned":[5,8,10,12],"killed_by":"The Guardian","ascension_level":2}