{"path_per_floor":["M","M","?","M","$","R","E","R","T","M","M","R","?","?","R","B",null,"M","?","M","$","M","E","?","R","T","E","?","M","R","?","R","B",null,"M","$","M","?","?","R","E","R","T","M","R","M","R","M","R","B"],"character_chosen":"THE_SILENT","items_purchased":["Footwork","Backflip","Letter Opener","Master of Strategy"],"gold_per_floor":[119,137,137,158,63,63,103,103,403,424,448,448,448,448,448,567,567,492,417,441,12,33,66,66,66,66,100,100,114,114,114,114,212,212,223,148,160,160,0,0,25,25,25,37,37,54,54,67,67,67],"floor_reached":51,"campfire_rested":4,"playtime":4729,"current_hp_per_floor":[70,70,65,53,53,53,39,39,39,39,22,22,22,9,28,23,65,65,65,56,56,58,11,11,30,30,35,35,18,52,52,52,53,65,65,65,40,40,40,40,35,65,65,56,56,59,59,64,64,49],"items_purged":["Decay"],"gold":67,"score":561,"play_id":"31bb50cc-e8b5-49c0-bc1f-d919d8468f49","is_prod":false,"is_daily":false,"is_ascension_mode":false,"campfire_upgraded":8,"path_taken":["M","M","?","M","$","R","E","R","T","M","M","R","?","?","R","BOSS","M","?","M","$","M","E","?","R","T","E","?","M","R","?","R","BOSS","M","$","?","?","?","R","E","R","T","M","R","M","R","M","R","BOSS"],"build_version":"2018-02-22-PROD2","purchased_purges":1,"victory":true,"master_deck":["Defend_G","Defend_G","Defend_G","Defend_G+1","Defend_G","Strike_G","Strike_G","Strike_G","Survivor","Neutralize","Backflip+1","Deadly Poison+1","Deadly Poison","Footwork+1","Backflip+1","Leg Sweep+1","Expertise","Outmaneuver+1","A Thousand Cuts+1","Decay","Injury","Noxious Fumes+1","Dodge and Roll+1","Master of Strategy","Distraction","Dodge and Roll+1","Well Laid Plans+1","Dash+1","Footwork+1","Corpse Explosion+1","Backflip","Footwork+1","Prepared+1","Escape Plan+1","Leg Sweep+1"],"max_hp_per_floor":[70,70,65,65,65,65,65,65,65,65,65,65,65,65,65,65,65,65,65,65,65,65,65,65,65,65,65,65,65,65,65,65,65,65,65,65,65,65,65,65,65,65,65,65,65,65,65,65,65,65],"relics":["Lizard Tail","Bloody Idol","Molten Egg 2","Old Coin","Paper Crane","Prayer Wheel","Matryoshka","Letter Opener","Tingsha","Oddly Smooth Stone","Regal Pillow","War Paint","Nloth\u0027s Gift","Black Star","Red Mask","Gambling Chip","Unceasing Top","Smiling Mask","Dream Catcher"],"card_choices":[{"not_picked":["Dagger Spray","Riddle With Holes"],"picked":"Backflip"},{"not_picked":["PiercingWail","Quick Slash"],"picked":"Deadly Poison"},{"not_picked":["Prepared","Riddle With Holes"],"picked":"Deadly Poison"},{"not_picked":["Outmaneuver","Venomology"],"picked":"Leg Sweep"},{"not_picked":["Sucker Punch","Acrobatics"],"picked":"Expertise"},{"not_picked":["Sucker Punch","Underhanded Strike"],"picked":"Outmaneuver"},{"not_picked":["Glass Knife","Night Terror"],"picked":"A Thousand Cuts"},{"not_picked":["Masterful Stab","Blade Dance"],"picked":"Noxious Fumes"},{"not_picked":["Deadly Poison","Sucker Punch"],"picked":"Dodge and Roll"},{"not_picked":["Acrobatics","Blade Dance"],"picked":"Distraction"},{"not_picked":["Underhanded Strike","Prepared"],"picked":"Dodge and Roll"},{"not_picked":["Quick Slash","Dagger Spray"],"picked":"Well Laid Plans"},{"not_picked":["Acrobatics","Terror"],"picked":"Dash"},{"not_picked":["Deflect","Prepared"],"picked":"Footwork"},{"not_picked":["Unload","Venomology"],"picked":"Corpse Explosion"},{"not_picked":["Dagger Spray","Riddle With Holes"],"picked":"Backflip"},{"not_picked":["Wraith Form","Heel Hook"],"picked":"Footwork"},{"not_picked":["Poisoned Stab","Dagger Throw"],"picked":"Prepared"},{"not_picked":["All Out Attack","Dodge and Roll"],"picked":"Escape Plan"},{"not_picked":["Quick Slash","Sucker Punch"],"picked":"Leg Sweep"}],"player_experience":45575,"potions_floor_usage":[22,23,33,33,33,41,41,50,50],"damage_taken":[{"damage":0,"enemies":"Jaw Worm","floor":1,"turns":6},{"damage":0,"enemies":"2 Louse","floor":2,"turns":4},{"damage":12,"enemies":"Small Slimes","floor":4,"turns":5},{"damage":14,"enemies":"3 Sentries","floor":7,"turns":14},{"damage":0,"enemies":"3 Louse","floor":10,"turns":6},{"damage":17,"enemies":"Gremlin Gang","floor":11,"turns":12},{"damage":5,"enemies":"Hexaghost","floor":16,"turns":12},{"damage":0,"enemies":"2 Thieves","floor":18,"turns":5},{"damage":9,"enemies":"Shell Parasite","floor":20,"turns":8},{"damage":10,"enemies":"Snecko","floor":22,"turns":7},{"damage":47,"enemies":"Slavers","floor":23,"turns":9},{"damage":0,"enemies":"Gremlin Leader","floor":27,"turns":10},{"damage":22,"enemies":"3 Cultists","floor":29,"turns":12},{"damage":4,"enemies":"Champ","floor":33,"turns":20},{"damage":2,"enemies":"3 Shapes","floor":35,"turns":5},{"damage":30,"enemies":"3 Darklings","floor":37,"turns":7},{"damage":56,"enemies":"2 Orb Walkers","floor":41,"turns":8},{"damage":14,"enemies":"4 Shapes","floor":44,"turns":7},{"damage":2,"enemies":"Maw","floor":46,"turns":10},{"damage":0,"enemies":"3 Darklings","floor":48,"turns":5},{"damage":15,"enemies":"Time Eater","floor":50,"turns":20}],"event_choices":[{"event_name":"Golden Idol","player_choice":"Lose Max HP","floor":3,"damage_taken":0},{"event_name":"Bonfire Elementals","player_choice":"BASIC","floor":13,"damage_taken":0},{"event_name":"Shining Light","player_choice":"Entered Light","floor":14,"damage_taken":0},{"event_name":"Beggar","player_choice":"Gave Gold","floor":19,"damage_taken":0},{"event_name":"Forgotten Altar","player_choice":"Gave Idol","floor":24,"damage_taken":0},{"event_name":"N\u0027loth","player_choice":"Traded a Calling Bell","floor":28,"damage_taken":0},{"event_name":"The Woman in Blue","player_choice":"Bought 0 Potions","floor":31,"damage_taken":0},{"event_name":"The Lab","player_choice":"Got Potions","floor":38,"damage_taken":0},{"event_name":"Tomb of Lord Red Mask","player_choice":"Paid","floor":39,"damage_taken":0}],"boss_relics":[{"not_picked":["Snecko Eye","White Beast Statue"],"picked":"Calling Bell"},{"not_picked":["Runic Dome","Eternal Feather"],"picked":"Black Star"}],"potions_floor_spawned":[4,7,11,20,23,29,35,41],"seed_played":"6119767927420231121","ascension_level":0,"is_trial":false}