{"gold_per_floor":[111,20,20,31,43,43,78,93,144,170,170,185,201,201,201,201],"floor_reached":16,"playtime":813,"items_purged":[],"score":224,"play_id":"c2b3a449-a561-4a8d-829e-72c1617327ea","local_time":"20190111200148","is_ascension_mode":true,"campfire_choices":[{"data":"Zap","floor":6.0,"key":"SMITH"},{"data":"Electrodynamics","floor":15,"key":"SMITH"}],"neow_cost":"TEN_PERCENT_HP_LOSS","seed_source_timestamp":92180058817606,"circlet_count":0,"master_deck":["AscendersBane","Strike_B","Strike_B","Strike_B","Defend_B","Defend_B","Defend_B","Defend_B","Zap+1","Dualcast","Electrodynamics+1","Chill","Self Repair","Recycle","Glacier","Rip and Tear","Pain","Tempest"],"special_seed":0,"relics":["Cracked Core","Kunai","PreservedInsect","Juzu Bracelet","WarpedTongs"],"potions_floor_usage":[16,16],"damage_taken":[{"damage":0.0,"enemies":"Small Slimes","floor":1.0,"turns":3.0},{"damage":6.0,"enemies":"Cultist","floor":4.0,"turns":4.0},{"damage":5.0,"enemies":"Jaw Worm","floor":5.0,"turns":4.0},{"damage":19.0,"enemies":"Lagavulin","floor":7.0,"turns":8.0},{"damage":0.0,"enemies":"Gremlin Gang","floor":8.0,"turns":1.0},{"damage":4.0,"enemies":"3 Sentries","floor":10.0,"turns":5.0},{"damage":11,"enemies":"Red Slaver","floor":12,"turns":3},{"damage":1,"enemies":"Large Slime","floor":13,"turns":4},{"damage":46,"enemies":"Hexaghost","floor":16,"turns":11}],"seed_played":"-2020344193480452704","potions_obtained":[{"floor":4.0,"key":"SkillPotion"},{"floor":10.0,"key":"SkillPotion"}],"is_trial":false,"path_per_floor":["M","$","?","M","M","R","E","M","T","E","?","M","M","?","R","B"],"character_chosen":"DEFECT","items_purchased":["Chill","PowerPotion"],"campfire_rested":0,"item_purchase_floors":[2,2],"current_hp_per_floor":[64,64,64,64,64,64,52,52,52,55,55,44,50,50,50,4],"gold":201,"neow_bonus":"THREE_RARE_CARDS","is_prod":false,"is_daily":false,"chose_seed":false,"campfire_upgraded":2,"win_rate":0,"timestamp":1547254908,"path_taken":["M","$","?","?","M","R","E","M","T","E","?","M","M","?","R","BOSS"],"build_version":"2019-01-10","purchased_purges":0,"victory":false,"max_hp_per_floor":[64,64,64,64,64,64,64,64,64,64,64,64,64,64,64,64],"card_choices":[{"not_picked":["Echo Form","Biased Cognition"],"picked":"Electrodynamics","floor":0.0},{"not_picked":["Leap","Gash","Redo"],"picked":"SKIP","floor":1.0},{"not_picked":["Hologram","Self Repair"],"picked":"Recycle","floor":5.0},{"not_picked":["Reprogram","Redo","Steam Power"],"picked":"SKIP","floor":7.0},{"not_picked":["Cold Snap","Conserve Battery"],"picked":"Glacier","floor":8.0},{"not_picked":["Fusion","Gash"],"picked":"Rip and Tear","floor":10.0},{"not_picked":["Hyperbeam","Compile Driver"],"picked":"Tempest","floor":12}],"player_experience":1611961,"relics_obtained":[{"floor":7.0,"key":"Kunai"},{"floor":9.0,"key":"PreservedInsect"},{"floor":10.0,"key":"Juzu Bracelet"}],"event_choices":[{"damage_healed":0.0,"max_hp_gain":0.0,"max_hp_loss":0.0,"gold_gain":0.0,"cards_transformed":["Strike_B"],"event_name":"Transmorgrifier","player_choice":"Transformed","floor":3.0,"gold_loss":0.0,"damage_taken":0.0,"cards_obtained":["Self Repair"]},{"damage_healed":0.0,"max_hp_gain":0.0,"max_hp_loss":0.0,"gold_gain":0.0,"event_name":"Accursed Blacksmith","player_choice":"Rummage","floor":11.0,"gold_loss":0.0,"damage_taken":0.0,"relics_obtained":["WarpedTongs"],"cards_obtained":["Pain"]},{"damage_healed":0,"gold_gain":0,"player_choice":"Got Potions","damage_taken":0,"max_hp_gain":0,"max_hp_loss":0,"event_name":"Lab","floor":14,"gold_loss":0}],"is_beta":true,"boss_relics":[],"items_purged_floors":[],"is_endless":false,"potions_floor_spawned":[4,5,10,13],"killed_by":"Hexaghost","ascension_level":20}