{"gold_per_floor":[362,362,14,26,42,42,67,67,67,99,99,112,123,17,17,95,95,109,129,73,48,60,60,60],"floor_reached":24,"playtime":1268,"items_purged":["Strike_R"],"score":450,"play_id":"b13524b5-a86d-40dd-950f-be08669386b2","local_time":"20190506214845","is_ascension_mode":true,"campfire_choices":[{"data":"Barricade","floor":6.0,"key":"SMITH"},{"floor":11.0,"key":"REST"},{"floor":15.0,"key":"REST"},{"data":"Body Slam","floor":23.0,"key":"SMITH"}],"neow_cost":"PERCENT_DAMAGE","seed_source_timestamp":0,"circlet_count":0,"master_deck":["AscendersBane","Strike_R","Strike_R","Strike_R","Strike_R","Defend_R","Defend_R","Defend_R","Defend_R","Bash","Cleave","Barricade+1","Shrug It Off","Discovery","Headbutt","Offering+1","Bash","Power Through+1","Bludgeon","Entrench+1","Armaments+1","Warcry+1","Discovery+1","Impervious+1","Warcry+1","Ghostly Armor+1","Body Slam+1","True Grit+1","Feel No Pain"],"special_seed":0,"relics":["Burning Blood","Toxic Egg 2","Kunai","Blue Candle","Mark of Pain"],"potions_floor_usage":[24],"damage_taken":[{"damage":12.0,"enemies":"Cultist","floor":1.0,"turns":4.0},{"damage":11.0,"enemies":"Jaw Worm","floor":4.0,"turns":4.0},{"damage":17.0,"enemies":"Small Slimes","floor":5.0,"turns":3.0},{"damage":37.0,"enemies":"3 Sentries","floor":7.0,"turns":8.0},{"damage":6.0,"enemies":"Gremlin Nob","floor":10.0,"turns":3.0},{"damage":17.0,"enemies":"3 Louse","floor":12.0,"turns":3.0},{"damage":8.0,"enemies":"Blue Slaver","floor":13.0,"turns":5.0},{"damage":9.0,"enemies":"Slime Boss","floor":16.0,"turns":20.0},{"damage":18.0,"enemies":"3 Byrds","floor":18.0,"turns":4.0},{"damage":6.0,"enemies":"Chosen","floor":19.0,"turns":8.0},{"damage":9.0,"enemies":"3 Cultists","floor":22.0,"turns":6.0},{"damage":57,"enemies":"Slavers","floor":24,"turns":4}],"seed_played":"2526938382325125699","potions_obtained":[{"floor":4.0,"key":"Strength Potion"},{"floor":5.0,"key":"Poison Potion"},{"floor":7.0,"key":"PowerPotion"},{"floor":16.0,"key":"FearPotion"},{"floor":19.0,"key":"SpeedPotion"}],"is_trial":false,"path_per_floor":["M","?","$","M","M","R","E","?","T","E","R","M","M","$","R","B",null,"M","M","$","$","M","R","E"],"character_chosen":"IRONCLAD","items_purchased":["Barricade","Shrug It Off","Discovery","Discovery+1","Body Slam","True Grit+1"],"campfire_rested":2,"item_purchase_floors":[3,3,3,14,20,21],"current_hp_per_floor":[44,69,69,64,53,53,22,22,22,22,44,33,31,31,53,50,69,57,57,57,57,54,54,0],"gold":60,"neow_bonus":"TWO_FIFTY_GOLD","is_prod":false,"is_daily":false,"chose_seed":false,"campfire_upgraded":2,"win_rate":0,"timestamp":1557168525,"path_taken":["M","?","$","M","M","R","E","?","T","E","R","M","?","?","R","BOSS","M","M","?","$","M","R","E"],"build_version":"2019-01-23","purchased_purges":1,"victory":false,"max_hp_per_floor":[75,75,75,75,75,75,75,75,75,75,75,75,75,75,75,75,75,75,75,75,75,75,75,75],"card_choices":[{"not_picked":["Clothesline","Iron Wave"],"picked":"Cleave","floor":1.0},{"not_picked":["Reckless Charge","Intimidate"],"picked":"Headbutt","floor":4.0},{"not_picked":["Sword Boomerang","Armaments","Wild Strike"],"picked":"SKIP","floor":5.0},{"not_picked":["Rampage","Battle Trance"],"picked":"Offering","floor":7.0},{"not_picked":["Bloodletting+1","Flame Barrier+1"],"picked":"Entrench+1","floor":10.0},{"not_picked":["Headbutt","Hemokinesis"],"picked":"Armaments+1","floor":12.0},{"not_picked":["Armaments+1","Havoc+1"],"picked":"Warcry+1","floor":13.0},{"not_picked":["Bludgeon","Demon Form"],"picked":"Impervious+1","floor":16.0},{"not_picked":["Iron Wave","Thunderclap"],"picked":"Warcry+1","floor":18.0},{"not_picked":["Rage+1","Searing Blow"],"picked":"Ghostly Armor+1","floor":19.0},{"not_picked":["Thunderclap","Fire Breathing"],"picked":"Feel No Pain","floor":22.0}],"player_experience":382668,"relics_obtained":[{"floor":7.0,"key":"Toxic Egg 2"},{"floor":9.0,"key":"Kunai"},{"floor":10.0,"key":"Blue Candle"}],"event_choices":[{"damage_healed":25.0,"max_hp_gain":0.0,"max_hp_loss":0.0,"gold_gain":0.0,"event_name":"Big Fish","player_choice":"Banana","floor":2.0,"gold_loss":0.0,"damage_taken":0.0},{"damage_healed":0.0,"max_hp_gain":0.0,"max_hp_loss":0.0,"gold_gain":0.0,"event_name":"Match and Keep!","player_choice":"3 cards matched","floor":8.0,"gold_loss":0.0,"damage_taken":0.0,"cards_obtained":["Bash","Power Through","Bludgeon"]}],"is_beta":false,"boss_relics":[{"not_picked":["Fusion Hammer","Runic Cube"],"picked":"Mark of Pain"}],"items_purged_floors":[3],"is_endless":false,"potions_floor_spawned":[4,5,7,16,19],"killed_by":"Slavers","ascension_level":19}