{"gold_per_floor":[111,65,80,5,5,5,48,71,120,120,453,471,471,486,486,605,605,621,645,665,590,609,633,633],"floor_reached":24,"playtime":1853,"items_purged":[],"score":231,"play_id":"e7d7deea-67f4-4923-93bc-64c864397156","local_time":"20181106195910","is_ascension_mode":true,"campfire_choices":[{"data":"Metallicize","floor":6,"key":"SMITH"},{"data":"Reaper","floor":10,"key":"SMITH"},{"data":"Spot Weakness","floor":13,"key":"SMITH"},{"data":"Shrug It Off","floor":15,"key":"SMITH"}],"neow_cost":"NONE","seed_source_timestamp":2012913636518503,"circlet_count":0,"master_deck":["Strike_R","Strike_R","Strike_R","Strike_R","Strike_R","Defend_R","Defend_R","Defend_R","Bash","Pommel Strike","Pommel Strike","Cleave","Twin Strike","Metallicize+1","Spot Weakness+1","Reaper+1","Evolve","Shrug It Off+1","Reaper","Whirlwind+1","Disarm"],"relics":["Burning Blood","Golden Idol","Omamori","Ancient Tea Set","Old Coin","Mark of Pain"],"potions_floor_usage":[7,11,16,16,20,22,24],"damage_taken":[{"damage":6,"enemies":"Cultist","floor":1,"turns":3},{"damage":0,"enemies":"Small Slimes","floor":3,"turns":3},{"damage":22,"enemies":"3 Sentries","floor":7,"turns":7},{"damage":7,"enemies":"2 Louse","floor":8,"turns":2},{"damage":32,"enemies":"Lagavulin","floor":11,"turns":5},{"damage":9,"enemies":"Large Slime","floor":12,"turns":4},{"damage":5,"enemies":"Red Slaver","floor":14,"turns":3},{"damage":39,"enemies":"Slime Boss","floor":16,"turns":9},{"damage":38,"enemies":"Spheric Guardian","floor":18,"turns":6},{"damage":25,"enemies":"2 Thieves","floor":19,"turns":4},{"damage":40,"enemies":"3 Cultists","floor":20,"turns":5},{"damage":41,"enemies":"Snake Plant","floor":22,"turns":5},{"damage":28,"enemies":"Centurion and Healer","floor":23,"turns":5},{"damage":65,"enemies":"Slavers","floor":24,"turns":3}],"seed_played":"-851718851520022082","potions_obtained":[{"floor":1,"key":"PowerPotion"},{"floor":8,"key":"BloodPotion"},{"floor":11,"key":"Swift Potion"},{"floor":12,"key":"BloodPotion"},{"floor":16,"key":"Swift Potion"},{"floor":20,"key":"Regen Potion"},{"floor":23,"key":"Weak Potion"}],"is_trial":false,"path_per_floor":["M","$","M","$","?","R","E","M","T","R","E","M","R","M","R","B",null,"M","M","M","?","M","M","E"],"character_chosen":"IRONCLAD","items_purchased":["Cleave","Metallicize"],"campfire_rested":0,"item_purchase_floors":[2,4],"current_hp_per_floor":[80,80,80,80,80,80,64,63,63,63,53,64,64,65,65,58,80,52,51,46,46,34,30,0],"gold":633,"neow_bonus":"TRANSFORM_CARD","is_prod":false,"is_daily":false,"chose_seed":false,"campfire_upgraded":4,"win_rate":0,"timestamp":1541552350,"path_taken":["M","?","?","$","?","R","E","M","T","R","E","M","R","M","R","BOSS","M","M","M","?","M","M","E"],"build_version":"2018-11-01","purchased_purges":0,"victory":false,"max_hp_per_floor":[80,80,80,80,80,80,80,80,80,80,80,80,80,80,80,80,80,80,80,80,80,80,80,80],"card_choices":[{"not_picked":["Burning Pact","Heavy Blade"],"picked":"Pommel Strike","floor":1},{"not_picked":["Thunderclap","Heavy Blade"],"picked":"Twin Strike","floor":3},{"not_picked":["Sever Soul","Rupture"],"picked":"Spot Weakness","floor":7},{"not_picked":["Clash","Clothesline"],"picked":"Reaper","floor":8},{"not_picked":["Power Through","Armaments"],"picked":"Evolve","floor":11},{"not_picked":["Clash","Thunderclap"],"picked":"Shrug It Off","floor":12},{"not_picked":["Flex","Twin Strike","Sword Boomerang"],"picked":"SKIP","floor":14},{"not_picked":["Brutality","Exhume"],"picked":"Reaper","floor":16},{"not_picked":["Clash+1","Thunderclap+1","Pommel Strike"],"picked":"SKIP","floor":18},{"not_picked":["Twin Strike","True Grit","Warcry+1"],"picked":"SKIP","floor":19},{"not_picked":["Anger+1","Cleave+1"],"picked":"Whirlwind+1","floor":20},{"not_picked":["Hemokinesis","Carnage","Pommel Strike"],"picked":"SKIP","floor":22},{"not_picked":["Clothesline","Anger"],"picked":"Disarm","floor":23}],"player_experience":103010,"relics_obtained":[{"floor":7,"key":"Omamori"},{"floor":9,"key":"Ancient Tea Set"},{"floor":11,"key":"Old Coin"}],"event_choices":[{"damage_healed":0,"gold_gain":0,"player_choice":"Take Wound","damage_taken":0,"relics_obtained":["Golden Idol"],"max_hp_gain":0,"max_hp_loss":0,"event_name":"Golden Idol","floor":5,"gold_loss":0,"cards_obtained":["Injury"]},{"cards_removed":["Injury"],"damage_healed":0,"gold_gain":0,"player_choice":"Gave Gold","damage_taken":0,"max_hp_gain":0,"max_hp_loss":0,"event_name":"Beggar","floor":21,"gold_loss":75}],"is_beta":false,"boss_relics":[{"not_picked":["Ectoplasm","Velvet Choker"],"picked":"Mark of Pain"}],"items_purged_floors":[],"is_endless":false,"potions_floor_spawned":[1,8,11,12,16,20,23],"killed_by":"Slavers","ascension_level":2}