{"gold_per_floor":[118,138,138,63,75,75,106,106,159,177,208,218,232,259,259,335,335,345,360,460,460],"floor_reached":21,"playtime":1056,"items_purged":[],"score":334,"play_id":"c54bd380-1f2c-4d51-91b1-77b1a561a976","local_time":"20190420143417","is_ascension_mode":true,"campfire_choices":[{"data":"Sucker Punch","floor":6.0,"key":"SMITH"},{"data":"Neutralize","floor":8.0,"key":"SMITH"},{"data":"Cloak And Dagger","floor":15.0,"key":"SMITH"}],"neow_cost":"NONE","seed_source_timestamp":0,"circlet_count":0,"master_deck":["AscendersBane","Defend_G","Defend_G","Defend_G","Defend_G","Defend_G","Strike_G","Strike_G","Strike_G","Strike_G","Survivor","Neutralize+1","Sucker Punch+1","Skewer","All Out Attack","Poisoned Stab","Cloak And Dagger+1","Malaise","Cloak And Dagger","Crippling Poison"],"special_seed":0,"relics":["Ring of the Snake","Omamori","Tiny Chest","Kunai","Strawberry","Philosopher\u0027s Stone","Dead Branch","Mercury Hourglass"],"potions_floor_usage":[21],"damage_taken":[{"damage":7.0,"enemies":"Small Slimes","floor":1.0,"turns":6.0},{"damage":0.0,"enemies":"Jaw Worm","floor":2.0,"turns":4.0},{"damage":1.0,"enemies":"2 Louse","floor":5.0,"turns":3.0},{"damage":17.0,"enemies":"Gremlin Nob","floor":7.0,"turns":6.0},{"damage":4.0,"enemies":"Blue Slaver","floor":10.0,"turns":4.0},{"damage":25.0,"enemies":"Lagavulin","floor":11.0,"turns":8.0},{"damage":0.0,"enemies":"Gremlin Gang","floor":12.0,"turns":1.0},{"damage":3.0,"enemies":"Exordium Wildlife","floor":13.0,"turns":6.0},{"damage":8.0,"enemies":"The Guardian","floor":16.0,"turns":18.0},{"damage":5.0,"enemies":"Chosen","floor":18.0,"turns":6.0},{"damage":7.0,"enemies":"Shell Parasite","floor":19.0,"turns":6.0},{"damage":34.0,"enemies":"Colosseum Slavers","floor":20.0,"turns":6.0},{"damage":8.0,"enemies":"Colosseum Nobs","floor":20.0,"turns":5.0},{"damage":8,"enemies":"Cultist and Chosen","floor":21,"turns":4}],"seed_played":"186321447587400468","potions_obtained":[{"floor":2.0,"key":"Explosive Potion"},{"floor":5.0,"key":"SpeedPotion"},{"floor":11.0,"key":"SteroidPotion"},{"floor":16.0,"key":"Dexterity Potion"},{"floor":19.0,"key":"SteroidPotion"},{"floor":20.0,"key":"Weak Potion"}],"is_trial":false,"path_per_floor":["M","M","?","?","M","R","E","R","T","M","E","M","M","T","R","B",null,"M","M","?","M"],"character_chosen":"THE_SILENT","items_purchased":[],"campfire_rested":0,"item_purchase_floors":[],"current_hp_per_floor":[52,52,57,57,56,56,39,39,39,35,10,10,7,14,14,6,60,55,48,6,0],"gold":460,"neow_bonus":"THREE_CARDS","is_prod":false,"is_daily":false,"chose_seed":false,"campfire_upgraded":3,"win_rate":0,"timestamp":1555796057,"path_taken":["M","M","?","?","M","R","E","R","T","M","E","M","M","?","R","BOSS","M","M","?","M"],"build_version":"2019-01-23","purchased_purges":0,"victory":false,"max_hp_per_floor":[66,66,71,71,71,71,71,71,71,71,71,71,71,78,78,78,78,78,78,78,78],"card_choices":[{"not_picked":["Cloak And Dagger","Underhanded Strike"],"picked":"Sucker Punch","floor":0.0},{"not_picked":["Outmaneuver","Dodge and Roll"],"picked":"Skewer","floor":1.0},{"not_picked":["Underhanded Strike","Quick Slash","Bane"],"picked":"SKIP","floor":2.0},{"not_picked":["Masterful Stab","Acrobatics","Concentrate"],"picked":"SKIP","floor":5.0},{"not_picked":["Expertise","Concentrate"],"picked":"All Out Attack","floor":7.0},{"not_picked":["Reflex","Sucker Punch"],"picked":"Poisoned Stab","floor":10.0},{"not_picked":["Noxious Fumes","Slice"],"picked":"Cloak And Dagger","floor":11.0},{"not_picked":["Prepared","Underhanded Strike","Poisoned Stab"],"picked":"SKIP","floor":12.0},{"not_picked":["Underhanded Strike","Choke","Bane"],"picked":"SKIP","floor":13.0},{"not_picked":["Bullet Time","Wraith Form v2"],"picked":"Malaise","floor":16.0},{"not_picked":["Tactician","Dagger Throw+1"],"picked":"Cloak And Dagger","floor":18.0},{"not_picked":["Dagger Throw","Distraction","Deadly Poison"],"picked":"SKIP","floor":19.0},{"not_picked":["Prepared","Endless Agony"],"picked":"Crippling Poison","floor":20.0}],"player_experience":2478258,"relics_obtained":[{"floor":7.0,"key":"Omamori"},{"floor":9.0,"key":"Tiny Chest"},{"floor":11.0,"key":"Kunai"},{"floor":14.0,"key":"Strawberry"},{"floor":20.0,"key":"Dead Branch"},{"floor":20.0,"key":"Mercury Hourglass"}],"event_choices":[{"damage_healed":0.0,"max_hp_gain":5.0,"max_hp_loss":0.0,"gold_gain":0.0,"event_name":"Big Fish","player_choice":"Donut","floor":3.0,"gold_loss":0.0,"damage_taken":0.0},{"cards_removed":["Strike_G"],"damage_healed":0.0,"max_hp_gain":0.0,"max_hp_loss":0.0,"gold_gain":0.0,"event_name":"The Cleric","player_choice":"Card Removal","floor":4.0,"gold_loss":75.0,"damage_taken":0.0},{"damage_healed":0.0,"max_hp_gain":0.0,"max_hp_loss":0.0,"gold_gain":0.0,"event_name":"Colosseum","player_choice":"Fight","floor":20.0,"gold_loss":0.0,"damage_taken":0.0},{"damage_healed":0.0,"max_hp_gain":0.0,"max_hp_loss":0.0,"gold_gain":0.0,"event_name":"Colosseum","player_choice":"Fought Nobs","floor":20.0,"gold_loss":0.0,"damage_taken":0.0}],"is_beta":false,"boss_relics":[{"not_picked":["Calling Bell","Cursed Key"],"picked":"Philosopher\u0027s Stone"}],"items_purged_floors":[],"is_endless":false,"potions_floor_spawned":[2,5,11,16,19,20],"killed_by":"Cultist and Chosen","ascension_level":15}