{"gold_per_floor":[114,114,125,125,125,154,154,154,154,167,200,216,216,241,241,241],"floor_reached":16,"playtime":322,"items_purged":[],"score":270,"play_id":"da135567-5eae-4f95-9f42-428234ed4dfe","local_time":"20190114180120","is_ascension_mode":true,"campfire_choices":[{"data":"Zap","floor":7,"key":"SMITH"},{"data":"Sunder","floor":13,"key":"SMITH"},{"data":"Coolheaded","floor":15,"key":"SMITH"}],"neow_cost":"NONE","seed_source_timestamp":344669867363169,"circlet_count":0,"master_deck":["AscendersBane","Strike_B","Defend_B","Defend_B","Defend_B","Defend_B","Zap+1","Dualcast","Coolheaded+1","Gash+1","Hyperbeam+1","Sunder+1","Self Repair"],"relics":["Cracked Core","Kunai","Golden Idol","FossilizedHelix","Orichalcum"],"potions_floor_usage":[11,11],"damage_taken":[{"damage":0,"enemies":"Cultist","floor":1,"turns":4},{"damage":14,"enemies":"Small Slimes","floor":3,"turns":3},{"damage":8,"enemies":"Gremlin Nob","floor":6,"turns":3},{"damage":0,"enemies":"2 Louse","floor":10,"turns":2},{"damage":0,"enemies":"Lagavulin","floor":11,"turns":5},{"damage":3,"enemies":"Large Slime","floor":12,"turns":4},{"damage":10,"enemies":"Exordium Wildlife","floor":14,"turns":2},{"damage":18,"enemies":"Hexaghost","floor":16,"turns":7}],"seed_played":"-2187534505810931749","potions_obtained":[{"floor":3,"key":"GamblersBrew"},{"floor":6,"key":"FearPotion"},{"floor":12,"key":"Strength Potion"}],"is_trial":false,"path_per_floor":["M","?","M","?","?","E","R","?","T","M","E","M","R","M","R","B"],"character_chosen":"DEFECT","items_purchased":[],"campfire_rested":0,"item_purchase_floors":[],"current_hp_per_floor":[64,64,50,43,22,14,14,14,14,14,14,18,18,15,15,0],"gold":241,"neow_bonus":"TRANSFORM_CARD","is_prod":false,"is_daily":false,"chose_seed":false,"campfire_upgraded":3,"win_rate":0,"timestamp":1547506880,"path_taken":["M","?","M","?","?","E","R","?","T","M","E","M","R","M","R","BOSS"],"build_version":"2019-01-10","purchased_purges":0,"victory":false,"max_hp_per_floor":[71,71,71,71,71,71,71,64,64,64,64,64,64,64,64,64],"card_choices":[{"not_picked":["Leap","Hologram"],"picked":"Gash","floor":1},{"not_picked":["Stack","Force Field","Blizzard"],"picked":"SKIP","floor":6},{"not_picked":["Ball Lightning","White Noise"],"picked":"Sunder","floor":10},{"not_picked":["Turbo","Loop"],"picked":"Self Repair","floor":11},{"not_picked":["Rip and Tear","Go for the Eyes","Redo"],"picked":"SKIP","floor":14}],"player_experience":1640459,"relics_obtained":[{"floor":6,"key":"Kunai"},{"floor":9,"key":"FossilizedHelix"},{"floor":11,"key":"Orichalcum"}],"event_choices":[{"damage_healed":0,"gold_gain":0,"cards_transformed":["Strike_B"],"player_choice":"Change","damage_taken":0,"max_hp_gain":0,"max_hp_loss":0,"event_name":"Living Wall","floor":2,"gold_loss":0,"cards_obtained":["Hyperbeam"]},{"cards_removed":["Strike_B"],"damage_healed":0,"gold_gain":0,"player_choice":"Card Removal","damage_taken":7,"max_hp_gain":0,"max_hp_loss":0,"event_name":"Golden Wing","floor":4,"gold_loss":0},{"damage_healed":0,"gold_gain":0,"player_choice":"Entered Light","damage_taken":21,"max_hp_gain":0,"max_hp_loss":0,"event_name":"Shining Light","floor":5,"gold_loss":0,"cards_upgraded":["Gash","Hyperbeam"]},{"damage_healed":0,"gold_gain":0,"player_choice":"Lose Max HP","damage_taken":0,"relics_obtained":["Golden Idol"],"max_hp_gain":0,"max_hp_loss":7,"event_name":"Golden Idol","floor":8,"gold_loss":0}],"is_beta":true,"boss_relics":[],"items_purged_floors":[],"is_endless":false,"potions_floor_spawned":[3,6,10,12],"killed_by":"Hexaghost","ascension_level":20}