{"gold_per_floor":[115,128,128,146,65,65,77,105,105,105,140,140,61,95,95,173,173,187,187,197,209,221,221,255,255,255,284,297,316,335,360,360,439,439,449,465,479,142,154,481,481,514,514,547,547,547,62,96,96,96],"floor_reached":51,"playtime":2716,"items_purged":["Strike_G","Defend_G"],"score":1738,"play_id":"8808d2d1-29c9-4762-8987-3ccf8fac7954","local_time":"20181012212814","is_ascension_mode":true,"campfire_choices":[{"data":"Neutralize","floor":6.0,"key":"SMITH"},{"data":"Dagger Spray","floor":10.0,"key":"SMITH"},{"data":"Leg Sweep","floor":12.0,"key":"SMITH"},{"data":"Finisher","floor":15.0,"key":"SMITH"},{"floor":23.0,"key":"REST"},{"floor":25.0,"key":"REST"},{"data":"Cloak And Dagger","floor":32.0,"key":"SMITH"},{"data":"Cloak And Dagger","floor":41.0,"key":"SMITH"},{"floor":46.0,"key":"REST"},{"data":"Blade Dance","floor":49,"key":"SMITH"}],"neow_cost":"NONE","seed_source_timestamp":44467507287658,"circlet_count":0,"master_deck":["Defend_G","Defend_G","Defend_G","Defend_G+1","Strike_G","Strike_G","Strike_G","Survivor+1","Neutralize+1","AscendersBane","Blur+1","Finisher+1","Dagger Spray+1","Dagger Throw","Infinite Blades","Backstab","Leg Sweep+1","Footwork+1","Deflect","Corpse Explosion+1","Blade Dance+1","PiercingWail+1","Backflip","Cloak And Dagger+1","Backstab+1","Dodge and Roll","Cloak And Dagger+1","After Image+1","Blade Dance+1","Sucker Punch+1","Backflip+1","Glass Knife+1"],"special_seed":0,"relics":["Ring of the Snake","Frozen Egg 2","Gremlin Horn","Vajra","Matryoshka","Black Star","Meat on the Bone","Shuriken","Bronze Scales","Molten Egg 2","Mummified Hand","Ornamental Fan","Red Mask","Busted Crown","Kunai","Tingsha","Old Coin","Dream Catcher","War Paint","Pen Nib","Bottled Tornado","Dodecahedron","Ninja Scroll","Boot","Darkstone Periapt","Pantograph"],"potions_floor_usage":[50,50],"damage_taken":[{"damage":0.0,"enemies":"2 Louse","floor":1.0,"turns":3.0},{"damage":0.0,"enemies":"Small Slimes","floor":2.0,"turns":4.0},{"damage":0.0,"enemies":"Cultist","floor":4.0,"turns":5.0},{"damage":0.0,"enemies":"Large Slime","floor":7.0,"turns":5.0},{"damage":14.0,"enemies":"Lagavulin","floor":8.0,"turns":7.0},{"damage":0.0,"enemies":"3 Sentries","floor":11.0,"turns":4.0},{"damage":0.0,"enemies":"Gremlin Nob","floor":14.0,"turns":4.0},{"damage":6.0,"enemies":"The Guardian","floor":16.0,"turns":15.0},{"damage":1.0,"enemies":"Chosen","floor":18.0,"turns":7.0},{"damage":3.0,"enemies":"Spheric Guardian","floor":20.0,"turns":4.0},{"damage":13.0,"enemies":"Centurion and Healer","floor":21.0,"turns":6.0},{"damage":12.0,"enemies":"Snecko","floor":22.0,"turns":5.0},{"damage":0.0,"enemies":"Gremlin Leader","floor":24.0,"turns":7.0},{"damage":17.0,"enemies":"Book of Stabbing","floor":27.0,"turns":6.0},{"damage":0.0,"enemies":"Shelled Parasite and Fungi","floor":28.0,"turns":5.0},{"damage":0.0,"enemies":"Centurion and Healer","floor":29.0,"turns":4.0},{"damage":6.0,"enemies":"Snake Plant","floor":30.0,"turns":4.0},{"damage":0.0,"enemies":"Masked Bandits","floor":31.0,"turns":2.0},{"damage":31.0,"enemies":"Collector","floor":33.0,"turns":10.0},{"damage":0.0,"enemies":"3 Shapes","floor":35.0,"turns":2.0},{"damage":0.0,"enemies":"3 Darklings","floor":36.0,"turns":4.0},{"damage":10.0,"enemies":"Maw","floor":37.0,"turns":8.0},{"damage":12.0,"enemies":"Transient","floor":39.0,"turns":5.0},{"damage":1.0,"enemies":"2 Orb Walkers","floor":40.0,"turns":5.0},{"damage":10.0,"enemies":"Giant Head","floor":42.0,"turns":8.0},{"damage":0.0,"enemies":"2 Orb Walkers","floor":44.0,"turns":3.0},{"damage":0.0,"enemies":"Nemesis","floor":48.0,"turns":1.0},{"damage":0,"enemies":"Awakened One","floor":50,"turns":9}],"seed_played":"641213196454011058","potions_obtained":[{"floor":1.0,"key":"SkillPotion"},{"floor":2.0,"key":"Strength Potion"},{"floor":16.0,"key":"SteroidPotion"},{"floor":20.0,"key":"Weak Potion"},{"floor":21.0,"key":"SteroidPotion"},{"floor":24.0,"key":"SkillPotion"},{"floor":28.0,"key":"Dexterity Potion"},{"floor":30.0,"key":"Explosive Potion"},{"floor":35.0,"key":"GamblersBrew"},{"floor":37.0,"key":"SteroidPotion"},{"floor":40.0,"key":"Explosive Potion"},{"floor":42.0,"key":"SkillPotion"},{"floor":48.0,"key":"SteroidPotion"}],"is_trial":false,"path_per_floor":["M","M","?","M","$","R","M","E","T","R","E","R","$","E","R","B",null,"M","?","M","M","M","R","E","R","T","E","M","M","M","?","R","B",null,"M","M","M","$","M","E","R","E","T","E","?","R","$","E","R","B"],"character_chosen":"THE_SILENT","items_purchased":["Infinite Blades","Footwork+1","Kunai","GhostInAJar","Boot","Glass Knife+1"],"campfire_rested":3,"item_purchase_floors":[5,13,38,47,47,47],"current_hp_per_floor":[59,59,39,39,39,39,39,25,25,25,25,25,25,25,25,19,54,53,35,32,19,7,28,28,49,49,44,44,44,38,38,38,19,58,58,58,48,48,36,47,47,37,37,37,37,58,58,58,58,71],"gold":96,"neow_bonus":"TRANSFORM_CARD","is_prod":false,"is_daily":false,"chose_seed":false,"campfire_upgraded":7,"win_rate":0,"timestamp":1539404894,"path_taken":["M","M","?","M","$","R","M","E","T","R","E","R","$","E","R","BOSS","M","?","M","M","M","R","E","R","T","E","M","?","M","?","R","BOSS","M","M","M","$","M","E","R","E","T","E","?","R","$","E","R","BOSS"],"build_version":"2018-10-11","purchased_purges":2,"victory":true,"max_hp_per_floor":[66,66,66,66,66,66,66,66,66,66,66,66,66,66,66,66,66,66,71,71,71,71,71,71,71,71,71,71,71,71,71,71,71,71,71,71,71,71,71,71,71,71,71,71,71,71,71,71,71,71],"card_choices":[{"not_picked":["Underhanded Strike","Flechettes"],"picked":"Finisher","floor":1.0},{"not_picked":["Crippling Poison","Deflect"],"picked":"Dagger Spray","floor":2.0},{"not_picked":["Malaise","Catalyst"],"picked":"Dagger Throw","floor":4.0},{"not_picked":["Catalyst","Dodge and Roll","Heel Hook"],"picked":"SKIP","floor":7.0},{"not_picked":["Noxious Fumes","Outmaneuver"],"picked":"Backstab","floor":8.0},{"not_picked":["Dagger Throw","Prepared"],"picked":"Leg Sweep","floor":11.0},{"not_picked":["Sucker Punch","Footwork+1","Deflect"],"picked":"SKIP","floor":14.0},{"not_picked":["Sucker Punch","Footwork+1"],"picked":"Deflect","floor":14.0},{"not_picked":["Burst","Phantasmal Killer"],"picked":"Corpse Explosion","floor":16.0},{"not_picked":["Dagger Throw","Dagger Spray"],"picked":"Blade Dance+1","floor":18.0},{"not_picked":["Flying Knee","Skewer"],"picked":"PiercingWail+1","floor":20.0},{"not_picked":["Heel Hook","Acrobatics","Dagger Throw"],"picked":"SKIP","floor":21.0},{"not_picked":["Calculated Gamble","Flechettes"],"picked":"Backflip","floor":22.0},{"not_picked":["Glass Knife","Sucker Punch","Poisoned Stab"],"picked":"SKIP","floor":24.0},{"not_picked":["Burst","Quick Slash+1"],"picked":"Cloak And Dagger","floor":27.0},{"not_picked":["Acrobatics","Masterful Stab+1"],"picked":"Backstab+1","floor":28.0},{"not_picked":["Deadly Poison","Sucker Punch+1"],"picked":"Dodge and Roll","floor":29.0},{"not_picked":["Prepared","Underhanded Strike+1","Backstab+1"],"picked":"SKIP","floor":30.0},{"not_picked":["Deadly Poison","Choke+1"],"picked":"Cloak And Dagger","floor":31.0},{"not_picked":["Bullet Time","Unload+1"],"picked":"After Image+1","floor":33.0},{"not_picked":["Outmaneuver+1"],"picked":"SKIP","floor":35.0},{"not_picked":["Tactician"],"picked":"SKIP","floor":36.0},{"not_picked":[],"picked":"Blade Dance","floor":37.0},{"not_picked":["Underhanded Strike+1"],"picked":"SKIP","floor":39.0},{"not_picked":["PiercingWail+1"],"picked":"SKIP","floor":40.0},{"not_picked":[],"picked":"Sucker Punch+1","floor":42.0},{"not_picked":["Dagger Throw+1"],"picked":"SKIP","floor":44.0},{"not_picked":[],"picked":"Backflip+1","floor":46.0},{"not_picked":["Acrobatics"],"picked":"SKIP","floor":48.0}],"player_experience":1349638,"relics_obtained":[{"floor":8.0,"key":"Frozen Egg 2"},{"floor":9.0,"key":"Gremlin Horn"},{"floor":11.0,"key":"Vajra"},{"floor":14.0,"key":"Matryoshka"},{"floor":24.0,"key":"Meat on the Bone"},{"floor":24.0,"key":"Shuriken"},{"floor":26.0,"key":"Bronze Scales"},{"floor":26.0,"key":"Molten Egg 2"},{"floor":27.0,"key":"Mummified Hand"},{"floor":27.0,"key":"Ornamental Fan"},{"floor":31.0,"key":"Red Mask"},{"floor":40.0,"key":"Tingsha"},{"floor":40.0,"key":"Old Coin"},{"floor":42.0,"key":"Dream Catcher"},{"floor":42.0,"key":"War Paint"},{"floor":43.0,"key":"Pen Nib"},{"floor":43.0,"key":"Bottled Tornado"},{"floor":44.0,"key":"Dodecahedron"},{"floor":44.0,"key":"Ninja Scroll"},{"floor":48.0,"key":"Darkstone Periapt"},{"floor":48.0,"key":"Pantograph"}],"event_choices":[{"event_name":"Shining Light","player_choice":"Entered Light","floor":3.0,"damage_taken":0.0},{"event_name":"Forgotten Altar","player_choice":"Shed Blood","floor":19.0,"damage_taken":0.0},{"event_name":"Masked Bandits","player_choice":"Fought Bandits","floor":31.0,"damage_taken":0.0},{"event_name":"SecretPortal","player_choice":"Rejected Portal.","floor":45.0,"damage_taken":0.0}],"is_beta":false,"boss_relics":[{"not_picked":["Coffee Dripper","Eternal Feather"],"picked":"Black Star"},{"not_picked":["Orrery","Lizard Tail"],"picked":"Busted Crown"}],"items_purged_floors":[38,47],"is_endless":false,"potions_floor_spawned":[1,2,7,16,20,21,22,24,28,30,35,37,40,42,48],"ascension_level":15}