{"gold_per_floor":[116,116,131,150,163,194,194,269,269,11,21,50,80,105,105,210,210,228,71,82,82,97,97,124,124,150,150,165,190,208,53,53,157,157,176,190,8,26,26,57,70,70,70,70,70,97,109,0,0,0],"floor_reached":51,"playtime":1826,"items_purged":["Strike_G"],"score":940,"play_id":"1f8f3526-890d-496e-961a-0aa9a74edbee","local_time":"25610804213022","is_ascension_mode":true,"campfire_choices":[{"floor":7.0,"key":"REST"},{"floor":15.0,"key":"REST"},{"floor":23,"key":"REST"},{"floor":25,"key":"REST"},{"data":"A Thousand Cuts","floor":27,"key":"SMITH"},{"floor":32,"key":"REST"},{"floor":42,"key":"REST"},{"floor":45,"key":"REST"},{"floor":49,"key":"REST"}],"neow_cost":"","seed_source_timestamp":31048796288124,"circlet_count":0,"master_deck":["Defend_G","Defend_G","Defend_G","Defend_G","Defend_G","Strike_G","Strike_G","Strike_G","Survivor","Neutralize","Masterful Stab","Sucker Punch","Outmaneuver","Terror","Backstab","All Out Attack","Bullet Time","Flying Knee","Storm of Steel","Flying Knee+1","Infinite Blades+1","A Thousand Cuts+1","Backflip","Envenom+1","Caltrops+1","After Image+1","Finisher+1","Cloak And Dagger","Cloak And Dagger","Well Laid Plans+1","Bandage Up","Cloak And Dagger","Leg Sweep+1","Blade Dance+1","Acrobatics+1","Escape Plan+1","Blade Dance"],"special_seed":0,"relics":["Ring of the Snake","Orichalcum","Vajra","Ninja Scroll","Mummified Hand","Odd Mushroom","Black Star","Lantern","Boot","Pen Nib","Strawberry","Frozen Egg 2","Shuriken","WristBlade","Question Card","Bottled Tornado","Letter Opener","The Specimen","Peace Pipe","Bag of Preparation","Ancient Tea Set","Red Mask"],"potions_floor_usage":[16,18,29,30,33,33,40,46,50],"damage_taken":[{"damage":4.0,"enemies":"2 Louse","floor":1.0,"turns":4.0},{"damage":9.0,"enemies":"Jaw Worm","floor":3.0,"turns":6.0},{"damage":1.0,"enemies":"Small Slimes","floor":4.0,"turns":5.0},{"damage":15.0,"enemies":"Exordium Wildlife","floor":5.0,"turns":5.0},{"damage":25.0,"enemies":"3 Sentries","floor":6.0,"turns":12.0},{"damage":0.0,"enemies":"Looter","floor":11.0,"turns":2.0},{"damage":0.0,"enemies":"Gremlin Nob","floor":12.0,"turns":2.0},{"damage":5.0,"floor":14.0,"turns":2.0},{"damage":25,"enemies":"Slime Boss","floor":16,"turns":9},{"damage":9,"enemies":"2 Thieves","floor":18,"turns":4},{"damage":5,"enemies":"Spheric Guardian","floor":20,"turns":3},{"damage":17,"enemies":"Centurion and Healer","floor":22,"turns":4},{"damage":29,"enemies":"Book of Stabbing","floor":24,"turns":4},{"damage":13,"enemies":"Snake Plant","floor":28,"turns":2},{"damage":1,"enemies":"Slavers","floor":29,"turns":2},{"damage":0,"enemies":"Cultist and Chosen","floor":30,"turns":3},{"damage":32,"enemies":"Automaton","floor":33,"turns":5},{"damage":0,"enemies":"3 Shapes","floor":35,"turns":2},{"damage":20,"enemies":"Flame Bruiser 1 Orb","floor":36,"turns":3},{"damage":23,"enemies":"4 Shapes","floor":38,"turns":3},{"damage":22,"enemies":"Giant Head","floor":40,"turns":6},{"damage":21,"enemies":"Maw","floor":41,"turns":5},{"damage":18,"floor":44,"turns":4},{"damage":8,"enemies":"Nemesis","floor":46,"turns":3},{"damage":0,"enemies":"Flame Bruiser 2 Orb","floor":47,"turns":2},{"damage":70,"enemies":"Awakened One","floor":50,"turns":8}],"seed_played":"995933807327800903","potions_obtained":[{"floor":1.0,"key":"LiquidBronze"},{"floor":4.0,"key":"Poison Potion"},{"floor":11.0,"key":"GamblersBrew"},{"floor":16,"key":"Block Potion"},{"floor":22,"key":"Poison Potion"},{"floor":24,"key":"FearPotion"},{"floor":29,"key":"Fruit Juice"},{"floor":36,"key":"Energy Potion"},{"floor":41,"key":"Explosive Potion"},{"floor":44,"key":"FearPotion"}],"is_trial":false,"path_per_floor":["M","?","M","M","M","E","R","?","T","$","M","E","?","?","R","B",null,"M","$","M","?","M","R","E","R","T","R","M","E","M","$","R","B",null,"M","M","$","M","T","E","M","R","T","?","R","E","M","?","R","B"],"character_chosen":"THE_SILENT","items_purchased":["Ninja Scroll","Lantern","Caltrops+1","Cloak And Dagger","Well Laid Plans+1","Bandage Up"],"campfire_rested":8,"item_purchase_floors":[10,19,31,37,37,37],"current_hp_per_floor":[66,66,57,56,41,16,37,26,26,26,26,26,26,21,42,17,70,61,61,56,43,26,48,19,41,48,48,35,34,39,39,65,33,87,87,67,67,44,44,26,9,35,35,21,47,43,43,43,69,3],"gold":0,"neow_bonus":"","is_prod":false,"is_daily":false,"chose_seed":false,"campfire_upgraded":1,"win_rate":0,"timestamp":1533393022,"path_taken":["M","?","M","M","M","E","R","?","T","$","M","E","?","?","R","BOSS","M","?","M","?","M","R","E","R","T","R","M","E","M","$","R","BOSS","M","M","$","M","?","E","M","R","T","?","R","E","M","?","R","BOSS"],"build_version":"2018-08-02","purchased_purges":1,"victory":true,"max_hp_per_floor":[70,70,70,70,70,70,70,70,70,70,70,70,70,70,70,70,70,70,70,70,75,75,75,75,75,82,82,82,82,87,87,87,87,87,87,87,87,87,87,87,87,87,87,87,87,87,87,87,87,87],"card_choices":[{"not_picked":["Tactician","Underhanded Strike"],"picked":"Masterful Stab","floor":1.0},{"not_picked":["Backflip","Dash"],"picked":"Sucker Punch","floor":3.0},{"not_picked":["Setup","Well Laid Plans"],"picked":"Outmaneuver","floor":4.0},{"not_picked":["Deadly Poison","Poisoned Stab"],"picked":"Terror","floor":5.0},{"not_picked":["All Out Attack","Slice"],"picked":"Backstab","floor":6.0},{"not_picked":["Backflip","Bane"],"picked":"All Out Attack","floor":11.0},{"not_picked":["Dodge and Roll","Dash"],"picked":"Bullet Time","floor":12.0},{"not_picked":["Choke","PiercingWail"],"picked":"Flying Knee","floor":14.0},{"not_picked":["Doppelganger","Wraith Form v2"],"picked":"Storm of Steel","floor":16},{"not_picked":["Dagger Spray","Deadly Poison"],"picked":"Flying Knee+1","floor":18},{"not_picked":["Deflect+1","Finisher"],"picked":"Infinite Blades+1","floor":20},{"not_picked":["Escape Plan","Terror","Slice"],"picked":"SKIP","floor":22},{"not_picked":["PiercingWail+1","Acrobatics+1"],"picked":"A Thousand Cuts","floor":24},{"not_picked":["Acrobatics","Flying Knee+1"],"picked":"Backflip","floor":28},{"not_picked":["Sucker Punch+1","Slice","Terror"],"picked":"SKIP","floor":29},{"not_picked":["Predator+1","Dodge and Roll+1"],"picked":"Envenom+1","floor":30},{"not_picked":["Adrenaline","Die Die Die"],"picked":"After Image+1","floor":33},{"not_picked":["Dodge and Roll+1","Flechettes+1"],"picked":"Finisher+1","floor":35},{"not_picked":["Outmaneuver","Distraction"],"picked":"Cloak And Dagger","floor":36},{"not_picked":["Finisher+1","Tactician"],"picked":"Cloak And Dagger","floor":38},{"not_picked":["Noxious Fumes+1","Finisher+1","Dagger Throw"],"picked":"Leg Sweep+1","floor":40},{"not_picked":["Finisher","Prepared","Predator"],"picked":"Blade Dance+1","floor":41},{"not_picked":["Terror","Flying Knee","Cloak And Dagger"],"picked":"Acrobatics+1","floor":44},{"not_picked":["Doppelganger","Heel Hook+1","Tactician+1"],"picked":"Escape Plan+1","floor":46},{"not_picked":["Acrobatics","Terror","Dagger Spray"],"picked":"Blade Dance","floor":47}],"player_experience":195256,"relics_obtained":[{"floor":6.0,"key":"Orichalcum"},{"floor":9.0,"key":"Vajra"},{"floor":12.0,"key":"Mummified Hand"},{"floor":14.0,"key":"Odd Mushroom"},{"floor":24,"key":"Boot"},{"floor":24,"key":"Pen Nib"},{"floor":26,"key":"Strawberry"},{"floor":29,"key":"Frozen Egg 2"},{"floor":29,"key":"Shuriken"},{"floor":39,"key":"Question Card"},{"floor":40,"key":"Bottled Tornado"},{"floor":40,"key":"Letter Opener"},{"floor":43,"key":"The Specimen"},{"floor":44,"key":"Peace Pipe"},{"floor":46,"key":"Bag of Preparation"},{"floor":46,"key":"Ancient Tea Set"}],"event_choices":[{"event_name":"Living Wall","player_choice":"Forget","floor":2.0,"damage_taken":0.0},{"event_name":"World of Goop","player_choice":"Gather Gold","floor":8.0,"damage_taken":0.0},{"event_name":"Dead Adventurer","player_choice":"Searched \u00272\u0027 times","floor":13.0,"damage_taken":0.0},{"event_name":"Mushrooms","player_choice":"Fought Mushrooms","floor":14.0,"damage_taken":0.0},{"event_name":"Forgotten Altar","player_choice":"Shed Blood","floor":21,"damage_taken":0},{"event_name":"MindBloom","player_choice":"Fight","floor":44,"damage_taken":0},{"event_name":"Tomb of Lord Red Mask","player_choice":"Paid","floor":48,"damage_taken":0}],"is_beta":false,"boss_relics":[{"not_picked":["Runic Dome","Ectoplasm"],"picked":"Black Star"},{"not_picked":["Empty Cage","Tiny House"],"picked":"WristBlade"}],"items_purged_floors":[31],"is_endless":false,"potions_floor_spawned":[1,4,11,16,22,24,29,36,41,44],"ascension_level":3}