{"gold_per_floor":[112,126,126,91,40,72,84,111,111,71,86,86,112,130,130,209,209,209,159,37,37,0,0,0,0,0,0,0,0,0,0,0,0,0,0,0,0,0,0,0,0,0,0,0,0,0,0,0,0,0],"floor_reached":51,"playtime":2813,"items_purged":["Strike_R"],"score":1384,"play_id":"485bc6a7-a853-4022-9451-d35966710277","local_time":"20190410135016","is_ascension_mode":true,"campfire_choices":[{"data":"Inflame","floor":12.0,"key":"SMITH"},{"data":"Heavy Blade","floor":15.0,"key":"SMITH"},{"data":"True Grit","floor":24.0,"key":"SMITH"},{"data":"Disarm","floor":28.0,"key":"SMITH"},{"data":"Sword Boomerang","floor":32.0,"key":"SMITH"},{"data":"Feel No Pain","floor":40.0,"key":"SMITH"},{"data":"Offering","floor":42.0,"key":"SMITH"},{"data":"Flame Barrier","floor":44,"key":"SMITH"},{"floor":49,"key":"REST"}],"neow_cost":"NONE","seed_source_timestamp":107453785531355,"circlet_count":0,"master_deck":["AscendersBane","Defend_R","Defend_R","Defend_R","Defend_R","Bash+1","Clothesline+1","Inflame+1","Shrug It Off","Flame Barrier+1","Feel No Pain+1","Heavy Blade+1","Offering+1","Reaper","Flame Barrier+1","True Grit+1","Headbutt","Disarm+1","Pummel","Sword Boomerang+1","Bite","Bite","Bite","Bite","Feel No Pain+1","True Grit+1","Armaments+1","Shrug It Off+1","Warcry+1","Battle Trance","Demon Form"],"special_seed":0,"relics":["Burning Blood","Gremlin Horn","Dodecahedron","Incense Burner","Sundial","Whetstone","Ectoplasm","Ancient Tea Set","Bag of Preparation","Juzu Bracelet","The Courier","Potion Belt","Cursed Key","Bag of Marbles","Happy Flower"],"potions_floor_usage":[46,50,50,50],"damage_taken":[{"damage":11.0,"enemies":"Jaw Worm","floor":1.0,"turns":4.0},{"damage":9.0,"enemies":"2 Louse","floor":2.0,"turns":3.0},{"damage":19.0,"enemies":"Lagavulin","floor":6.0,"turns":6.0},{"damage":4.0,"enemies":"Cultist","floor":7.0,"turns":3.0},{"damage":12.0,"enemies":"Gremlin Nob","floor":8.0,"turns":4.0},{"damage":12.0,"enemies":"2 Fungi Beasts","floor":11.0,"turns":4.0},{"damage":1.0,"enemies":"3 Sentries","floor":13.0,"turns":11.0},{"damage":7.0,"enemies":"Exordium Wildlife","floor":14.0,"turns":6.0},{"damage":45.0,"enemies":"Slime Boss","floor":16.0,"turns":9.0},{"damage":6.0,"enemies":"Chosen","floor":18.0,"turns":4.0},{"damage":14.0,"enemies":"2 Thieves","floor":22.0,"turns":4.0},{"damage":25.0,"enemies":"Slavers","floor":23.0,"turns":6.0},{"damage":19.0,"enemies":"Gremlin Leader","floor":25.0,"turns":8.0},{"damage":7.0,"enemies":"Centurion and Healer","floor":27.0,"turns":8.0},{"damage":10.0,"enemies":"Book of Stabbing","floor":30.0,"turns":5.0},{"damage":0.0,"enemies":"Cultist and Chosen","floor":31.0,"turns":7.0},{"damage":26.0,"enemies":"Champ","floor":33.0,"turns":15.0},{"damage":15.0,"enemies":"3 Shapes","floor":35.0,"turns":6.0},{"damage":6.0,"enemies":"Orb Walker","floor":36.0,"turns":3.0},{"damage":17.0,"enemies":"Writhing Mass","floor":37.0,"turns":9.0},{"damage":6.0,"enemies":"3 Darklings","floor":39.0,"turns":5.0},{"damage":6.0,"enemies":"4 Shapes","floor":41.0,"turns":5.0},{"damage":0,"enemies":"Transient","floor":45,"turns":5},{"damage":7,"enemies":"Nemesis","floor":46,"turns":11},{"damage":6,"enemies":"Writhing Mass","floor":47,"turns":8},{"damage":59,"enemies":"Giant Head","floor":48,"turns":10},{"damage":49,"enemies":"Time Eater","floor":50,"turns":11}],"seed_played":"-7356756609072903769","potions_obtained":[{"floor":2.0,"key":"EssenceOfSteel"},{"floor":6.0,"key":"AttackPotion"},{"floor":11.0,"key":"Regen Potion"},{"floor":13.0,"key":"PowerPotion"},{"floor":22.0,"key":"Swift Potion"},{"floor":27.0,"key":"Weak Potion"},{"floor":30.0,"key":"GamblersBrew"},{"floor":37.0,"key":"Fire Potion"},{"floor":41.0,"key":"Strength Potion"},{"floor":48,"key":"Fire Potion"}],"is_trial":false,"path_per_floor":["M","M","?","?","$","E","M","E","T","$","M","R","E","M","R","B",null,"M","?","$","T","M","E","R","E","T","M","R","?","E","M","R","B",null,"M","M","M","?","M","R","M","R","T","R","M","E","M","E","R","B",null],"character_chosen":"IRONCLAD","items_purchased":["Block Potion","Flame Barrier","True Grit"],"campfire_rested":1,"item_purchase_floors":[5,10,20],"current_hp_per_floor":[63,60,34,52,52,39,41,35,35,35,29,29,49,48,48,9,59,59,59,59,59,58,51,51,52,52,55,55,52,52,52,52,48,51,51,52,52,52,52,52,52,52,52,52,52,52,52,22,37,36],"gold":0,"neow_bonus":"UPGRADE_CARD","is_prod":false,"is_daily":false,"chose_seed":false,"campfire_upgraded":8,"win_rate":0,"timestamp":1554929416,"path_taken":["M","M","?","?","$","E","M","E","T","$","M","R","E","M","R","BOSS","M","?","$","?","M","E","R","E","T","M","R","?","E","M","R","BOSS","M","M","M","?","M","R","M","R","T","R","M","E","M","E","R","BOSS"],"build_version":"2019-01-23","purchased_purges":1,"victory":true,"max_hp_per_floor":[75,75,75,75,75,75,75,75,75,75,75,75,75,75,75,75,75,75,75,75,75,75,75,75,75,75,75,75,52,52,52,52,52,52,52,52,52,52,52,52,52,52,52,52,52,52,52,52,52,52],"card_choices":[{"not_picked":["Heavy Blade","Rage"],"picked":"Clothesline","floor":1.0},{"not_picked":["Hemokinesis","Sever Soul"],"picked":"Inflame","floor":2.0},{"not_picked":["Clash","Second Wind","Burning Pact"],"picked":"SKIP","floor":6.0},{"not_picked":["Entrench","Sword Boomerang"],"picked":"Shrug It Off","floor":7.0},{"not_picked":["Clash","Berserk","Demon Form"],"picked":"SKIP","floor":8.0},{"not_picked":["Pommel Strike","Iron Wave"],"picked":"Feel No Pain","floor":11.0},{"not_picked":["Flame Barrier","True Grit"],"picked":"Heavy Blade","floor":13.0},{"not_picked":["Havoc","Heavy Blade"],"picked":"Offering","floor":14.0},{"not_picked":["Exhume","Juggernaut"],"picked":"Reaper","floor":16.0},{"not_picked":["Clash","Body Slam"],"picked":"Flame Barrier+1","floor":18.0},{"not_picked":["Havoc","True Grit"],"picked":"Headbutt","floor":22.0},{"not_picked":["Anger+1","Berserk"],"picked":"Disarm","floor":23.0},{"not_picked":["Flame Barrier","Fire Breathing"],"picked":"Pummel","floor":25.0},{"not_picked":["Sever Soul","Warcry"],"picked":"Sword Boomerang","floor":27.0},{"not_picked":["Body Slam","Pommel Strike"],"picked":"Feel No Pain+1","floor":30.0},{"not_picked":["Clash","Iron Wave","Body Slam"],"picked":"SKIP","floor":31.0},{"not_picked":["Entrench","Sever Soul"],"picked":"True Grit+1","floor":35.0},{"not_picked":["Burning Pact","Infernal Blade"],"picked":"Armaments+1","floor":36.0},{"not_picked":["Clash","Wild Strike"],"picked":"Shrug It Off+1","floor":37.0},{"not_picked":["Shockwave","Sword Boomerang"],"picked":"Warcry+1","floor":39.0},{"not_picked":["Rupture","Clash","Immolate"],"picked":"SKIP","floor":41.0},{"not_picked":["Dropkick","Pummel","Flex+1"],"picked":"SKIP","floor":45},{"not_picked":["Cleave","Entrench"],"picked":"Battle Trance","floor":46},{"not_picked":["Cleave+1","Flex","Seeing Red"],"picked":"SKIP","floor":47},{"not_picked":["Disarm","Warcry"],"picked":"Demon Form","floor":48}],"player_experience":2436985,"relics_obtained":[{"floor":6.0,"key":"Dodecahedron"},{"floor":8.0,"key":"Incense Burner"},{"floor":9.0,"key":"Sundial"},{"floor":13.0,"key":"Whetstone"},{"floor":21.0,"key":"Ancient Tea Set"},{"floor":23.0,"key":"Bag of Preparation"},{"floor":25.0,"key":"Juzu Bracelet"},{"floor":26.0,"key":"The Courier"},{"floor":30.0,"key":"Potion Belt"},{"floor":46,"key":"Bag of Marbles"},{"floor":48,"key":"Happy Flower"}],"event_choices":[{"damage_healed":0.0,"max_hp_gain":0.0,"max_hp_loss":0.0,"gold_gain":0.0,"event_name":"Scrap Ooze","player_choice":"Success","floor":3.0,"gold_loss":0.0,"damage_taken":26.0,"relics_obtained":["Gremlin Horn"]},{"damage_healed":18.0,"max_hp_gain":0.0,"max_hp_loss":0.0,"gold_gain":0.0,"event_name":"The Cleric","player_choice":"Healed","floor":4.0,"gold_loss":35.0,"damage_taken":0.0},{"damage_healed":0.0,"max_hp_gain":0.0,"max_hp_loss":0.0,"gold_gain":250.0,"event_name":"The Joust","player_choice":"Bet on Owner","floor":19.0,"gold_loss":50.0,"damage_taken":0.0},{"damage_healed":0.0,"max_hp_gain":0.0,"max_hp_loss":23.0,"gold_gain":0.0,"event_name":"Vampires","player_choice":"Became a vampire","floor":29.0,"gold_loss":0.0,"damage_taken":0.0,"cards_obtained":["Bite","Bite","Bite","Bite","Bite"]},{"cards_removed":["Bite"],"damage_healed":5.0,"max_hp_gain":0.0,"max_hp_loss":0.0,"gold_gain":0.0,"event_name":"Bonfire Elementals","player_choice":"Offered Special","floor":38.0,"gold_loss":0.0,"damage_taken":0.0}],"is_beta":false,"boss_relics":[{"not_picked":["Empty Cage","Black Blood"],"picked":"Ectoplasm"},{"not_picked":["Calling Bell","Sozu"],"picked":"Cursed Key"}],"items_purged_floors":[20],"is_endless":false,"potions_floor_spawned":[2,6,7,11,13,22,27,30,37,41,48],"ascension_level":15}