{"gold_per_floor":[10,26,43,43,57,86,86,117,170,170,170,345,357,28,28,131,131,131,131,86,86,86,86,86,86,86,86,86,86,86,86,86,86],"floor_reached":33,"playtime":990,"items_purged":["Doubt"],"score":511,"play_id":"aedded6d-b175-4591-9e7a-482b8b57524e","local_time":"25610726161057","is_ascension_mode":true,"campfire_choices":[{"data":"Rampage","floor":7.0,"key":"SMITH"},{"data":"Flame Barrier","floor":10.0,"key":"SMITH"},{"data":"Armaments","floor":15.0,"key":"SMITH"},{"floor":24.0,"key":"REST"},{"data":"Bash","floor":32.0,"key":"SMITH"}],"neow_cost":"NO_GOLD","seed_source_timestamp":3405460592547,"circlet_count":0,"master_deck":["Defend_R","Defend_R","Defend_R","Defend_R","Bash+1","Headbutt","Thunderclap","Rampage+1","Flame Barrier+1","Armaments+1","Demon Form","Necronomicurse","Sword Boomerang","Bite","Bite","Bite","Bite","Bite","Flex+1","Perfected Strike","Writhe","Perfected Strike+1"],"special_seed":0,"relics":["Burning Blood","Nunchaku","Gremlin Horn","Kunai","Bag of Preparation","Singing Bowl","Ectoplasm","Necronomicon","Boot","Lantern","Bag of Marbles","Darkstone Periapt","Molten Egg 2","Bronze Scales"],"potions_floor_usage":[33,33],"damage_taken":[{"damage":23.0,"enemies":"Jaw Worm","floor":1.0,"turns":4.0},{"damage":0.0,"enemies":"Cultist","floor":2.0,"turns":3.0},{"damage":10.0,"enemies":"Small Slimes","floor":3.0,"turns":3.0},{"damage":16.0,"enemies":"Blue Slaver","floor":5.0,"turns":3.0},{"damage":5.0,"enemies":"Gremlin Nob","floor":6.0,"turns":3.0},{"damage":18.0,"enemies":"3 Sentries","floor":8.0,"turns":5.0},{"damage":1.0,"enemies":"Looter","floor":13.0,"turns":3.0},{"damage":39.0,"enemies":"Hexaghost","floor":16.0,"turns":9.0},{"damage":0.0,"enemies":"3 Byrds","floor":18.0,"turns":3.0},{"damage":17.0,"enemies":"2 Thieves","floor":20.0,"turns":4.0},{"damage":27.0,"enemies":"Sentry and Sphere","floor":21.0,"turns":4.0},{"damage":33.0,"enemies":"Gremlin Leader","floor":23.0,"turns":6.0},{"damage":37.0,"enemies":"Slavers","floor":25.0,"turns":5.0},{"damage":0.0,"enemies":"Cultist and Chosen","floor":27.0,"turns":4.0},{"damage":3.0,"enemies":"Gremlin Leader","floor":28.0,"turns":5.0},{"damage":15.0,"enemies":"Slavers","floor":30.0,"turns":4.0},{"damage":24.0,"enemies":"Snake Plant","floor":31.0,"turns":2.0},{"damage":64,"enemies":"Champ","floor":33,"turns":5}],"seed_played":"-3092591132440623230","potions_obtained":[{"floor":1.0,"key":"AttackPotion"},{"floor":3.0,"key":"Poison Potion"},{"floor":13.0,"key":"AttackPotion"},{"floor":20.0,"key":"Fire Potion"},{"floor":21.0,"key":"LiquidBronze"},{"floor":25.0,"key":"Strength Potion"},{"floor":27.0,"key":"Dexterity Potion"}],"is_trial":false,"path_per_floor":["M","M","M","$","M","E","R","E","T","R","?","?","M","$","R","B",null,"M","?","M","M","?","E","R","E","T","M","E","?","E","M","R"],"character_chosen":"IRONCLAD","items_purchased":["Singing Bowl"],"campfire_rested":1,"item_purchase_floors":[14],"current_hp_per_floor":[55,61,57,57,47,48,48,36,36,36,80,80,80,80,80,47,72,80,64,53,34,34,29,47,29,29,44,54,60,63,47,47,0],"gold":86,"neow_bonus":"ONE_RARE_RELIC","is_prod":false,"is_daily":false,"chose_seed":false,"campfire_upgraded":4,"win_rate":0,"timestamp":1532596257,"path_taken":["M","M","M","$","M","E","R","E","T","R","?","?","M","$","R","BOSS","M","?","M","M","?","E","R","E","T","?","E","?","E","M","R","BOSS"],"build_version":"2018-07-19v2","purchased_purges":1,"victory":false,"max_hp_per_floor":[80,80,80,80,80,80,80,80,80,80,80,80,80,80,80,80,80,82,82,82,84,58,60,60,62,62,62,62,68,68,70,70,70],"card_choices":[{"not_picked":["Burning Pact","Feel No Pain","Havoc"],"picked":"SKIP","floor":1.0},{"not_picked":["Evolve","Intimidate"],"picked":"Headbutt","floor":2.0},{"not_picked":["Shockwave","Heavy Blade"],"picked":"Thunderclap","floor":3.0},{"not_picked":["Shrug It Off","Seeing Red"],"picked":"Carnage","floor":5.0},{"not_picked":["Sever Soul","Clothesline"],"picked":"Rampage","floor":6.0},{"not_picked":["Body Slam","Heavy Blade"],"picked":"Flame Barrier","floor":8.0},{"not_picked":["Headbutt","Intimidate"],"picked":"Armaments","floor":13.0},{"not_picked":["Limit Break","Juggernaut"],"picked":"Demon Form","floor":16.0},{"not_picked":["Combust","Armaments","Evolve"],"picked":"Singing Bowl","floor":18.0},{"not_picked":["Body Slam","Warcry"],"picked":"Sword Boomerang","floor":20.0},{"not_picked":["Carnage","Flex","Body Slam"],"picked":"Singing Bowl","floor":21.0},{"not_picked":["Warcry","Perfected Strike","Cleave"],"picked":"Singing Bowl","floor":23.0},{"not_picked":["Cleave+1","Clothesline","Shrug It Off"],"picked":"Singing Bowl","floor":25.0},{"not_picked":["Clothesline","Entrench"],"picked":"Flex+1","floor":27.0},{"not_picked":["Shockwave","Armaments"],"picked":"Perfected Strike","floor":28.0},{"not_picked":["Juggernaut","Power Through"],"picked":"Perfected Strike+1","floor":30.0},{"not_picked":["Clash+1","True Grit","Warcry"],"picked":"Singing Bowl","floor":31.0}],"player_experience":166375,"relics_obtained":[{"floor":6.0,"key":"Gremlin Horn"},{"floor":8.0,"key":"Kunai"},{"floor":9.0,"key":"Bag of Preparation"},{"floor":19.0,"key":"Necronomicon"},{"floor":23.0,"key":"Boot"},{"floor":25.0,"key":"Lantern"},{"floor":26.0,"key":"Bag of Marbles"},{"floor":28.0,"key":"Darkstone Periapt"},{"floor":30.0,"key":"Bronze Scales"}],"event_choices":[{"event_name":"Bonfire Elementals","player_choice":"UNCOMMON","floor":11.0,"damage_taken":0.0},{"event_name":"Liars Game","player_choice":"agreed","floor":12.0,"damage_taken":0.0},{"event_name":"Cursed Tome","player_choice":"Obtained Book","floor":19.0,"damage_taken":0.0},{"event_name":"Vampires","player_choice":"Became a vampire","floor":22.0,"damage_taken":0.0},{"event_name":"The Mausoleum","player_choice":"Yes","floor":29.0,"damage_taken":0.0}],"is_beta":false,"boss_relics":[{"not_picked":["Snecko Eye","Empty Cage"],"picked":"Ectoplasm"}],"items_purged_floors":[14],"is_endless":false,"potions_floor_spawned":[1,3,13,20,21,25,27],"killed_by":"Champ","ascension_level":9}