{"gold_per_floor":[119,44,64,64,82,82,112,112,139,165,165,175,207,207,207,285,285,295,395,445,21,31,31,45,78,78,97,131,159,171,210,222,305,317,345,357,369,397,425,470,72,72,95,122,168,182,182,182,182,182,182,182,182,23,49,49],"floor_reached":56,"playtime":3281,"items_purged":["Strike_B","Strike_B","Defend_B","Bandage Up"],"score":2037,"play_id":"9223fe6e-2171-434e-9ab5-95d5633b9b12","local_time":"20190504194153","is_ascension_mode":true,"campfire_choices":[{"data":"Zap","floor":6.0,"key":"SMITH"},{"data":"Ball Lightning","floor":8.0,"key":"SMITH"},{"floor":15.0,"key":"REST"},{"data":"Capacitor","floor":23.0,"key":"SMITH"},{"data":"Blizzard","floor":32.0,"key":"SMITH"},{"floor":42.0,"key":"RECALL"},{"floor":47,"key":"REST"},{"data":"Defragment","floor":49,"key":"SMITH"},{"floor":53,"key":"REST"}],"neow_cost":"NONE","seed_source_timestamp":2129899481933242,"circlet_count":0,"master_deck":["AscendersBane","Defend_B","Defend_B","Defend_B","Zap+1","Dualcast","Ball Lightning+1","Capacitor+1","Hologram","Genetic Algorithm","Conserve Battery","FTL","Ball Lightning","Echo Form","Undo","Cold Snap","Blizzard+1","Chill+1","Core Surge","Defragment+1","Reinforced Body","Consume+1","Defragment+1","Go for the Eyes+1","Glacier","Recycle"],"special_seed":0,"relics":["Cracked Core","NeowsBlessing","Omamori","Bag of Preparation","Potion Belt","Regal Pillow","PreservedInsect","Velvet Choker","Prayer Wheel","Gremlin Horn","ClockworkSouvenir","Smiling Mask","Mummified Hand","MawBank","Bottled Lightning","White Beast Statue","Bag of Marbles","Turnip","Ginger","Pen Nib"],"potions_floor_usage":[51,51,55,55,56,56,56],"damage_taken":[{"damage":0.0,"enemies":"Cultist","floor":1.0,"turns":1.0},{"damage":0.0,"enemies":"2 Louse","floor":3.0,"turns":1.0},{"damage":0.0,"enemies":"Small Slimes","floor":5.0,"turns":1.0},{"damage":14.0,"enemies":"Gremlin Nob","floor":7.0,"turns":3.0},{"damage":32.0,"enemies":"3 Sentries","floor":10.0,"turns":7.0},{"damage":0.0,"enemies":"2 Fungi Beasts","floor":12.0,"turns":3.0},{"damage":8.0,"enemies":"Gremlin Nob","floor":13.0,"turns":3.0},{"damage":28.0,"enemies":"Hexaghost","floor":16.0,"turns":9.0},{"damage":0.0,"enemies":"Chosen","floor":18.0,"turns":4.0},{"damage":10.0,"enemies":"Colosseum Slavers","floor":19.0,"turns":5.0},{"damage":0.0,"enemies":"Colosseum Nobs","floor":19.0,"turns":4.0},{"damage":3.0,"enemies":"3 Byrds","floor":22.0,"turns":4.0},{"damage":1.0,"enemies":"Snake Plant","floor":24.0,"turns":6.0},{"damage":2.0,"enemies":"Book of Stabbing","floor":25.0,"turns":5.0},{"damage":0.0,"enemies":"3 Cultists","floor":27.0,"turns":4.0},{"damage":0.0,"enemies":"Slavers","floor":28.0,"turns":3.0},{"damage":23.0,"enemies":"Centurion and Healer","floor":29.0,"turns":9.0},{"damage":4.0,"enemies":"Gremlin Leader","floor":31.0,"turns":7.0},{"damage":32.0,"enemies":"Automaton","floor":33.0,"turns":11.0},{"damage":7.0,"enemies":"Orb Walker","floor":35.0,"turns":4.0},{"damage":0.0,"enemies":"3 Shapes","floor":38.0,"turns":4.0},{"damage":16.0,"enemies":"Spire Growth","floor":39.0,"turns":7.0},{"damage":7.0,"enemies":"Nemesis","floor":40.0,"turns":7.0},{"damage":1.0,"enemies":"Giant Head","floor":44.0,"turns":8.0},{"damage":48.0,"enemies":"2 Orb Walkers","floor":45.0,"turns":7.0},{"damage":0,"enemies":"Sphere and 2 Shapes","floor":46,"turns":6},{"damage":12,"enemies":"Time Eater","floor":50,"turns":44},{"damage":53,"enemies":"Awakened One","floor":51,"turns":18},{"damage":52,"enemies":"Shield and Spear","floor":55,"turns":11},{"damage":1,"enemies":"The Heart","floor":56,"turns":2}],"seed_played":"5785277351726486642","potions_obtained":[{"floor":3.0,"key":"SkillPotion"},{"floor":5.0,"key":"EssenceOfSteel"},{"floor":10.0,"key":"SkillPotion"},{"floor":12.0,"key":"Dexterity Potion"},{"floor":25.0,"key":"SteroidPotion"},{"floor":28.0,"key":"SkillPotion"},{"floor":29.0,"key":"Regen Potion"},{"floor":31.0,"key":"Explosive Potion"},{"floor":35.0,"key":"LiquidBronze"},{"floor":38.0,"key":"Explosive Potion"},{"floor":39.0,"key":"Energy Potion"},{"floor":40.0,"key":"LiquidBronze"},{"floor":44.0,"key":"SpeedPotion"},{"floor":45.0,"key":"Ancient Potion"},{"floor":46,"key":"PowerPotion"},{"floor":55,"key":"AttackPotion"}],"is_trial":false,"path_per_floor":["M","$","M","?","M","R","E","R","T","E","?","M","E","?","R","B",null,"M","?","?","$","M","R","M","E","T","M","E","M","?","E","R","B",null,"M","?","?","M","M","E","$","R","T","E","?","M","R","?","R","B","B",null,"R","$","E","B"],"character_chosen":"DEFECT","items_purchased":["ClockworkSouvenir","SteroidPotion","Block Potion","Turnip","Glacier","FearPotion","Block Potion"],"campfire_rested":3,"item_purchase_floors":[21,21,21,41,41,54,54],"current_hp_per_floor":[64,64,64,64,64,64,50,50,50,18,18,18,10,10,46,18,58,58,48,48,48,45,45,44,42,42,42,42,19,71,67,67,35,62,55,50,50,58,55,52,52,52,52,55,11,19,55,55,55,51,2,54,71,71,19,18],"gold":49,"neow_bonus":"THREE_ENEMY_KILL","is_prod":false,"is_daily":false,"chose_seed":false,"campfire_upgraded":5,"win_rate":0,"timestamp":1557013313,"path_taken":["M","$","?","?","M","R","E","R","T","E","?","M","E","?","R","BOSS","M","?","?","$","M","R","M","E","T","M","E","M","?","E","R","BOSS","M","?","?","M","M","E","$","R","T","E","?","M","R","?","R","BOSS","BOSS","R","$","E","BOSS"],"build_version":"2019-04-23","purchased_purges":4,"victory":false,"max_hp_per_floor":[71,71,71,71,71,71,71,71,71,71,71,71,71,71,71,71,71,71,71,71,71,71,71,71,71,71,71,71,71,71,71,71,71,71,71,71,71,71,71,71,71,71,71,71,71,71,71,71,71,71,71,71,71,71,71,71],"card_choices":[{"not_picked":["Leap","Blizzard"],"picked":"Ball Lightning","floor":1.0},{"not_picked":["Compile Driver","Sunder"],"picked":"Capacitor","floor":3.0},{"not_picked":["Darkness","White Noise"],"picked":"Hologram","floor":5.0},{"not_picked":["Chill","All For One"],"picked":"Genetic Algorithm","floor":7.0},{"not_picked":["Hologram","Undo"],"picked":"Conserve Battery","floor":10.0},{"not_picked":["Sweeping Beam","Storm"],"picked":"FTL","floor":12.0},{"not_picked":["Sunder","Barrage"],"picked":"Ball Lightning","floor":13.0},{"not_picked":["All For One","Multi-Cast"],"picked":"Echo Form","floor":16.0},{"not_picked":["Reprogram","Gash"],"picked":"Undo","floor":18.0},{"not_picked":["Undo","Beam Cell"],"picked":"Cold Snap","floor":22.0},{"not_picked":["Heatsinks","Melter"],"picked":"Blizzard","floor":22.0},{"not_picked":["Consume","Undo"],"picked":"Chill+1","floor":24.0},{"not_picked":["Redo","Buffer","Coolheaded"],"picked":"SKIP","floor":24.0},{"not_picked":["Redo+1","Go for the Eyes","Rebound"],"picked":"SKIP","floor":25.0},{"not_picked":["Chill","Go for the Eyes","FTL"],"picked":"SKIP","floor":27.0},{"not_picked":["Barrage","Turbo","Multi-Cast"],"picked":"SKIP","floor":27.0},{"not_picked":["Barrage","FTL","Chaos+1"],"picked":"SKIP","floor":28.0},{"not_picked":["Storm","Go for the Eyes","Reprogram"],"picked":"SKIP","floor":29.0},{"not_picked":["Melter","Compile Driver","Barrage+1"],"picked":"SKIP","floor":29.0},{"not_picked":["Heatsinks","Conserve Battery","All For One"],"picked":"SKIP","floor":31.0},{"not_picked":["Meteor Strike","Buffer"],"picked":"Core Surge","floor":33.0},{"not_picked":["Barrage","Turbo"],"picked":"Defragment","floor":35.0},{"not_picked":["Leap","Hello World"],"picked":"Reinforced Body","floor":35.0},{"not_picked":["Discovery","Flash of Steel"],"picked":"Bandage Up","floor":36.0},{"not_picked":["Darkness","Gash"],"picked":"Consume+1","floor":38.0},{"not_picked":["Stack","Aggregate","Turbo"],"picked":"SKIP","floor":38.0},{"not_picked":["Redo+1","Coolheaded"],"picked":"Defragment+1","floor":39.0},{"not_picked":["Steam Power","Beam Cell","Streamline+1"],"picked":"SKIP","floor":39.0},{"not_picked":["Redo+1","Barrage"],"picked":"Go for the Eyes+1","floor":40.0},{"not_picked":["Reprogram","Hologram+1"],"picked":"Recycle","floor":44.0},{"not_picked":["Rebound","Sweeping Beam+1","Cold Snap+1"],"picked":"SKIP","floor":46},{"not_picked":["Tempest","Redo","Steam+1"],"picked":"SKIP","floor":46},{"not_picked":["Sweeping Beam","Go for the Eyes+1","Reboot"],"picked":"SKIP","floor":55}],"player_experience":2001548,"relics_obtained":[{"floor":7.0,"key":"Omamori"},{"floor":9.0,"key":"Bag of Preparation"},{"floor":10.0,"key":"Potion Belt"},{"floor":13.0,"key":"Regal Pillow"},{"floor":19.0,"key":"Prayer Wheel"},{"floor":19.0,"key":"Gremlin Horn"},{"floor":25.0,"key":"Smiling Mask"},{"floor":26.0,"key":"Mummified Hand"},{"floor":28.0,"key":"MawBank"},{"floor":31.0,"key":"Bottled Lightning"},{"floor":40.0,"key":"Bag of Marbles"},{"floor":45.0,"key":"Ginger"},{"floor":55,"key":"Pen Nib"}],"event_choices":[{"damage_healed":0.0,"max_hp_gain":0.0,"max_hp_loss":0.0,"gold_gain":0.0,"event_name":"The Cleric","player_choice":"Leave","floor":4.0,"gold_loss":0.0,"damage_taken":0.0},{"cards_removed":["Strike_B"],"damage_healed":0.0,"max_hp_gain":0.0,"max_hp_loss":0.0,"gold_gain":0.0,"event_name":"Living Wall","player_choice":"Forget","floor":11.0,"gold_loss":0.0,"damage_taken":0.0},{"damage_healed":0.0,"max_hp_gain":0.0,"max_hp_loss":0.0,"gold_gain":0.0,"event_name":"Big Fish","player_choice":"Box","floor":14.0,"gold_loss":0.0,"damage_taken":0.0,"relics_obtained":["PreservedInsect"],"cards_obtained":["Regret"]},{"damage_healed":0.0,"max_hp_gain":0.0,"max_hp_loss":0.0,"gold_gain":0.0,"event_name":"Colosseum","player_choice":"Fight","floor":19.0,"gold_loss":0.0,"damage_taken":0.0},{"damage_healed":0.0,"max_hp_gain":0.0,"max_hp_loss":0.0,"gold_gain":0.0,"event_name":"Colosseum","player_choice":"Fought Nobs","floor":19.0,"gold_loss":0.0,"damage_taken":0.0},{"damage_healed":0.0,"max_hp_gain":0.0,"max_hp_loss":0.0,"gold_gain":50.0,"event_name":"Nest","player_choice":"Stole From Cult","floor":20.0,"gold_loss":0.0,"damage_taken":0.0},{"damage_healed":52.0,"max_hp_gain":0.0,"max_hp_loss":0.0,"gold_gain":0.0,"event_name":"Wheel of Change","player_choice":"Full Heal","floor":30.0,"gold_loss":0.0,"damage_taken":0.0},{"damage_healed":0.0,"max_hp_gain":0.0,"max_hp_loss":0.0,"gold_gain":0.0,"event_name":"SensoryStone","player_choice":"Memory 2","floor":36.0,"gold_loss":0.0,"damage_taken":5.0},{"cards_removed":["Strike_B"],"damage_healed":0.0,"max_hp_gain":0.0,"max_hp_loss":0.0,"gold_gain":0.0,"event_name":"Falling","player_choice":"Removed Attack","floor":37.0,"gold_loss":0.0,"damage_taken":0.0},{"damage_healed":0.0,"max_hp_gain":0.0,"max_hp_loss":0.0,"gold_gain":0.0,"event_name":"Mysterious Sphere","player_choice":"Fight","floor":45.0,"gold_loss":0.0,"damage_taken":0.0},{"damage_healed":0,"gold_gain":0,"player_choice":"Ignored","damage_taken":0,"max_hp_gain":0,"max_hp_loss":0,"event_name":"Tomb of Lord Red Mask","floor":48,"gold_loss":0}],"is_beta":true,"boss_relics":[{"not_picked":["Orrery","Empty Cage"],"picked":"Velvet Choker"},{"not_picked":["FrozenCore","Fusion Hammer"],"picked":"White Beast Statue"}],"items_purged_floors":[2,21,41,54],"is_endless":false,"potions_floor_spawned":[3,5,10,12,19,25,28,29,31,35,38,39,40,44,45,46,55],"killed_by":"The Heart","ascension_level":20}