{"gold_per_floor":[116,135,148,159,84,84,84,84,107,142,153,153,172,172,172,270,270,286,298,316,334,434,434,434,434,461,461,481,501,518,528,528,628,628,640,640,656,656,674,674,701,701,752,752,762,772,772,789,789,789],"floor_reached":51,"playtime":4154,"items_purged":["Strike_R"],"score":660,"play_id":"bbef16db-e4a6-4a06-835d-3cc1a1c84720","local_time":"20190504015221","is_ascension_mode":false,"campfire_choices":[{"data":"Juggernaut","floor":7,"key":"SMITH"},{"data":"Shrug It Off","floor":12,"key":"SMITH"},{"floor":15,"key":"REST"},{"data":"Entrench","floor":23,"key":"SMITH"},{"data":"Demon Form","floor":25,"key":"SMITH"},{"data":"Shockwave","floor":27,"key":"SMITH"},{"floor":32,"key":"REST"},{"data":"True Grit","floor":40,"key":"SMITH"},{"data":"Power Through","floor":42,"key":"SMITH"},{"floor":47,"key":"REST"},{"data":"Battle Trance","floor":49,"key":"SMITH"}],"neow_cost":"TEN_PERCENT_HP_LOSS","seed_source_timestamp":1231849939151764,"circlet_count":0,"master_deck":["Strike_R","Strike_R","Strike_R","Strike_R","Defend_R","Defend_R","Defend_R","Defend_R","Bash","Juggernaut+1","Iron Wave+1","Body Slam+1","Rage+1","Double Tap","Shrug It Off+1","Power Through+1","Warcry","Demon Form+1","Warcry+1","Intimidate","Entrench+1","Shockwave+1","Shame","Seeing Red+1","Feel No Pain","Disarm","Barricade+1","Reaper","True Grit+1","True Grit+1","Pain","Battle Trance+1"],"relics":["Burning Blood","Orichalcum","Red Skull","Bag of Preparation","Cursed Key","Bird Faced Urn","Kunai","CultistMask","Strawberry","Busted Crown","Bronze Scales","Omamori"],"potions_floor_usage":[16,16,22,22,22,33,33,33,46,46,50],"damage_taken":[{"damage":5,"enemies":"2 Louse","floor":1,"turns":3},{"damage":6,"enemies":"Jaw Worm","floor":2,"turns":4},{"damage":5,"enemies":"Cultist","floor":3,"turns":4},{"damage":6,"enemies":"2 Fungi Beasts","floor":4,"turns":4},{"damage":16,"enemies":"Lagavulin","floor":10,"turns":6},{"damage":2,"enemies":"Blue Slaver","floor":11,"turns":3},{"damage":14,"enemies":"Gremlin Gang","floor":13,"turns":4},{"damage":21,"enemies":"The Guardian","floor":16,"turns":7},{"damage":0,"enemies":"Shell Parasite","floor":18,"turns":4},{"damage":9,"enemies":"3 Byrds","floor":19,"turns":4},{"damage":25,"enemies":"Cultist and Chosen","floor":20,"turns":7},{"damage":16,"enemies":"Snake Plant","floor":21,"turns":4},{"damage":5,"enemies":"Colosseum Slavers","floor":22,"turns":3},{"damage":22,"enemies":"Colosseum Nobs","floor":22,"turns":6},{"damage":22,"enemies":"Snecko","floor":28,"turns":6},{"damage":0,"enemies":"Shelled Parasite and Fungi","floor":29,"turns":3},{"damage":38,"enemies":"3 Cultists","floor":30,"turns":7},{"damage":0,"enemies":"Snake Plant","floor":31,"turns":4},{"damage":19,"enemies":"Automaton","floor":33,"turns":12},{"damage":3,"enemies":"Orb Walker","floor":35,"turns":4},{"damage":15,"enemies":"3 Darklings","floor":37,"turns":7},{"damage":5,"enemies":"Sphere and 2 Shapes","floor":39,"turns":6},{"damage":24,"enemies":"Nemesis","floor":41,"turns":7},{"damage":19,"enemies":"Writhing Mass","floor":45,"turns":7},{"damage":54,"enemies":"Transient","floor":46,"turns":5},{"damage":6,"enemies":"3 Darklings","floor":48,"turns":5},{"damage":36,"enemies":"Time Eater","floor":50,"turns":12}],"seed_played":"3298714872065930530","potions_obtained":[{"floor":3,"key":"Weak Potion"},{"floor":4,"key":"Poison Potion"},{"floor":11,"key":"Poison Potion"},{"floor":16,"key":"Regen Potion"},{"floor":19,"key":"Regen Potion"},{"floor":22,"key":"Strength Potion"},{"floor":29,"key":"LiquidBronze"},{"floor":31,"key":"Strength Potion"},{"floor":37,"key":"Weak Potion"},{"floor":41,"key":"PowerPotion"},{"floor":46,"key":"BloodPotion"},{"floor":48,"key":"FairyPotion"}],"is_trial":false,"path_per_floor":["M","M","M","M","$","?","R","?","T","E","M","R","M","?","R","B",null,"M","M","M","M","?","R","?","R","T","R","M","M","M","M","R","B",null,"M","?","M","?","M","R","E","R","T","?","M","M","R","M","R","B",null],"character_chosen":"IRONCLAD","items_purchased":[],"campfire_rested":3,"item_purchase_floors":[],"current_hp_per_floor":[72,72,72,72,72,60,60,60,60,50,54,54,46,32,53,38,72,72,69,50,40,59,59,59,59,66,66,54,62,36,46,69,64,79,79,79,72,72,79,79,64,64,64,64,59,23,46,72,72,57],"gold":789,"neow_bonus":"THREE_RARE_CARDS","is_prod":false,"is_daily":false,"chose_seed":false,"campfire_upgraded":8,"win_rate":0.0,"timestamp":1556927541,"path_taken":["M","M","M","M","$","?","R","?","T","E","M","R","?","?","R","BOSS","M","M","M","M","?","R","?","R","T","R","M","M","?","?","R","BOSS","M","?","?","?","M","R","E","R","T","?","M","?","R","M","R","BOSS"],"build_version":"2019-01-23","purchased_purges":1,"victory":true,"max_hp_per_floor":[72,72,72,72,72,72,72,72,72,72,72,72,72,72,72,72,72,72,72,72,72,72,72,72,72,79,79,79,79,79,79,79,79,79,79,79,79,79,79,79,79,79,79,79,79,79,79,79,79,79],"card_choices":[{"not_picked":["Dark Embrace","Impervious"],"picked":"Juggernaut","floor":0},{"not_picked":["Thunderclap","Warcry"],"picked":"Iron Wave","floor":1},{"not_picked":["Pommel Strike","Evolve"],"picked":"Body Slam","floor":2},{"not_picked":["Thunderclap","Pommel Strike"],"picked":"Rage","floor":3},{"not_picked":["Sword Boomerang","Anger"],"picked":"Double Tap","floor":4},{"not_picked":["Pummel","Headbutt"],"picked":"Shrug It Off","floor":10},{"not_picked":["Shrug It Off","Dual Wield"],"picked":"Power Through","floor":11},{"not_picked":["Clothesline","Spot Weakness"],"picked":"Warcry","floor":13},{"not_picked":["Double Tap","Dark Embrace"],"picked":"Demon Form","floor":16},{"not_picked":["Corruption+1","Pommel Strike"],"picked":"Warcry+1","floor":18},{"not_picked":["Dual Wield","Corruption+1"],"picked":"Intimidate","floor":19},{"not_picked":["Cleave","Headbutt"],"picked":"Entrench","floor":20},{"not_picked":["Pommel Strike","Headbutt","Flex"],"picked":"SKIP","floor":21},{"not_picked":["Combust+1","Headbutt"],"picked":"Shockwave","floor":22},{"not_picked":["Heavy Blade","Perfected Strike+1"],"picked":"Seeing Red+1","floor":28},{"not_picked":["Body Slam","Iron Wave"],"picked":"Feel No Pain","floor":29},{"not_picked":["Rampage+1","Rupture"],"picked":"Disarm","floor":30},{"not_picked":["Burning Pact","Sword Boomerang"],"picked":"Barricade","floor":31},{"not_picked":["Immolate","Brutality"],"picked":"Reaper","floor":33},{"not_picked":["Hemokinesis"],"picked":"SKIP","floor":35},{"not_picked":["Twin Strike+1"],"picked":"SKIP","floor":37},{"not_picked":[],"picked":"True Grit","floor":39},{"not_picked":[],"picked":"True Grit+1","floor":41},{"not_picked":[],"picked":"Battle Trance","floor":45},{"not_picked":["Fiend Fire"],"picked":"SKIP","floor":46},{"not_picked":["Wild Strike"],"picked":"SKIP","floor":48}],"player_experience":37846,"relics_obtained":[{"floor":9,"key":"Red Skull"},{"floor":10,"key":"Bag of Preparation"},{"floor":22,"key":"Bird Faced Urn"},{"floor":22,"key":"Kunai"},{"floor":26,"key":"Strawberry"},{"floor":41,"key":"Bronze Scales"},{"floor":43,"key":"Omamori"}],"event_choices":[{"damage_healed":0,"gold_gain":0,"player_choice":"Success","damage_taken":12,"relics_obtained":["Orichalcum"],"max_hp_gain":0,"max_hp_loss":0,"event_name":"Scrap Ooze","floor":6,"gold_loss":0},{"damage_healed":0,"gold_gain":0,"player_choice":"Upgraded","damage_taken":0,"max_hp_gain":0,"max_hp_loss":0,"event_name":"Upgrade Shrine","floor":8,"gold_loss":0,"cards_upgraded":["Body Slam"]},{"damage_healed":0,"gold_gain":0,"player_choice":"Entered Light","damage_taken":14,"max_hp_gain":0,"max_hp_loss":0,"event_name":"Shining Light","floor":14,"gold_loss":0,"cards_upgraded":["Rage","Iron Wave"]},{"damage_healed":0,"gold_gain":0,"player_choice":"Fight","damage_taken":0,"max_hp_gain":0,"max_hp_loss":0,"event_name":"Colosseum","floor":22,"gold_loss":0},{"damage_healed":0,"gold_gain":0,"player_choice":"Fought Nobs","damage_taken":0,"max_hp_gain":0,"max_hp_loss":0,"event_name":"Colosseum","floor":22,"gold_loss":0},{"damage_healed":0,"gold_gain":0,"player_choice":"Trade","damage_taken":0,"relics_obtained":["CultistMask"],"max_hp_gain":0,"max_hp_loss":0,"event_name":"FaceTrader","floor":24,"gold_loss":0},{"damage_healed":0,"gold_gain":0,"player_choice":"Forge","damage_taken":0,"max_hp_gain":0,"max_hp_loss":0,"event_name":"Accursed Blacksmith","floor":36,"gold_loss":0,"cards_upgraded":["Barricade"]},{"damage_healed":0,"gold_gain":0,"player_choice":"Ignored","damage_taken":0,"max_hp_gain":0,"max_hp_loss":0,"event_name":"Tomb of Lord Red Mask","floor":38,"gold_loss":0},{"damage_healed":0,"gold_gain":0,"player_choice":"Ignored","damage_taken":0,"max_hp_gain":0,"max_hp_loss":0,"event_name":"SecretPortal","floor":44,"gold_loss":0}],"is_beta":false,"boss_relics":[{"not_picked":["Fusion Hammer","Orrery"],"picked":"Cursed Key"},{"not_picked":["Tiny House","Black Star"],"picked":"Busted Crown"}],"items_purged_floors":[5],"is_endless":false,"potions_floor_spawned":[3,4,11,16,19,20,21,22,29,31,37,41,46,48],"ascension_level":0}