{"gold_per_floor":[119,130,145,164,164,192,192,218,244,275,275,275,285,316,316,416,416,426,436,454,369,419,419,444,444,471,471,506,506,57,67,67,171,171,186,286,256,271,283,313,313,340,366,399,418,447,462,482,482,482,482,482,92,127,127],"floor_reached":55,"playtime":2588,"items_purged":["Strike_R","Strike_R"],"score":1043,"play_id":"b2f0ec6d-406b-4b7a-9db4-45728e475665","local_time":"20190327220731","is_ascension_mode":true,"campfire_choices":[{"floor":7,"key":"REST"},{"data":"Bash","floor":12,"key":"SMITH"},{"data":"Inflame","floor":15,"key":"SMITH"},{"data":"Demon Form","floor":23,"key":"SMITH"},{"data":"Heavy Blade","floor":25,"key":"SMITH"},{"data":"Flex","floor":27,"key":"SMITH"},{"data":"Bloodletting","floor":29,"key":"SMITH"},{"data":"Apotheosis","floor":32,"key":"SMITH"},{"floor":41,"key":"RECALL"},{"data":"Impervious","floor":49,"key":"SMITH"},{"data":"Twin Strike","floor":52,"key":"SMITH"}],"neow_cost":"NONE","seed_source_timestamp":1083992577277500,"circlet_count":0,"master_deck":["Strike_R","Strike_R","Strike_R","Defend_R","Defend_R","Defend_R","Defend_R","Bash+1","Cleave","Twin Strike+1","Offering","Inflame+1","Demon Form+1","Heavy Blade+1","Bloodletting+1","Flex+1","Intimidate+1","Apotheosis+1","Cleave+1","Impervious+1","Clothesline+1"],"relics":["Burning Blood","Paper Frog","Bag of Marbles","Vajra","PreservedInsect","Centennial Puzzle","Meat on the Bone","Pocketwatch","Philosopher\u0027s Stone","Frozen Egg 2","Pear","Mummified Hand","MealTicket","Lizard Tail","Incense Burner","Dream Catcher","Bottled Flame","Red Skull","Question Card","Ginger","Mango","Bag of Preparation"],"potions_floor_usage":[6,8,14,18,28,31,31,33,39,40,44,50,50,50],"damage_taken":[{"damage":8,"enemies":"Small Slimes","floor":1,"turns":4},{"damage":19,"enemies":"Jaw Worm","floor":2,"turns":5},{"damage":1,"enemies":"2 Louse","floor":3,"turns":2},{"damage":22,"enemies":"Lots of Slimes","floor":4,"turns":4},{"damage":40,"enemies":"Lagavulin","floor":6,"turns":9},{"damage":6,"enemies":"Gremlin Nob","floor":8,"turns":3},{"damage":14,"enemies":"Lagavulin","floor":10,"turns":3},{"damage":6,"enemies":"Large Slime","floor":13,"turns":3},{"damage":15,"enemies":"3 Sentries","floor":14,"turns":3},{"damage":41,"enemies":"The Guardian","floor":16,"turns":6},{"damage":6,"enemies":"Spheric Guardian","floor":18,"turns":2},{"damage":25,"enemies":"2 Thieves","floor":19,"turns":2},{"damage":24,"enemies":"3 Cultists","floor":20,"turns":4},{"damage":23,"enemies":"Slavers","floor":24,"turns":2},{"damage":10,"enemies":"Book of Stabbing","floor":28,"turns":2},{"damage":21,"enemies":"Sentry and Sphere","floor":31,"turns":3},{"damage":39,"enemies":"Automaton","floor":33,"turns":5},{"damage":17,"enemies":"3 Darklings","floor":35,"turns":2},{"damage":9,"enemies":"Mind Bloom Boss Battle","floor":36,"turns":2},{"damage":14,"enemies":"3 Shapes","floor":38,"turns":4},{"damage":10,"enemies":"Writhing Mass","floor":39,"turns":3},{"damage":6,"enemies":"Nemesis","floor":40,"turns":1},{"damage":11,"enemies":"Giant Head","floor":42,"turns":5},{"damage":42,"enemies":"Nemesis","floor":44,"turns":3},{"damage":33,"enemies":"Sphere and 2 Shapes","floor":45,"turns":3},{"damage":0,"enemies":"Reptomancer","floor":46,"turns":2},{"damage":6,"enemies":"Jaw Worm Horde","floor":47,"turns":1},{"damage":2,"enemies":"3 Darklings","floor":48,"turns":2},{"damage":55,"enemies":"Time Eater","floor":50,"turns":7},{"damage":52,"enemies":"Shield and Spear","floor":54,"turns":6},{"damage":126,"enemies":"The Heart","floor":55,"turns":8}],"seed_played":"1257899525728048984","potions_obtained":[{"floor":2,"key":"GamblersBrew"},{"floor":6,"key":"SteroidPotion"},{"floor":13,"key":"PowerPotion"},{"floor":16,"key":"SkillPotion"},{"floor":18,"key":"Dexterity Potion"},{"floor":19,"key":"EntropicBrew"},{"floor":24,"key":"Regen Potion"},{"floor":37,"key":"Explosive Potion"},{"floor":37,"key":"PowerPotion"},{"floor":39,"key":"Energy Potion"},{"floor":40,"key":"LiquidBronze"},{"floor":46,"key":"FearPotion"},{"floor":48,"key":"Energy Potion"}],"is_trial":false,"path_per_floor":["M","M","M","M","?","E","R","E","T","E","T","R","M","E","R","B",null,"M","M","M","?","?","R","E","R","T","R","E","R","$","M","R","B",null,"M","?","?","M","M","E","R","E","T","E","M","E","M","M","R","B",null,"R","$","E","B"],"character_chosen":"IRONCLAD","items_purchased":["Apotheosis","MealTicket","Mango"],"campfire_rested":1,"item_purchase_floors":[30,30,53],"current_hp_per_floor":[86,73,78,62,55,21,47,47,47,39,39,39,51,54,54,31,88,88,69,51,51,51,51,56,56,56,56,57,57,57,54,54,33,98,87,84,84,76,72,72,72,67,67,43,28,46,58,62,62,25,98,98,112,66,0],"gold":127,"neow_bonus":"TEN_PERCENT_HP_BONUS","is_prod":false,"is_daily":false,"chose_seed":false,"campfire_upgraded":9,"win_rate":0,"timestamp":1553717251,"path_taken":["M","M","M","M","?","E","R","E","T","E","?","R","M","E","R","BOSS","M","M","M","?","?","R","E","R","T","R","E","R","$","?","R","BOSS","M","?","?","M","M","E","R","E","T","E","M","E","M","M","R","BOSS","R","$","E","BOSS"],"build_version":"2019-01-23","purchased_purges":2,"victory":false,"max_hp_per_floor":[88,88,88,88,88,88,88,88,88,88,88,88,88,88,88,88,88,88,88,88,88,88,88,98,98,98,98,98,98,98,98,98,98,98,98,98,98,98,98,98,98,98,98,98,98,98,98,98,98,98,98,98,112,112,112],"card_choices":[{"not_picked":["Heavy Blade","Headbutt"],"picked":"Cleave","floor":1},{"not_picked":["Havoc","Warcry","Flame Barrier"],"picked":"SKIP","floor":2},{"not_picked":["Metallicize","True Grit","Feed"],"picked":"SKIP","floor":3},{"not_picked":["Body Slam","Dual Wield"],"picked":"Twin Strike","floor":4},{"not_picked":["Flame Barrier","Perfected Strike"],"picked":"Offering","floor":6},{"not_picked":["Infernal Blade","Metallicize","Pommel Strike"],"picked":"SKIP","floor":8},{"not_picked":["Perfected Strike","Feed","Twin Strike"],"picked":"SKIP","floor":10},{"not_picked":["Second Wind","Clothesline"],"picked":"Inflame","floor":13},{"not_picked":["Clash","Pommel Strike","Ghostly Armor"],"picked":"SKIP","floor":14},{"not_picked":["Brutality","Barricade"],"picked":"Demon Form","floor":16},{"not_picked":["Infernal Blade","Havoc"],"picked":"Heavy Blade","floor":18},{"not_picked":["Ghostly Armor","Hemokinesis"],"picked":"Bloodletting","floor":19},{"not_picked":["Fire Breathing","Battle Trance"],"picked":"Flex","floor":20},{"not_picked":["Clash+1","Flex","Bloodletting"],"picked":"SKIP","floor":24},{"not_picked":["Disarm","Sword Boomerang"],"picked":"Intimidate+1","floor":28},{"not_picked":["Warcry+1","Heavy Blade"],"picked":"Cleave+1","floor":31},{"not_picked":["Cleave","Thunderclap","Wild Strike"],"picked":"SKIP","floor":35},{"not_picked":["Cleave","Feel No Pain+1","Shrug It Off+1"],"picked":"SKIP","floor":38},{"not_picked":["Sword Boomerang","Iron Wave","Perfected Strike+1"],"picked":"SKIP","floor":39},{"not_picked":["Flex","True Grit+1","Seeing Red+1"],"picked":"SKIP","floor":40},{"not_picked":["Spot Weakness","Cleave+1","Anger+1"],"picked":"SKIP","floor":42},{"not_picked":["Perfected Strike","Flex+1","Burning Pact"],"picked":"SKIP","floor":44},{"not_picked":["Hemokinesis","Warcry","Anger","Intimidate"],"picked":"SKIP","floor":45},{"not_picked":["Rampage","Bloodletting","Dropkick","Wild Strike"],"picked":"SKIP","floor":46},{"not_picked":["Inflame+1","Clash+1","Dropkick"],"picked":"Impervious","floor":47},{"not_picked":["Searing Blow+1","Power Through+1","Anger","Wild Strike"],"picked":"SKIP","floor":48},{"not_picked":["Armaments","Wild Strike","Shrug It Off+1"],"picked":"Clothesline+1","floor":54}],"player_experience":115611,"relics_obtained":[{"floor":6,"key":"Bag of Marbles"},{"floor":8,"key":"Vajra"},{"floor":9,"key":"PreservedInsect"},{"floor":10,"key":"Centennial Puzzle"},{"floor":11,"key":"Meat on the Bone"},{"floor":14,"key":"Pocketwatch"},{"floor":24,"key":"Pear"},{"floor":28,"key":"Mummified Hand"},{"floor":36,"key":"Incense Burner"},{"floor":40,"key":"Dream Catcher"},{"floor":42,"key":"Bottled Flame"},{"floor":43,"key":"Red Skull"},{"floor":44,"key":"Question Card"},{"floor":46,"key":"Ginger"},{"floor":54,"key":"Bag of Preparation"}],"event_choices":[{"damage_healed":0,"gold_gain":0,"player_choice":"Success","damage_taken":7,"relics_obtained":["Paper Frog"],"max_hp_gain":0,"max_hp_loss":0,"event_name":"Scrap Ooze","floor":5,"gold_loss":0},{"damage_healed":0,"gold_gain":0,"player_choice":"Obtained Relic","damage_taken":0,"relics_obtained":["Frozen Egg 2"],"max_hp_gain":0,"max_hp_loss":0,"event_name":"Addict","floor":21,"gold_loss":85},{"damage_healed":0,"gold_gain":100,"player_choice":"Bet on Murderer","damage_taken":0,"max_hp_gain":0,"max_hp_loss":0,"event_name":"The Joust","floor":22,"gold_loss":50},{"damage_healed":0,"gold_gain":0,"player_choice":"Fight","damage_taken":0,"max_hp_gain":0,"max_hp_loss":0,"event_name":"MindBloom","floor":36,"gold_loss":0},{"damage_healed":0,"gold_gain":0,"player_choice":"Bought 2 Potions","damage_taken":0,"max_hp_gain":0,"max_hp_loss":0,"event_name":"The Woman in Blue","floor":37,"gold_loss":0}],"is_beta":false,"boss_relics":[{"not_picked":["Ectoplasm","Calling Bell"],"picked":"Philosopher\u0027s Stone"},{"not_picked":["Snecko Eye","Eternal Feather"],"picked":"Lizard Tail"}],"items_purged_floors":[30,53],"is_endless":false,"potions_floor_spawned":[2,6,13,16,18,19,24,39,40,46,48],"killed_by":"The Heart","ascension_level":2}