{"gold_per_floor":[115,115,126,137,137,137,167,177,202,217,217,228,260,260,260,260],"floor_reached":16,"playtime":900,"items_purged":[],"score":168,"play_id":"14f46be2-6db4-45a2-b3fe-5ed05d285d31","local_time":"20180705100958","is_ascension_mode":true,"campfire_choices":[{"data":"Neutralize","floor":6,"key":"SMITH"},{"data":"Distraction","floor":11,"key":"SMITH"},{"floor":15,"key":"REST"}],"neow_cost":"NONE","seed_source_timestamp":8727656282891,"circlet_count":0,"master_deck":["Defend_G","Defend_G+1","Defend_G+1","Defend_G+1","Defend_G","Strike_G","Strike_G","Strike_G","Strike_G","Strike_G","Survivor+1","Neutralize+1","AscendersBane","Dagger Spray","Quick Slash","Backstab","Distraction+1","Burst","All Out Attack"],"relics":["Ring of the Snake","Anchor","War Paint","Blood Vial","Juzu Bracelet","Golden Idol"],"potions_floor_usage":[7,13,16],"damage_taken":[{"damage":0,"enemies":"2 Louse","floor":1,"turns":2},{"damage":0,"enemies":"Jaw Worm","floor":3,"turns":4},{"damage":1,"enemies":"Cultist","floor":4,"turns":4},{"damage":13,"enemies":"Lagavulin","floor":7,"turns":6},{"damage":9,"enemies":"Large Slime","floor":8,"turns":6},{"damage":0,"enemies":"3 Louse","floor":10,"turns":2},{"damage":0,"enemies":"Looter","floor":12,"turns":3},{"damage":11,"enemies":"Gremlin Nob","floor":13,"turns":5},{"damage":48,"enemies":"Slime Boss","floor":16,"turns":10}],"seed_played":"-3538342760679031201","potions_obtained":[{"floor":1,"key":"Strength Potion"},{"floor":7,"key":"Fire Potion"},{"floor":8,"key":"SkillPotion"}],"is_trial":false,"path_per_floor":["M","?","M","M","?","R","E","M","T","M","R","M","E","?","R"],"character_chosen":"THE_SILENT","items_purchased":[],"campfire_rested":1,"item_purchase_floors":[],"current_hp_per_floor":[63,49,49,48,48,48,35,26,26,28,28,30,21,21,40,0],"gold":260,"neow_bonus":"RANDOM_COMMON_RELIC","is_prod":false,"is_daily":false,"chose_seed":false,"campfire_upgraded":2,"win_rate":0,"timestamp":1530810598,"path_taken":["M","?","M","?","?","R","E","M","T","M","R","M","E","?","R","BOSS"],"build_version":"2018-06-28","purchased_purges":0,"victory":false,"max_hp_per_floor":[70,70,70,70,70,70,70,70,70,70,70,70,70,65,65,65],"card_choices":[{"not_picked":["Well Laid Plans","Bane"],"picked":"Dagger Spray","floor":1},{"not_picked":["Slice","Dagger Throw"],"picked":"Quick Slash","floor":3},{"not_picked":["Prepared","Concentrate"],"picked":"Backstab","floor":4},{"not_picked":["Acrobatics","Caltrops","Prepared"],"picked":"SKIP","floor":7},{"not_picked":["Deflect","Flechettes"],"picked":"Distraction","floor":8},{"not_picked":["Finisher","Endless Agony"],"picked":"Burst","floor":10},{"not_picked":["Bane","Dodge and Roll","Expertise"],"picked":"SKIP","floor":12},{"not_picked":["Outmaneuver","Doppelganger"],"picked":"All Out Attack","floor":13}],"player_experience":699006,"relics_obtained":[{"floor":7,"key":"War Paint"},{"floor":9,"key":"Blood Vial"},{"floor":13,"key":"Juzu Bracelet"}],"event_choices":[{"event_name":"Shining Light","player_choice":"Entered Light","floor":2,"damage_taken":0},{"event_name":"Liars Game","player_choice":"disagreed","floor":5,"damage_taken":0},{"event_name":"Golden Idol","player_choice":"Lose Max HP","floor":14,"damage_taken":0}],"boss_relics":[],"items_purged_floors":[],"is_endless":false,"potions_floor_spawned":[1,7,8],"killed_by":"Slime Boss","ascension_level":10}