{"gold_per_floor":[116,116,134,149,168,168,197,212,261,261,279,296,306,333,333,407,407,424,424,349,367,384,384,402,452,452,452,468,499,511,314,314,387,387,398,110,128,146,157,157,227,240,265,265,325,6,6,0,0,0],"floor_reached":51,"playtime":1861,"items_purged":[],"score":1260,"play_id":"a937b22d-8717-43a6-b83c-ce835b51c9fd","local_time":"20181021165656","is_ascension_mode":true,"campfire_choices":[{"data":"Armaments","floor":6.0,"key":"SMITH"},{"data":"Bash","floor":10.0,"key":"SMITH"},{"data":"Uppercut","floor":15.0,"key":"SMITH"},{"data":"Havoc","floor":23,"key":"SMITH"},{"data":"Feel No Pain","floor":27,"key":"SMITH"},{"floor":32,"key":"REST"},{"floor":40,"key":"REST"},{"data":"True Grit","floor":44,"key":"SMITH"},{"floor":47,"key":"REST"},{"floor":49,"key":"REST"}],"neow_cost":"NONE","seed_source_timestamp":32717810950879,"circlet_count":0,"master_deck":["Strike_R","Strike_R","Strike_R","Strike_R","Defend_R","Defend_R","Defend_R","Defend_R","Bash+1","AscendersBane","Purity","Twin Strike","Wild Strike","Shrug It Off","Armaments+1","Reckless Charge","Twin Strike","Uppercut+1","Havoc+1","Perfected Strike+1","Feed+1","Pommel Strike+1","Shrug It Off","Twin Strike+1","Feel No Pain+1","Perfected Strike+1","Anger+1","True Grit+1","Thunderclap+1","Immolate+1","Battle Trance","Flash of Steel+1","Headbutt+1","Second Wind+1","Havoc+1","Limit Break","Offering","Master of Strategy"],"special_seed":0,"relics":["Burning Blood","Oddly Smooth Stone","Lantern","Molten Egg 2","Mark of Pain","PreservedInsect","Happy Flower","Red Skull","Black Star","Brimstone","Bottled Flame","Bronze Scales","Art of War","Tiny Chest","Red Mask"],"potions_floor_usage":[16,19,33,35,39,42,50],"damage_taken":[{"damage":9.0,"enemies":"Jaw Worm","floor":1.0,"turns":5.0},{"damage":1.0,"enemies":"Cultist","floor":3.0,"turns":3.0},{"damage":5.0,"enemies":"Small Slimes","floor":4.0,"turns":3.0},{"damage":20.0,"enemies":"Exordium Wildlife","floor":5.0,"turns":5.0},{"damage":15.0,"enemies":"3 Sentries","floor":7.0,"turns":8.0},{"damage":5.0,"enemies":"Looter","floor":8.0,"turns":3.0},{"damage":0.0,"enemies":"Large Slime","floor":11.0,"turns":5.0},{"damage":13.0,"enemies":"Exordium Thugs","floor":12.0,"turns":7.0},{"damage":14.0,"enemies":"3 Louse","floor":13.0,"turns":2.0},{"damage":40.0,"enemies":"Lagavulin","floor":14.0,"turns":8.0},{"damage":29,"enemies":"Slime Boss","floor":16,"turns":11},{"damage":22,"enemies":"Spheric Guardian","floor":18,"turns":4},{"damage":1,"enemies":"Colosseum Slavers","floor":19,"turns":2},{"damage":0,"enemies":"Chosen","floor":21,"turns":3},{"damage":14,"enemies":"Snake Plant","floor":22,"turns":3},{"damage":13,"enemies":"3 Cultists","floor":24,"turns":4},{"damage":13,"enemies":"Snecko","floor":28,"turns":4},{"damage":24,"enemies":"Gremlin Leader","floor":29,"turns":4},{"damage":0,"enemies":"Centurion and Healer","floor":30,"turns":3},{"damage":56,"enemies":"Automaton","floor":33,"turns":10},{"damage":28,"enemies":"3 Darklings","floor":35,"turns":10},{"damage":0,"enemies":"3 Shapes","floor":37,"turns":2},{"damage":34,"enemies":"Transient","floor":38,"turns":5},{"damage":14,"enemies":"Maw","floor":39,"turns":5},{"damage":0,"enemies":"Jaw Worm Horde","floor":42,"turns":1},{"damage":44,"enemies":"Nemesis","floor":45,"turns":3},{"damage":74,"enemies":"Awakened One","floor":50,"turns":8}],"seed_played":"6671141703317652488","potions_obtained":[{"floor":3.0,"key":"Regen Potion"},{"floor":5.0,"key":"Fire Potion"},{"floor":8.0,"key":"Regen Potion"},{"floor":18,"key":"Energy Potion"},{"floor":22,"key":"GamblersBrew"},{"floor":24,"key":"SteroidPotion"},{"floor":33,"key":"SkillPotion"},{"floor":38,"key":"Block Potion"},{"floor":45,"key":"BloodPotion"}],"is_trial":false,"path_per_floor":["M","?","M","M","M","R","E","M","T","R","M","M","M","E","R","B",null,"M","?","?","M","M","R","M","?","T","R","M","E","M","$","R","B",null,"M","$","M","M","M","R","T","M","T","R","E","$","R","?","R","B"],"character_chosen":"IRONCLAD","items_purchased":["Thunderclap+1","Red Skull","Brimstone","Flash of Steel+1","Offering","Master of Strategy","Ancient Potion"],"campfire_rested":4,"item_purchase_floors":[31,31,36,36,46,46,46],"current_hp_per_floor":[65,65,70,71,57,57,48,49,49,49,55,48,40,20,20,12,59,43,52,52,58,50,50,47,47,47,47,40,22,32,32,58,12,71,49,49,55,27,19,46,46,56,56,56,18,18,46,46,74,19],"gold":0,"neow_bonus":"RANDOM_COLORLESS","is_prod":false,"is_daily":false,"chose_seed":false,"campfire_upgraded":6,"win_rate":0,"timestamp":1540166216,"path_taken":["M","?","?","M","M","R","E","?","T","R","M","?","M","E","R","BOSS","M","?","?","M","?","R","M","?","T","R","?","E","M","$","R","BOSS","M","$","M","M","M","R","?","?","T","R","E","$","R","?","R","BOSS"],"build_version":"2018-10-18","purchased_purges":0,"victory":true,"max_hp_per_floor":[75,75,75,75,75,75,75,75,75,75,75,75,75,75,75,75,75,75,79,79,79,79,79,83,83,83,83,83,83,87,87,87,91,91,91,91,91,91,91,91,91,95,95,95,95,95,95,95,95,99],"card_choices":[{"not_picked":["Thunderclap","Reckless Charge"],"picked":"Twin Strike","floor":1.0},{"not_picked":["True Grit","Body Slam"],"picked":"Wild Strike","floor":3.0},{"not_picked":["Seeing Red","Body Slam"],"picked":"Shrug It Off","floor":4.0},{"not_picked":["Blood for Blood","Warcry"],"picked":"Armaments","floor":5.0},{"not_picked":["Double Tap","Reaper"],"picked":"Reckless Charge","floor":7.0},{"not_picked":["Flex","Sword Boomerang"],"picked":"Twin Strike","floor":8.0},{"not_picked":["Clash","Rupture"],"picked":"Uppercut","floor":11.0},{"not_picked":["Anger","Burning Pact"],"picked":"Havoc","floor":12.0},{"not_picked":["Sword Boomerang","Headbutt","Cleave"],"picked":"SKIP","floor":13.0},{"not_picked":["Reckless Charge","Rupture"],"picked":"Perfected Strike","floor":14.0},{"not_picked":["Exhume","Demon Form"],"picked":"Feed+1","floor":16},{"not_picked":["Iron Wave+1","Clash+1"],"picked":"Pommel Strike+1","floor":18},{"not_picked":["Flex","Barricade"],"picked":"Shrug It Off","floor":21},{"not_picked":["Rampage+1","Seeing Red"],"picked":"Twin Strike+1","floor":22},{"not_picked":["Uppercut+1","Burning Pact+1"],"picked":"Feel No Pain","floor":24},{"not_picked":["Shrug It Off","Warcry"],"picked":"Perfected Strike+1","floor":28},{"not_picked":["Sword Boomerang+1","Cleave+1"],"picked":"Anger+1","floor":29},{"not_picked":["Flex","Dark Embrace"],"picked":"True Grit","floor":30},{"not_picked":["Barricade","Demon Form"],"picked":"Immolate+1","floor":33},{"not_picked":["Disarm+1","Anger+1"],"picked":"Battle Trance","floor":35},{"not_picked":["Inflame+1","Flex"],"picked":"Headbutt+1","floor":37},{"not_picked":["Thunderclap+1","Warcry","Wild Strike+1"],"picked":"SKIP","floor":38},{"not_picked":["Warcry","Combust"],"picked":"Second Wind+1","floor":39},{"not_picked":["Barricade","Inflame"],"picked":"Havoc+1","floor":42},{"not_picked":["Hemokinesis+1","Combust"],"picked":"Limit Break","floor":45}],"player_experience":1409671,"relics_obtained":[{"floor":7.0,"key":"Oddly Smooth Stone"},{"floor":9.0,"key":"Lantern"},{"floor":14.0,"key":"Molten Egg 2"},{"floor":26,"key":"PreservedInsect"},{"floor":29,"key":"Happy Flower"},{"floor":41,"key":"Bottled Flame"},{"floor":43,"key":"Bronze Scales"},{"floor":45,"key":"Art of War"},{"floor":45,"key":"Tiny Chest"}],"event_choices":[{"damage_healed":0.0,"max_hp_gain":0.0,"max_hp_loss":0.0,"gold_gain":0.0,"event_name":"Liars Game","player_choice":"Ignored","floor":2.0,"gold_loss":0.0,"damage_taken":0.0},{"damage_healed":0,"gold_gain":0,"player_choice":"Fight","damage_taken":0,"max_hp_gain":0,"max_hp_loss":0,"event_name":"Colosseum","floor":19,"gold_loss":0},{"damage_healed":0,"gold_gain":0,"player_choice":"Fled From Nobs","damage_taken":0,"max_hp_gain":0,"max_hp_loss":0,"event_name":"Colosseum","floor":19,"gold_loss":0},{"cards_removed":["Strike_R"],"damage_healed":0,"gold_gain":0,"player_choice":"Gave Gold","damage_taken":0,"max_hp_gain":0,"max_hp_loss":0,"event_name":"Beggar","floor":20,"gold_loss":75},{"damage_healed":0,"gold_gain":50,"player_choice":"Stole From Cult","damage_taken":0,"max_hp_gain":0,"max_hp_loss":0,"event_name":"Nest","floor":25,"gold_loss":0},{"damage_healed":0,"gold_gain":0,"player_choice":"Paid","damage_taken":0,"relics_obtained":["Red Mask"],"max_hp_gain":0,"max_hp_loss":0,"event_name":"Tomb of Lord Red Mask","floor":48,"gold_loss":6}],"is_beta":false,"boss_relics":[{"not_picked":["Pandora\u0027s Box","Runic Pyramid"],"picked":"Mark of Pain"},{"not_picked":["Tiny House","Astrolabe"],"picked":"Black Star"}],"items_purged_floors":[],"is_endless":false,"potions_floor_spawned":[3,5,8,11,13,18,22,24,30,33,38,45],"ascension_level":15}