{"gold_per_floor":[114,114,127,127,145,145,157,188,188,188,220,370,403,418,418,489,489,504,684,698,728,746,746,87,120,120,120,35,35,65,5,5,82,82,94,114,128,141,71,96,96,123,123,152,374,374,399,414,414,414,414],"floor_reached":52,"playtime":2727,"items_purged":["Doubt"],"score":2152,"play_id":"dccaa694-898c-4ad2-b302-05285b2990ec","local_time":"20181129122327","daily_mods":["SealedDeck"],"is_ascension_mode":true,"campfire_choices":[{"data":"Armaments","floor":6.0,"key":"SMITH"},{"data":"Havoc","floor":10.0,"key":"SMITH"},{"data":"Spot Weakness","floor":15.0,"key":"SMITH"},{"data":"Disarm","floor":23.0,"key":"SMITH"},{"data":"Inflame","floor":27,"key":"SMITH"},{"data":"True Grit","floor":29,"key":"SMITH"},{"data":"Feel No Pain","floor":32,"key":"SMITH"},{"data":"Shockwave","floor":41,"key":"SMITH"},{"data":"Discovery","floor":49,"key":"SMITH"}],"neow_cost":"","seed_source_timestamp":0,"circlet_count":0,"master_deck":["AscendersBane","Headbutt","Corruption","Flex","Havoc+1","Shrug It Off","Twin Strike","Armaments+1","Cleave","Flame Barrier","Inflame+1","Battle Trance","Spot Weakness+1","Shrug It Off","Feel No Pain","Disarm+1","Heavy Blade","True Grit+1","Flame Barrier+1","Feel No Pain+1","Offering","Sentinel","Inflame+1","Shockwave+1","Juggernaut","Discovery+1","Heavy Blade"],"special_seed":0,"relics":["Burning Blood","CultistMask","Dodecahedron","The Courier","Bottled Lightning","Blood Vial","Snecko Eye","Red Mask","Bottled Tornado","Mercury Hourglass","Pear","Red Skull","Matryoshka","Magic Flower","Lantern","Mark of Pain","Ancient Tea Set","Orichalcum","Strawberry","Shuriken","Oddly Smooth Stone","Ginger"],"potions_floor_usage":[42,50,51],"damage_taken":[{"damage":3.0,"enemies":"2 Louse","floor":1.0,"turns":3.0},{"damage":0.0,"enemies":"Cultist","floor":3.0,"turns":3.0},{"damage":4.0,"enemies":"Jaw Worm","floor":5.0,"turns":3.0},{"damage":0.0,"enemies":"Red Slaver","floor":7.0,"turns":4.0},{"damage":12.0,"enemies":"Gremlin Nob","floor":8.0,"turns":3.0},{"damage":24.0,"enemies":"3 Sentries","floor":11.0,"turns":6.0},{"damage":15.0,"enemies":"Gremlin Nob","floor":13.0,"turns":4.0},{"damage":0.0,"enemies":"Large Slime","floor":14.0,"turns":7.0},{"damage":35.0,"enemies":"Hexaghost","floor":16.0,"turns":10.0},{"damage":13.0,"enemies":"Spheric Guardian","floor":18.0,"turns":5.0},{"damage":13.0,"enemies":"2 Thieves","floor":20.0,"turns":3.0},{"damage":21.0,"enemies":"Masked Bandits","floor":21.0,"turns":4.0},{"damage":0.0,"enemies":"3 Cultists","floor":22.0,"turns":5.0},{"damage":2,"enemies":"Slavers","floor":25,"turns":4},{"damage":0,"enemies":"Book of Stabbing","floor":30,"turns":3},{"damage":5,"enemies":"Automaton","floor":33,"turns":7},{"damage":6,"enemies":"3 Shapes","floor":35,"turns":3},{"damage":6,"enemies":"3 Darklings","floor":36,"turns":5},{"damage":6,"enemies":"4 Shapes","floor":37,"turns":5},{"damage":6,"enemies":"Jaw Worm Horde","floor":38,"turns":4},{"damage":11,"enemies":"Nemesis","floor":40,"turns":7},{"damage":6,"enemies":"Giant Head","floor":42,"turns":6},{"damage":13,"enemies":"Reptomancer","floor":44,"turns":5},{"damage":18,"enemies":"Nemesis","floor":47,"turns":11},{"damage":7,"enemies":"Spire Growth","floor":48,"turns":4},{"damage":9,"enemies":"Donu and Deca","floor":50,"turns":8},{"damage":48,"enemies":"Awakened One","floor":51,"turns":13}],"seed_played":"2594017104801893857","potions_obtained":[{"floor":3.0,"key":"Regen Potion"},{"floor":7.0,"key":"Swift Potion"},{"floor":11.0,"key":"PowerPotion"},{"floor":13.0,"key":"Strength Potion"},{"floor":21.0,"key":"SteroidPotion"},{"floor":35,"key":"PowerPotion"},{"floor":44,"key":"Block Potion"}],"is_trial":true,"path_per_floor":["M","?","M","$","M","R","M","E","T","R","E","E","?","E","M","R","B",null,"M","?","M","?","M","R","$","E","T","R","?","R","E","$","R","B",null,"M","M","M","M","$","E","R","E","T","E","?","?","E","M","R","B","B",null],"character_chosen":"IRONCLAD","items_purchased":["True Grit","Bottled Tornado","Mercury Hourglass","Pear","Shockwave"],"campfire_rested":0,"item_purchase_floors":[24,24,24,24,39],"current_hp_per_floor":[71,71,75,75,75,75,75,69,69,69,51,51,42,50,50,23,62,57,36,31,30,38,38,48,54,54,54,54,54,66,66,66,73,82,85,85,85,85,85,83,83,85,92,88,88,88,82,87,87,90,53],"gold":414,"neow_bonus":"","is_prod":false,"is_daily":false,"chose_seed":false,"campfire_upgraded":9,"win_rate":0,"timestamp":1543523007,"path_taken":["M","?","?","$","M","R","M","E","T","R","E","?","E","M","R","BOSS","M","?","?","?","M","R","$","E","T","R","?","R","E","$","R","BOSS","M","M","M","M","$","E","R","E","T","E","?","?","E","M","R","BOSS","BOSS"],"build_version":"2018-11-15","purchased_purges":1,"victory":true,"max_hp_per_floor":[75,75,75,75,75,75,75,75,75,75,75,75,75,75,75,75,75,75,75,75,75,75,75,85,85,85,85,85,85,85,85,85,85,85,85,85,85,85,85,85,85,85,92,92,92,92,92,92,92,92,92],"card_choices":[{"not_picked":["Flame Barrier","Cleave"],"picked":"Battle Trance","floor":1.0},{"not_picked":["Warcry","Bloodletting","Rampage"],"picked":"SKIP","floor":3.0},{"not_picked":["Clothesline","True Grit"],"picked":"Spot Weakness","floor":5.0},{"not_picked":["Dropkick","True Grit"],"picked":"Shrug It Off","floor":7.0},{"not_picked":["Ghostly Armor","Metallicize","Corruption"],"picked":"SKIP","floor":8.0},{"not_picked":["Sever Soul","Perfected Strike"],"picked":"Feel No Pain","floor":11.0},{"not_picked":["Dual Wield","Havoc"],"picked":"Disarm","floor":13.0},{"not_picked":["Iron Wave","Wild Strike"],"picked":"Heavy Blade","floor":14.0},{"not_picked":["Clothesline","Cleave","Sever Soul"],"picked":"SKIP","floor":18.0},{"not_picked":["Wild Strike","Dual Wield","Fire Breathing"],"picked":"SKIP","floor":20.0},{"not_picked":["Twin Strike","Wild Strike+1","Dual Wield"],"picked":"SKIP","floor":22.0},{"not_picked":["Clash","Anger"],"picked":"Flame Barrier+1","floor":25},{"not_picked":["Evolve","Immolate"],"picked":"Feel No Pain","floor":30},{"not_picked":["Bludgeon","Barricade"],"picked":"Offering","floor":33},{"not_picked":["Heavy Blade","Sentinel","Pommel Strike"],"picked":"SKIP","floor":35},{"not_picked":["Rampage","Power Through+1"],"picked":"Sentinel","floor":36},{"not_picked":["Pommel Strike","Armaments","Infernal Blade+1"],"picked":"SKIP","floor":37},{"not_picked":["Cleave+1","Wild Strike"],"picked":"Inflame+1","floor":38},{"not_picked":["Sever Soul","Brutality","Metallicize"],"picked":"SKIP","floor":40},{"not_picked":["Iron Wave","Clash","Second Wind"],"picked":"SKIP","floor":42},{"not_picked":["Corruption","Dropkick+1"],"picked":"Juggernaut","floor":44},{"not_picked":["Panacea","Blind"],"picked":"Discovery","floor":46},{"not_picked":["Offering","Dropkick","Perfected Strike"],"picked":"SKIP","floor":47},{"not_picked":["Shockwave+1","Cleave+1"],"picked":"Heavy Blade","floor":48}],"player_experience":1686424,"relics_obtained":[{"floor":8.0,"key":"Dodecahedron"},{"floor":9.0,"key":"The Courier"},{"floor":11.0,"key":"Bottled Lightning"},{"floor":13.0,"key":"Blood Vial"},{"floor":21.0,"key":"Red Mask"},{"floor":25,"key":"Red Skull"},{"floor":26,"key":"Matryoshka"},{"floor":30,"key":"Lantern"},{"floor":40,"key":"Ancient Tea Set"},{"floor":42,"key":"Orichalcum"},{"floor":43,"key":"Strawberry"},{"floor":43,"key":"Shuriken"},{"floor":44,"key":"Oddly Smooth Stone"},{"floor":47,"key":"Ginger"}],"event_choices":[{"damage_healed":0.0,"max_hp_gain":0.0,"max_hp_loss":0.0,"gold_gain":0.0,"event_name":"FaceTrader","player_choice":"Trade","floor":2.0,"gold_loss":0.0,"damage_taken":0.0,"relics_obtained":["CultistMask"]},{"damage_healed":0.0,"max_hp_gain":0.0,"max_hp_loss":0.0,"gold_gain":150.0,"event_name":"Liars Game","player_choice":"AGREE","floor":12.0,"gold_loss":0.0,"damage_taken":0.0,"cards_obtained":["Doubt"]},{"damage_healed":0.0,"max_hp_gain":0.0,"max_hp_loss":0.0,"gold_gain":180.0,"event_name":"Knowing Skull","player_choice":"GOLD GOLD ","floor":19.0,"potions_obtained":[],"gold_loss":0.0,"damage_taken":21.0,"cards_obtained":[]},{"damage_healed":0.0,"max_hp_gain":0.0,"max_hp_loss":0.0,"gold_gain":0.0,"event_name":"Masked Bandits","player_choice":"Fought Bandits","floor":21.0,"gold_loss":0.0,"damage_taken":0.0},{"damage_healed":0,"gold_gain":0,"player_choice":"Obtained Relic","damage_taken":0,"relics_obtained":["Magic Flower"],"max_hp_gain":0,"max_hp_loss":0,"event_name":"Addict","floor":28,"gold_loss":85},{"damage_healed":0,"gold_gain":222,"player_choice":"Wore Mask","damage_taken":0,"max_hp_gain":0,"max_hp_loss":0,"event_name":"Tomb of Lord Red Mask","floor":45,"gold_loss":0},{"damage_healed":0,"gold_gain":0,"player_choice":"Memory 1","damage_taken":0,"max_hp_gain":0,"max_hp_loss":0,"event_name":"SensoryStone","floor":46,"gold_loss":0}],"is_beta":false,"boss_relics":[{"not_picked":["Coffee Dripper","Black Star"],"picked":"Snecko Eye"},{"not_picked":["Eternal Feather","White Beast Statue"],"picked":"Mark of Pain"}],"items_purged_floors":[31],"is_endless":false,"potions_floor_spawned":[3,7,11,13,16,20,21,30,35,36,44,47],"ascension_level":20}