{"gold_per_floor":[109,109,128,146,146,146,89,117,144,176,176,191,191,217,217,295,295,308,408,408,442,317,317,333,367,367,396,396,426,449,472,484,570,582,609,635,647,149,179,209,243,275,350,378,5,40,54,68,68,68,68],"floor_reached":52,"playtime":2768,"items_purged":["Writhe"],"score":2873,"play_id":"bbae0d19-acca-4e2e-9178-979b3cf645a9","local_time":"20190402115902","daily_mods":["SealedDeck","DeadlyEvents","Elite Swarm"],"is_ascension_mode":true,"campfire_choices":[{"data":"Catalyst","floor":6.0,"key":"SMITH"},{"data":"Deadly Poison","floor":11.0,"key":"SMITH"},{"data":"Bouncing Flask","floor":13.0,"key":"SMITH"},{"data":"Footwork","floor":15.0,"key":"SMITH"},{"data":"Burst","floor":23,"key":"SMITH"},{"floor":28,"key":"REST"},{"data":"Wraith Form v2","floor":32,"key":"SMITH"},{"data":"Well Laid Plans","floor":49,"key":"SMITH"}],"neow_cost":"","seed_source_timestamp":0,"circlet_count":0,"master_deck":["AscendersBane","Dagger Spray","Leg Sweep","Dodge and Roll","PiercingWail","Blur","Deflect","Catalyst+1","Bouncing Flask+1","Deadly Poison+1","Wraith Form v2+1","Burst+1","Footwork+1","Corpse Explosion","Deflect+1","Bullet Time","Well Laid Plans+1","Caltrops+1","After Image","Adrenaline","Cloak And Dagger+1","Prepared+1","Bouncing Flask+1","Malaise+1","Bullet Time+1","Well Laid Plans+1","Cloak And Dagger+1"],"special_seed":0,"relics":["Ring of the Snake","Omamori","Orichalcum","Matryoshka","Gambling Chip","Runic Dome","Dead Branch","Letter Opener","Ninja Scroll","WingedGreaves","Potion Belt","Ornamental Fan","Regal Pillow","MawBank","Calling Bell","Centennial Puzzle","Toxic Egg 2","Torii","Gremlin Horn","Ancient Tea Set","Question Card","Mango","Blue Candle","Dream Catcher","Singing Bowl","Frozen Egg 2","TwistedFunnel","Incense Burner"],"potions_floor_usage":[19],"damage_taken":[{"damage":0.0,"enemies":"Jaw Worm","floor":1.0,"turns":4.0},{"damage":0.0,"enemies":"2 Louse","floor":3.0,"turns":2.0},{"damage":2.0,"enemies":"Small Slimes","floor":4.0,"turns":3.0},{"damage":0.0,"enemies":"Gremlin Nob","floor":8.0,"turns":3.0},{"damage":6.0,"enemies":"Lagavulin","floor":10.0,"turns":4.0},{"damage":5.0,"enemies":"Exordium Wildlife","floor":12.0,"turns":4.0},{"damage":0.0,"enemies":"Gremlin Nob","floor":14.0,"turns":2.0},{"damage":10.0,"enemies":"Hexaghost","floor":16.0,"turns":5.0},{"damage":0.0,"enemies":"3 Byrds","floor":18.0,"turns":2.0},{"damage":16,"enemies":"Colosseum Slavers","floor":19,"turns":4},{"damage":1,"enemies":"Colosseum Nobs","floor":19,"turns":2},{"damage":4,"enemies":"Book of Stabbing","floor":21,"turns":4},{"damage":0,"enemies":"Shell Parasite","floor":24,"turns":2},{"damage":28,"enemies":"Slavers","floor":25,"turns":2},{"damage":0,"enemies":"Book of Stabbing","floor":27,"turns":2},{"damage":0,"enemies":"Slavers","floor":29,"turns":2},{"damage":0,"enemies":"Cultist and Chosen","floor":30,"turns":1},{"damage":0,"enemies":"Centurion and Healer","floor":31,"turns":2},{"damage":0,"enemies":"Automaton","floor":33,"turns":6},{"damage":0,"enemies":"3 Shapes","floor":35,"turns":1},{"damage":0,"enemies":"3 Darklings","floor":36,"turns":3},{"damage":0,"enemies":"Reptomancer","floor":39,"turns":3},{"damage":0,"enemies":"Giant Head","floor":40,"turns":5},{"damage":0,"enemies":"Reptomancer","floor":41,"turns":2},{"damage":2,"enemies":"Nemesis","floor":42,"turns":3},{"damage":0,"enemies":"Giant Head","floor":44,"turns":4},{"damage":1,"enemies":"Reptomancer","floor":46,"turns":3},{"damage":0,"enemies":"Maw","floor":47,"turns":2},{"damage":0,"enemies":"Jaw Worm Horde","floor":48,"turns":1},{"damage":1,"enemies":"Donu and Deca","floor":50,"turns":4},{"damage":30,"enemies":"Awakened One","floor":51,"turns":9}],"seed_played":"38995149693112085","potions_obtained":[{"floor":8.0,"key":"Energy Potion"},{"floor":12.0,"key":"SkillPotion"},{"floor":30,"key":"FearPotion"},{"floor":35,"key":"EssenceOfSteel"},{"floor":48,"key":"Block Potion"}],"is_trial":true,"path_per_floor":["M","?","M","M","?","R","$","E","T","E","R","M","R","E","R","B",null,"M","?","?","E","$","R","M","E","T","E","R","E","M","M","R","B",null,"M","M","?","$","E","E","E","E","T","E","$","E","M","M","R","B","B",null],"character_chosen":"THE_SILENT","items_purchased":["Energy Potion","Well Laid Plans","GhostInAJar","GhostInAJar","Bouncing Flask+1","Gremlin Horn","Well Laid Plans+1","TwistedFunnel","Dexterity Potion"],"campfire_rested":1,"item_purchase_floors":[7,22,22,38,38,38,45,45,45],"current_hp_per_floor":[59,59,59,57,57,57,57,57,57,51,51,46,46,46,46,36,59,59,42,47,43,43,43,43,15,15,15,49,49,49,49,49,49,62,62,62,62,62,62,62,76,74,74,76,76,77,79,79,79,78,48],"gold":68,"neow_bonus":"","is_prod":false,"is_daily":false,"chose_seed":false,"campfire_upgraded":7,"win_rate":0,"timestamp":1554231542,"path_taken":["M","?","M","M","?","R","$","E","T","E","R","M","R","E","R","BOSS","M","?","?","?","$","R","M","E","T","E","R","E","M","?","R","BOSS","M","M","?","?","?","E","E","E","T","E","$","E","M","?","R","BOSS","BOSS"],"build_version":"2019-01-23","purchased_purges":1,"victory":true,"max_hp_per_floor":[66,66,66,66,66,66,66,66,66,66,66,66,66,66,66,66,66,66,66,66,66,66,66,66,66,66,66,66,66,66,66,66,66,66,66,66,66,66,66,66,80,80,80,82,82,84,86,86,86,86,86],"card_choices":[{"not_picked":["Acrobatics","Bane","Deflect"],"picked":"SKIP","floor":1.0},{"not_picked":["Flying Knee","PiercingWail","Dodge and Roll"],"picked":"SKIP","floor":3.0},{"not_picked":["Masterful Stab","Blade Dance","Prepared"],"picked":"SKIP","floor":4.0},{"not_picked":["Tools of the Trade","Venomology"],"picked":"Wraith Form v2","floor":8.0},{"not_picked":["Storm of Steel","Die Die Die"],"picked":"Burst","floor":10.0},{"not_picked":["Dagger Throw","Underhanded Strike"],"picked":"Footwork","floor":12.0},{"not_picked":["Malaise","Bullet Time"],"picked":"Corpse Explosion","floor":14.0},{"not_picked":["Dodge and Roll","Prepared","Deadly Poison"],"picked":"SKIP","floor":18.0},{"not_picked":["Sucker Punch","Dagger Spray"],"picked":"Deflect+1","floor":19},{"not_picked":["Malaise","Wraith Form v2"],"picked":"Bullet Time","floor":21},{"not_picked":["Flying Knee","Poisoned Stab"],"picked":"Caltrops+1","floor":24},{"not_picked":["Wraith Form v2","Doppelganger","Corpse Explosion"],"picked":"SKIP","floor":25},{"not_picked":["Grand Finale","Burst"],"picked":"After Image","floor":27},{"not_picked":["After Image","Malaise"],"picked":"Adrenaline","floor":29},{"not_picked":["Deadly Poison","Sucker Punch"],"picked":"Cloak And Dagger+1","floor":30},{"not_picked":["Heel Hook","Slice","Accuracy"],"picked":"SKIP","floor":31},{"not_picked":["Dagger Throw","Setup+1","Skewer"],"picked":"SKIP","floor":35},{"not_picked":["Endless Agony","All Out Attack"],"picked":"Prepared+1","floor":36},{"not_picked":["Corpse Explosion+1","Wraith Form v2","Envenom"],"picked":"SKIP","floor":39},{"not_picked":["A Thousand Cuts","Phantasmal Killer+1","Storm of Steel+1"],"picked":"SKIP","floor":40},{"not_picked":["Tools of the Trade","Glass Knife","Unload"],"picked":"Malaise+1","floor":41},{"not_picked":["Unload","Venomology+1","A Thousand Cuts"],"picked":"Bullet Time+1","floor":42},{"not_picked":["Grand Finale","After Image","Corpse Explosion+1","Bullet Time+1"],"picked":"Singing Bowl","floor":44},{"not_picked":["Doppelganger+1","Grand Finale","After Image+1","Wraith Form v2+1"],"picked":"Singing Bowl","floor":46},{"not_picked":["Prepared+1","Flying Knee","Outmaneuver+1","Bane"],"picked":"Singing Bowl","floor":47},{"not_picked":["Underhanded Strike+1","Eviscerate","Dagger Spray"],"picked":"Cloak And Dagger+1","floor":48}],"player_experience":2410598,"relics_obtained":[{"floor":8.0,"key":"Omamori"},{"floor":9.0,"key":"Orichalcum"},{"floor":10.0,"key":"Matryoshka"},{"floor":14.0,"key":"Gambling Chip"},{"floor":19,"key":"Dead Branch"},{"floor":19,"key":"Letter Opener"},{"floor":21,"key":"Ninja Scroll"},{"floor":25,"key":"WingedGreaves"},{"floor":26,"key":"Potion Belt"},{"floor":26,"key":"Ornamental Fan"},{"floor":27,"key":"Regal Pillow"},{"floor":29,"key":"MawBank"},{"floor":34,"key":"Centennial Puzzle"},{"floor":34,"key":"Toxic Egg 2"},{"floor":34,"key":"Torii"},{"floor":39,"key":"Ancient Tea Set"},{"floor":40,"key":"Question Card"},{"floor":41,"key":"Mango"},{"floor":42,"key":"Blue Candle"},{"floor":43,"key":"Dream Catcher"},{"floor":43,"key":"Singing Bowl"},{"floor":44,"key":"Frozen Egg 2"},{"floor":46,"key":"Incense Burner"}],"event_choices":[{"damage_healed":0.0,"max_hp_gain":0.0,"max_hp_loss":0.0,"gold_gain":0.0,"event_name":"Liars Game","player_choice":"Ignored","floor":2.0,"gold_loss":0.0,"damage_taken":0.0},{"damage_healed":0.0,"max_hp_gain":0.0,"max_hp_loss":0.0,"gold_gain":0.0,"event_name":"The Cleric","player_choice":"Leave","floor":5.0,"gold_loss":0.0,"damage_taken":0.0},{"damage_healed":0,"gold_gain":0,"player_choice":"Fight","damage_taken":0,"max_hp_gain":0,"max_hp_loss":0,"event_name":"Colosseum","floor":19,"gold_loss":0},{"damage_healed":0,"gold_gain":0,"player_choice":"Fought Nobs","damage_taken":0,"max_hp_gain":0,"max_hp_loss":0,"event_name":"Colosseum","floor":19,"gold_loss":0},{"cards_removed":["Sucker Punch"],"damage_healed":5,"gold_gain":0,"player_choice":"Offered Common","damage_taken":0,"max_hp_gain":0,"max_hp_loss":0,"event_name":"Bonfire Elementals","floor":20,"gold_loss":0},{"cards_removed":["Sucker Punch"],"damage_healed":5,"gold_gain":0,"player_choice":"Offered Special","damage_taken":0,"max_hp_gain":0,"max_hp_loss":0,"event_name":"Bonfire Elementals","floor":20,"gold_loss":0},{"damage_healed":0,"gold_gain":0,"player_choice":"Ignored","damage_taken":0,"max_hp_gain":0,"max_hp_loss":0,"event_name":"Tomb of Lord Red Mask","floor":37,"gold_loss":0}],"is_beta":false,"boss_relics":[{"not_picked":["Ring of the Serpent","Ectoplasm"],"picked":"Runic Dome"},{"not_picked":["Fusion Hammer","Lizard Tail"],"picked":"Calling Bell"}],"items_purged_floors":[38],"is_endless":false,"potions_floor_spawned":[8,12,16,18,19,25,30,35,40,41,42,48],"ascension_level":20}