{"gold_per_floor":[119,69,69,83,83,95,115,40,87,116,128,156,188,100,100,100],"floor_reached":16,"playtime":410,"items_purged":["Defend_R","Strike_R"],"score":94,"play_id":"698ade0c-4d61-49c3-8aa2-3aa1249d62c2","local_time":"20190111212541","is_ascension_mode":false,"campfire_choices":[{"data":"Strike_R","floor":11,"key":"SMITH"},{"floor":15,"key":"REST"}],"neow_cost":"PERCENT_DAMAGE","seed_source_timestamp":174850501103513,"circlet_count":0,"master_deck":["Strike_R+1","Strike_R","Strike_R","Defend_R","Bash+1"],"relics":["Burning Blood","MawBank"],"potions_floor_usage":[10,10],"damage_taken":[{"damage":6,"enemies":"Jaw Worm","floor":1,"turns":3},{"damage":6,"enemies":"Cultist","floor":4,"turns":3},{"damage":7,"enemies":"2 Louse","floor":6,"turns":2},{"damage":6,"enemies":"Exordium Wildlife","floor":7,"turns":4},{"damage":4,"enemies":"Gremlin Gang","floor":10,"turns":5},{"damage":28,"enemies":"Exordium Thugs","floor":12,"turns":5},{"damage":33,"enemies":"Large Slime","floor":13,"turns":5},{"damage":33,"enemies":"The Guardian","floor":16,"turns":5}],"seed_played":"-7010342322026183242","potions_obtained":[{"floor":6,"key":"Energy Potion"},{"floor":7,"key":"Swift Potion"}],"is_trial":false,"path_per_floor":["M","?","?","M","?","M","M","$","T","M","R","M","M","$","R","B"],"character_chosen":"IRONCLAD","items_purchased":[],"campfire_rested":1,"item_purchase_floors":[],"current_hp_per_floor":[56,56,56,56,56,55,55,55,55,57,57,35,8,8,32,0],"gold":100,"neow_bonus":"REMOVE_TWO","is_prod":false,"is_daily":false,"chose_seed":false,"campfire_upgraded":1,"win_rate":0,"timestamp":1547238341,"path_taken":["M","?","?","?","?","M","M","$","T","M","R","M","M","?","R","BOSS"],"build_version":"2019-01-10","purchased_purges":2,"victory":false,"max_hp_per_floor":[80,80,80,80,80,80,80,80,80,80,80,80,80,80,80,80],"card_choices":[{"not_picked":["Anger","Twin Strike","Flex"],"picked":"SKIP","floor":1},{"not_picked":["Clash","Warcry","Evolve"],"picked":"SKIP","floor":4},{"not_picked":["Sword Boomerang","Flex","Perfected Strike"],"picked":"SKIP","floor":6},{"not_picked":["Rupture","Wild Strike","Fire Breathing"],"picked":"SKIP","floor":7},{"not_picked":["Heavy Blade","Pommel Strike","Demon Form"],"picked":"SKIP","floor":10},{"not_picked":["Pummel","Rage","Havoc"],"picked":"SKIP","floor":12},{"not_picked":["Cleave","Bloodletting","True Grit"],"picked":"SKIP","floor":13}],"player_experience":440337,"relics_obtained":[{"floor":9,"key":"MawBank"}],"event_choices":[{"cards_removed":["Defend_R"],"damage_healed":0,"gold_gain":0,"player_choice":"Card Removal","damage_taken":0,"max_hp_gain":0,"max_hp_loss":0,"event_name":"The Cleric","floor":2,"gold_loss":50},{"damage_healed":0,"gold_gain":0,"player_choice":"Forge","damage_taken":0,"max_hp_gain":0,"max_hp_loss":0,"event_name":"Accursed Blacksmith","floor":3,"gold_loss":0,"cards_upgraded":["Bash"]},{"damage_healed":0,"gold_gain":0,"player_choice":"Ignored","damage_taken":0,"max_hp_gain":0,"max_hp_loss":0,"event_name":"Shining Light","floor":5,"gold_loss":0}],"is_beta":false,"boss_relics":[],"items_purged_floors":[8,14],"is_endless":false,"potions_floor_spawned":[6,7],"killed_by":"The Guardian","ascension_level":0}