{"gold_per_floor":[116,135,83,83,98,11,28,28,53,53,68,88,88,108,108,182,182,200,67,67,85,103,103,103,122,122,147,166,81,116,130,130,130],"floor_reached":33,"playtime":1757,"items_purged":["Strike_R"],"score":506,"play_id":"7ff77b44-ed1f-47d5-8d35-67b612576503","local_time":"20181109232851","is_ascension_mode":true,"campfire_choices":[{"data":"Flame Barrier","floor":8,"key":"SMITH"},{"data":"Barricade","floor":13,"key":"SMITH"},{"data":"Shrug It Off","floor":15,"key":"SMITH"},{"data":"Fiend Fire","floor":23,"key":"SMITH"},{"floor":32,"key":"DIG"}],"neow_cost":"NONE","seed_source_timestamp":350138990305746,"circlet_count":0,"master_deck":["AscendersBane","Strike_R","Strike_R","Strike_R","Strike_R","Defend_R","Defend_R","Defend_R","Defend_R","Bash+1","Shrug It Off","Disarm+1","Shrug It Off","Flame Barrier+1","Clothesline","Shrug It Off+1","Cleave","Barricade+1","Fiend Fire+1","Armaments+1","Warcry","RitualDagger"],"relics":["Burning Blood","Centennial Puzzle","Pen Nib","Busted Crown","PreservedInsect","Shovel","Mango","Du-Vu Doll","Happy Flower"],"potions_floor_usage":[21,22,22],"damage_taken":[{"damage":7,"enemies":"Jaw Worm","floor":1,"turns":3},{"damage":6,"enemies":"Small Slimes","floor":2,"turns":4},{"damage":4,"enemies":"Cultist","floor":5,"turns":4},{"damage":8,"enemies":"Exordium Thugs","floor":7,"turns":9},{"damage":3,"enemies":"Looter","floor":11,"turns":5},{"damage":7,"enemies":"3 Louse","floor":12,"turns":3},{"damage":1,"enemies":"Blue Slaver","floor":14,"turns":7},{"damage":12,"enemies":"The Guardian","floor":16,"turns":19},{"damage":0,"enemies":"Shell Parasite","floor":18,"turns":9},{"damage":1,"enemies":"3 Byrds","floor":21,"turns":3},{"damage":10,"enemies":"3 Cultists","floor":22,"turns":6},{"damage":11,"enemies":"Centurion and Healer","floor":25,"turns":6},{"damage":2,"enemies":"Gremlin Leader","floor":27,"turns":5},{"damage":0,"enemies":"Chosen and Byrds","floor":28,"turns":6},{"damage":22,"enemies":"Slavers","floor":30,"turns":7},{"damage":0,"enemies":"Snecko","floor":31,"turns":6},{"damage":116,"enemies":"Collector","floor":33,"turns":23}],"seed_played":"6130159785196353836","potions_obtained":[{"floor":5,"key":"Energy Potion"},{"floor":7,"key":"LiquidBronze"},{"floor":18,"key":"Block Potion"},{"floor":21,"key":"Energy Potion"},{"floor":30,"key":"GamblersBrew"}],"is_trial":false,"path_per_floor":["M","M","$","?","M","$","M","R","T","?","M","M","R","M","R","B",null,"M","$","?","M","M","R","?","M","T","E","M","?","E","M","R","B"],"character_chosen":"IRONCLAD","items_purchased":["Shrug It Off","Clothesline","Shrug It Off","Armaments"],"campfire_rested":0,"item_purchase_floors":[3,6,6,19],"current_hp_per_floor":[67,67,67,56,58,58,56,56,56,56,59,58,58,63,63,57,71,75,75,75,75,71,71,65,60,60,64,70,84,68,74,74,0],"gold":130,"neow_bonus":"UPGRADE_CARD","is_prod":false,"is_daily":false,"chose_seed":false,"campfire_upgraded":4,"win_rate":0,"timestamp":1541802531,"path_taken":["M","M","$","?","M","$","M","R","T","?","M","M","R","M","R","BOSS","M","$","?","M","?","R","?","M","T","E","M","?","E","M","R","BOSS"],"build_version":"2018-11-08","purchased_purges":1,"victory":false,"max_hp_per_floor":[75,75,75,75,75,75,75,75,75,75,75,75,75,75,75,75,75,75,75,75,75,75,75,75,75,75,75,75,89,89,89,89,89],"card_choices":[{"not_picked":["Infernal Blade","Hemokinesis"],"picked":"Shrug It Off","floor":1},{"not_picked":["Sword Boomerang","Reckless Charge"],"picked":"Disarm","floor":2},{"not_picked":["Flex","True Grit"],"picked":"Flame Barrier","floor":5},{"not_picked":["Wild Strike","Thunderclap"],"picked":"Cleave","floor":7},{"not_picked":["Clash","Shrug It Off"],"picked":"Barricade","floor":11},{"not_picked":["Twin Strike","Pommel Strike","Perfected Strike"],"picked":"SKIP","floor":12},{"not_picked":["Perfected Strike","Flex","Fire Breathing"],"picked":"SKIP","floor":14},{"not_picked":["Double Tap","Reaper"],"picked":"Fiend Fire","floor":16},{"not_picked":["Rampage"],"picked":"SKIP","floor":18},{"not_picked":[],"picked":"Warcry","floor":21},{"not_picked":["Iron Wave"],"picked":"SKIP","floor":22},{"not_picked":["Flex+1"],"picked":"SKIP","floor":25},{"not_picked":["Cleave+1"],"picked":"SKIP","floor":27},{"not_picked":["Cleave"],"picked":"SKIP","floor":28},{"not_picked":["Pommel Strike"],"picked":"SKIP","floor":30},{"not_picked":["Dual Wield"],"picked":"SKIP","floor":31}],"player_experience":321846,"relics_obtained":[{"floor":9,"key":"Pen Nib"},{"floor":26,"key":"PreservedInsect"},{"floor":27,"key":"Shovel"},{"floor":30,"key":"Du-Vu Doll"},{"floor":32,"key":"Happy Flower"}],"event_choices":[{"damage_healed":0,"gold_gain":0,"player_choice":"Success","damage_taken":11,"relics_obtained":["Centennial Puzzle"],"max_hp_gain":0,"max_hp_loss":0,"event_name":"Scrap Ooze","floor":4,"gold_loss":0},{"damage_healed":0,"gold_gain":0,"player_choice":"Upgraded","damage_taken":0,"max_hp_gain":0,"max_hp_loss":0,"event_name":"Upgrade Shrine","floor":10,"gold_loss":0,"cards_upgraded":["Disarm"]},{"damage_healed":0,"gold_gain":0,"player_choice":"Upgraded","damage_taken":0,"max_hp_gain":0,"max_hp_loss":0,"event_name":"Upgrade Shrine","floor":20,"gold_loss":0,"cards_upgraded":["Armaments"]},{"damage_healed":0,"gold_gain":0,"player_choice":"Joined the Cult","damage_taken":6,"max_hp_gain":0,"max_hp_loss":0,"event_name":"Nest","floor":24,"gold_loss":0,"cards_obtained":["RitualDagger"]},{"damage_healed":0,"gold_gain":0,"player_choice":"Obtained Relic","damage_taken":0,"relics_obtained":["Mango"],"max_hp_gain":0,"max_hp_loss":0,"event_name":"Addict","floor":29,"gold_loss":85}],"is_beta":false,"boss_relics":[{"not_picked":["Philosopher\u0027s Stone","Ectoplasm"],"picked":"Busted Crown"}],"items_purged_floors":[19],"is_endless":false,"potions_floor_spawned":[5,7,12,14,16,18,21,30],"killed_by":"Collector","ascension_level":16}