{"gold_per_floor":[113,113,123,123,134,134,11,27,107,125,159,159,170,201,201,201],"floor_reached":16,"playtime":520,"items_purged":[],"score":196,"play_id":"23e5aaa6-6817-484d-9a9e-e52b966fe57d","local_time":"20190308094842","is_ascension_mode":true,"campfire_choices":[{"data":"Bash","floor":6.0,"key":"SMITH"},{"floor":12.0,"key":"REST"},{"data":"Uppercut","floor":15,"key":"SMITH"}],"neow_cost":"PERCENT_DAMAGE","seed_source_timestamp":5015374713859,"circlet_count":0,"master_deck":["AscendersBane","Strike_R","Strike_R","Strike_R","Strike_R","Strike_R","Defend_R","Defend_R","Defend_R","Defend_R","Bash+1","Juggernaut","Whirlwind","Pommel Strike","Shrug It Off","Uppercut+1","Battle Trance","Shrug It Off","True Grit","Headbutt"],"special_seed":0,"relics":["Burning Blood","Strawberry","Letter Opener","Bronze Scales","Juzu Bracelet"],"potions_floor_usage":[14],"damage_taken":[{"damage":6.0,"enemies":"Cultist","floor":1.0,"turns":4.0},{"damage":9.0,"enemies":"2 Louse","floor":3.0,"turns":3.0},{"damage":7.0,"enemies":"Jaw Worm","floor":5.0,"turns":3.0},{"damage":5.0,"enemies":"2 Fungi Beasts","floor":8.0,"turns":4.0},{"damage":5.0,"enemies":"Red Slaver","floor":10.0,"turns":4.0},{"damage":42.0,"enemies":"Lagavulin","floor":11.0,"turns":8.0},{"damage":8,"enemies":"Looter","floor":13,"turns":2},{"damage":22,"enemies":"3 Sentries","floor":14,"turns":5},{"damage":27,"enemies":"Hexaghost","floor":16,"turns":9}],"seed_played":"-837547980142325881","potions_obtained":[{"floor":1.0,"key":"Strength Potion"},{"floor":8.0,"key":"FearPotion"}],"is_trial":false,"path_per_floor":["M","?","M","?","M","R","$","M","T","M","E","R","M","E","R","B"],"character_chosen":"IRONCLAD","items_purchased":["Shrug It Off","Uppercut"],"campfire_rested":1,"item_purchase_floors":[7,7],"current_hp_per_floor":[50,31,28,55,54,54,54,55,55,56,20,44,42,26,26,0],"gold":201,"neow_bonus":"THREE_RARE_CARDS","is_prod":false,"is_daily":false,"chose_seed":false,"campfire_upgraded":2,"win_rate":0,"timestamp":1552067322,"path_taken":["M","?","M","?","M","R","$","M","T","M","E","R","M","E","R","BOSS"],"build_version":"2019-01-23","purchased_purges":0,"victory":false,"max_hp_per_floor":[75,82,82,82,82,82,82,82,82,82,82,82,82,82,82,82],"card_choices":[{"not_picked":["Exhume","Brutality"],"picked":"Juggernaut","floor":0.0},{"not_picked":["Dual Wield","Sentinel","Warcry"],"picked":"SKIP","floor":1.0},{"not_picked":["Twin Strike","Sword Boomerang"],"picked":"Whirlwind","floor":3.0},{"not_picked":["Flex","Sword Boomerang"],"picked":"Pommel Strike","floor":5.0},{"not_picked":["Second Wind","Cleave"],"picked":"Battle Trance","floor":8.0},{"not_picked":["Sever Soul","Bloodletting"],"picked":"Shrug It Off","floor":10.0},{"not_picked":["Wild Strike","Bloodletting"],"picked":"True Grit","floor":11.0},{"not_picked":["Second Wind","Infernal Blade","Wild Strike"],"picked":"SKIP","floor":13},{"not_picked":["Wild Strike","Rampage"],"picked":"Headbutt","floor":14}],"player_experience":2328993,"relics_obtained":[{"floor":9.0,"key":"Letter Opener"},{"floor":11.0,"key":"Bronze Scales"},{"floor":14,"key":"Juzu Bracelet"}],"event_choices":[{"damage_healed":0.0,"max_hp_gain":0.0,"max_hp_loss":0.0,"gold_gain":0.0,"event_name":"Scrap Ooze","player_choice":"Success","floor":2.0,"gold_loss":0.0,"damage_taken":26.0,"relics_obtained":["Strawberry"]},{"damage_healed":27.0,"max_hp_gain":0.0,"max_hp_loss":0.0,"gold_gain":0.0,"event_name":"Big Fish","player_choice":"Banana","floor":4.0,"gold_loss":0.0,"damage_taken":0.0}],"is_beta":false,"boss_relics":[],"items_purged_floors":[],"is_endless":false,"potions_floor_spawned":[1,8],"killed_by":"Hexaghost","ascension_level":15}