{"gold_per_floor":[114,129,129,142,217,217,246,303,376,402,430,430,430,449,449,527,527,539,557,571,571,49,49,64,64,64,64,79,79,105,105,105,182,182,198,198,210,210,53,78,90,100,100,128,128,140,140,169,169,169,169,169,169,3,30,30],"floor_reached":57,"playtime":2104,"items_purged":["Strike_B"],"score":3386,"play_id":"c848c9db-3322-4ffb-9c80-90e60c4cff6a","local_time":"20181209134717","is_ascension_mode":true,"campfire_choices":[{"data":"Hyperbeam","floor":6.0,"key":"SMITH"},{"data":"Turbo","floor":12.0,"key":"SMITH"},{"data":"Hologram","floor":15.0,"key":"SMITH"},{"floor":23.0,"key":"REST"},{"data":"Go for the Eyes","floor":32.0,"key":"SMITH"},{"floor":45.0,"key":"RECALL"},{"floor":49.0,"key":"REST"},{"floor":53,"key":"REST"}],"neow_cost":"TEN_PERCENT_HP_LOSS","seed_source_timestamp":0,"circlet_count":0,"master_deck":["AscendersBane","Dualcast","Echo Form","Hyperbeam+1","Hologram+1","Turbo+1","Leap+1","Leap+1","Genetic Algorithm+1","Recycle+1","Reboot+1","BootSequence+1","Skim+1","Beam Cell+1","Go for the Eyes+1","Amplify+1","Chill+1","Core Surge","Madness+1","Madness+1","Double Energy+1","Loop+1","Glacier+1","Heatsinks+1","BootSequence+1"],"special_seed":0,"relics":["Cracked Core","WingedGreaves","Tiny Chest","Blue Candle","Toxic Egg 2","Centennial Puzzle","Empty Cage","Blood Vial","Lantern","Mummified Hand","Unceasing Top","Enchiridion","Dodecahedron","Fusion Hammer","Potion Belt","Bag of Marbles","Frozen Egg 2","Anchor","Dead Branch","Pen Nib"],"potions_floor_usage":[56,56,56],"damage_taken":[{"damage":0.0,"enemies":"Small Slimes","floor":1.0,"turns":1.0},{"damage":0.0,"enemies":"2 Louse","floor":2.0,"turns":1.0},{"damage":0.0,"enemies":"Cultist","floor":4.0,"turns":2.0},{"damage":0.0,"enemies":"Lagavulin","floor":7.0,"turns":5.0},{"damage":10.0,"enemies":"3 Sentries","floor":8.0,"turns":2.0},{"damage":0.0,"enemies":"Lagavulin","floor":10.0,"turns":3.0},{"damage":3.0,"enemies":"3 Sentries","floor":11.0,"turns":4.0},{"damage":11.0,"enemies":"Lots of Slimes","floor":14.0,"turns":3.0},{"damage":0.0,"enemies":"Slime Boss","floor":16.0,"turns":6.0},{"damage":6.0,"enemies":"Spheric Guardian","floor":18.0,"turns":4.0},{"damage":12.0,"enemies":"Chosen","floor":19.0,"turns":4.0},{"damage":0.0,"enemies":"3 Cultists","floor":20.0,"turns":3.0},{"damage":0.0,"enemies":"Centurion and Healer","floor":24.0,"turns":3.0},{"damage":0.0,"enemies":"Shelled Parasite and Fungi","floor":28.0,"turns":3.0},{"damage":0.0,"enemies":"Book of Stabbing","floor":30.0,"turns":3.0},{"damage":12.0,"enemies":"Champ","floor":33.0,"turns":7.0},{"damage":1.0,"enemies":"3 Shapes","floor":35.0,"turns":1.0},{"damage":1.0,"enemies":"3 Darklings","floor":37.0,"turns":2.0},{"damage":1.0,"enemies":"Reptomancer","floor":40.0,"turns":2.0},{"damage":0.0,"enemies":"Spire Growth","floor":41.0,"turns":3.0},{"damage":1.0,"enemies":"Writhing Mass","floor":42.0,"turns":2.0},{"damage":1.0,"enemies":"Nemesis","floor":44.0,"turns":3.0},{"damage":0.0,"enemies":"Jaw Worm Horde","floor":46.0,"turns":1.0},{"damage":1.0,"enemies":"Giant Head","floor":48.0,"turns":1.0},{"damage":18.0,"enemies":"Time Eater","floor":50.0,"turns":6.0},{"damage":0,"enemies":"Donu and Deca","floor":51,"turns":6},{"damage":4,"enemies":"Shield and Spear","floor":55,"turns":2},{"damage":27,"enemies":"The Heart","floor":56,"turns":8}],"seed_played":"-6486288179274705409","potions_obtained":[{"floor":2.0,"key":"Swift Potion"},{"floor":4.0,"key":"EssenceOfSteel"},{"floor":8.0,"key":"FearPotion"},{"floor":11.0,"key":"FearPotion"},{"floor":20.0,"key":"Fruit Juice"},{"floor":24.0,"key":"Fruit Juice"},{"floor":28.0,"key":"FearPotion"},{"floor":40.0,"key":"SteroidPotion"},{"floor":42.0,"key":"SmokeBomb"},{"floor":48.0,"key":"Weak Potion"}],"is_trial":false,"path_per_floor":["M","M","?","M","?","R","E","E","T","E","E","R","?","M","R","B",null,"M","M","M","T","$","R","M","?","T","?","M","?","E","?","R","B",null,"M","?","M","T","$","E","M","M","T","E","R","M","?","E","R","B","B",null,"R","$","E","B",null],"character_chosen":"DEFECT","items_purchased":["Lantern","Mummified Hand","Potion Belt","Glacier+1","Heatsinks+1"],"campfire_rested":3,"item_purchase_floors":[22,22,39,54,54],"current_hp_per_floor":[64,64,57,57,46,46,46,36,36,36,33,33,33,22,22,22,54,48,36,41,41,41,61,68,68,68,68,70,49,51,51,51,41,66,67,54,55,55,55,56,58,59,59,60,60,62,62,63,74,56,58,70,74,74,70,45],"gold":30,"neow_bonus":"TRANSFORM_TWO_CARDS","is_prod":false,"is_daily":false,"chose_seed":true,"campfire_upgraded":4,"win_rate":0,"timestamp":1544334437,"path_taken":["M","M","?","M","?","R","E","E","T","E","E","R","?","?","R","BOSS","M","M","?","?","$","R","?","?","T","?","M","?","E","?","R","BOSS","M","?","M","?","$","E","M","M","T","E","R","M","?","E","R","BOSS","BOSS","R","$","E","BOSS"],"build_version":"2018-12-06","purchased_purges":1,"victory":true,"max_hp_per_floor":[64,64,64,64,64,64,64,64,64,64,64,64,64,64,64,64,64,64,64,69,69,69,69,74,74,74,74,74,74,74,74,74,74,74,74,74,74,74,74,74,74,74,74,74,74,74,74,74,74,74,74,74,74,74,74,74],"card_choices":[{"not_picked":["Darkness","Glacier"],"picked":"Hologram","floor":1.0},{"not_picked":["Ball Lightning","Force Field"],"picked":"Turbo","floor":2.0},{"not_picked":["Hologram","Glacier","Leap"],"picked":"SKIP","floor":4.0},{"not_picked":["Hologram","Glacier"],"picked":"Leap","floor":4.0},{"not_picked":["Skim","Leap","Sweeping Beam"],"picked":"SKIP","floor":7.0},{"not_picked":["Gash","Storm","Redo"],"picked":"SKIP","floor":8.0},{"not_picked":["Storm","Biased Cognition"],"picked":"Leap","floor":10.0},{"not_picked":["Chaos+1","Stack+1"],"picked":"Genetic Algorithm+1","floor":11.0},{"not_picked":["Doom and Gloom","Storm"],"picked":"Recycle+1","floor":14.0},{"not_picked":["Core Surge","Biased Cognition"],"picked":"Reboot+1","floor":16.0},{"not_picked":["Redo+1","Double Energy+1"],"picked":"BootSequence+1","floor":18.0},{"not_picked":["Coolheaded+1","Gash"],"picked":"Skim+1","floor":19.0},{"not_picked":["Cold Snap","Genetic Algorithm+1","Consume+1"],"picked":"SKIP","floor":20.0},{"not_picked":["Barrage","Hello World"],"picked":"Beam Cell+1","floor":24.0},{"not_picked":["Recycle+1","Go for the Eyes","Sweeping Beam"],"picked":"SKIP","floor":28.0},{"not_picked":["Recycle+1","Go for the Eyes","Sweeping Beam"],"picked":"SKIP","floor":28.0},{"not_picked":["Recycle+1","Sweeping Beam"],"picked":"Go for the Eyes","floor":28.0},{"not_picked":["Hologram+1","Lockon","Coolheaded+1"],"picked":"SKIP","floor":30.0},{"not_picked":["Multi-Cast+1","Hyperbeam"],"picked":"Core Surge","floor":33.0},{"not_picked":["Streamline","Barrage","Gash"],"picked":"SKIP","floor":35.0},{"not_picked":["Leap+1","Blizzard"],"picked":"Double Energy+1","floor":37.0},{"not_picked":["Sweeping Beam","Force Field+1","Hologram+1"],"picked":"SKIP","floor":40.0},{"not_picked":["Reinforced Body+1","Defragment"],"picked":"Loop+1","floor":41.0},{"not_picked":["Gash","Cold Snap","Heatsinks"],"picked":"SKIP","floor":42.0},{"not_picked":["FTL","Machine Learning+1","Static Discharge+1"],"picked":"SKIP","floor":44.0},{"not_picked":["Gash","Static Discharge+1","Rebound"],"picked":"SKIP","floor":46.0},{"not_picked":["Rebound","Cold Snap","Barrage"],"picked":"SKIP","floor":48.0},{"not_picked":["Steam+1","Turbo+1"],"picked":"BootSequence+1","floor":55}],"player_experience":2332595,"relics_obtained":[{"floor":7.0,"key":"WingedGreaves"},{"floor":8.0,"key":"Tiny Chest"},{"floor":9.0,"key":"Blue Candle"},{"floor":10.0,"key":"Toxic Egg 2"},{"floor":11.0,"key":"Centennial Puzzle"},{"floor":21.0,"key":"Blood Vial"},{"floor":26.0,"key":"Unceasing Top"},{"floor":29.0,"key":"Enchiridion"},{"floor":30.0,"key":"Dodecahedron"},{"floor":40.0,"key":"Bag of Marbles"},{"floor":43.0,"key":"Frozen Egg 2"},{"floor":44.0,"key":"Anchor"},{"floor":48.0,"key":"Dead Branch"},{"floor":55,"key":"Pen Nib"}],"event_choices":[{"cards_removed":["Strike_B"],"damage_healed":0.0,"max_hp_gain":0.0,"max_hp_loss":0.0,"gold_gain":0.0,"event_name":"Golden Wing","player_choice":"Card Removal","floor":3.0,"gold_loss":0.0,"damage_taken":7.0},{"damage_healed":0.0,"max_hp_gain":0.0,"max_hp_loss":0.0,"gold_gain":75.0,"event_name":"World of Goop","player_choice":"Gather Gold","floor":5.0,"gold_loss":0.0,"damage_taken":11.0},{"damage_healed":0.0,"max_hp_gain":0.0,"max_hp_loss":0.0,"gold_gain":0.0,"event_name":"Accursed Blacksmith","player_choice":"Forge","floor":13.0,"gold_loss":0.0,"damage_taken":0.0,"cards_upgraded":["Leap"]},{"cards_removed":["Defend_B"],"damage_healed":0.0,"max_hp_gain":0.0,"max_hp_loss":0.0,"gold_gain":0.0,"event_name":"Back to Basics","player_choice":"Elegance","floor":25.0,"gold_loss":0.0,"damage_taken":0.0},{"damage_healed":0.0,"max_hp_gain":0.0,"max_hp_loss":0.0,"gold_gain":0.0,"event_name":"Beggar","player_choice":"Ignored","floor":27.0,"gold_loss":0.0,"damage_taken":0.0},{"damage_healed":0.0,"max_hp_gain":0.0,"max_hp_loss":0.0,"gold_gain":0.0,"event_name":"Cursed Tome","player_choice":"Obtained Book","floor":29.0,"gold_loss":0.0,"damage_taken":21.0},{"damage_healed":0.0,"max_hp_gain":0.0,"max_hp_loss":0.0,"gold_gain":0.0,"cards_transformed":["Defend_B","Strike_B"],"event_name":"Drug Dealer","player_choice":"Became Test Subject","floor":31.0,"gold_loss":0.0,"damage_taken":0.0,"cards_obtained":["Amplify","Chill"]},{"damage_healed":0.0,"max_hp_gain":0.0,"max_hp_loss":0.0,"gold_gain":0.0,"event_name":"Winding Halls","player_choice":"Embrace Madness","floor":36.0,"gold_loss":0.0,"damage_taken":13.0,"cards_obtained":["Madness","Madness"]},{"damage_healed":0.0,"max_hp_gain":0.0,"max_hp_loss":0.0,"gold_gain":0.0,"event_name":"Tomb of Lord Red Mask","player_choice":"Ignored","floor":47.0,"gold_loss":0.0,"damage_taken":0.0}],"is_beta":false,"boss_relics":[{"not_picked":["FrozenCore","White Beast Statue"],"picked":"Empty Cage"},{"not_picked":["Philosopher\u0027s Stone","Eternal Feather"],"picked":"Fusion Hammer"}],"items_purged_floors":[22],"is_endless":false,"potions_floor_spawned":[2,4,8,11,20,24,28,33,40,42,44,48],"ascension_level":20}