{"gold_per_floor":[113,113,130,130,147,174,186,200,254,264,275,305,380,380,380,380],"floor_reached":16,"playtime":493,"items_purged":[],"score":145,"play_id":"cd59137e-a7d8-4052-9881-38500ec59aeb","local_time":"25610722124322","is_ascension_mode":true,"campfire_choices":[{"floor":15,"key":"REST"}],"neow_cost":"NONE","seed_source_timestamp":10543884440701,"circlet_count":0,"master_deck":["Strike_R","Strike_R","Strike_R","Strike_R","Strike_R","Defend_R","Defend_R","Defend_R","Defend_R","Bash","Pommel Strike","Armaments","Clash","Thunderclap"],"relics":["Burning Blood","Potion Belt","Matryoshka","Mummified Hand","Regal Pillow","Juzu Bracelet"],"potions_floor_usage":[1,5,5,6,6,12,12,14],"damage_taken":[{"damage":11,"enemies":"2 Louse","floor":1,"turns":3},{"damage":17,"enemies":"Small Slimes","floor":3,"turns":4},{"damage":7,"enemies":"Jaw Worm","floor":5,"turns":2},{"damage":37,"enemies":"Gremlin Nob","floor":6,"turns":6},{"damage":11,"enemies":"3 Louse","floor":7,"turns":2},{"damage":2,"enemies":"2 Fungi Beasts","floor":8,"turns":3},{"damage":2,"enemies":"Looter","floor":10,"turns":3},{"damage":4,"enemies":"Exordium Wildlife","floor":11,"turns":3},{"damage":37,"enemies":"3 Sentries","floor":12,"turns":10},{"damage":0,"enemies":"3 Louse","floor":14,"turns":1},{"damage":54,"enemies":"The Guardian","floor":16,"turns":8}],"seed_played":"6655940134385090572","potions_obtained":[{"floor":3,"key":"FearPotion"},{"floor":5,"key":"Dexterity Potion"},{"floor":8,"key":"Energy Potion"},{"floor":11,"key":"Fruit Juice"},{"floor":12,"key":"SmokeBomb"}],"is_trial":false,"path_per_floor":["M","?","M","?","M","E","M","M","T","M","M","E","?","M","R"],"character_chosen":"IRONCLAD","items_purchased":[],"campfire_rested":1,"item_purchase_floors":[],"current_hp_per_floor":[80,80,69,62,69,38,33,37,37,41,43,17,6,12,54,0],"gold":380,"neow_bonus":"THREE_SMALL_POTIONS","is_prod":false,"is_daily":false,"chose_seed":false,"campfire_upgraded":0,"win_rate":0,"timestamp":1532238202,"path_taken":["M","?","M","?","M","E","M","M","T","M","M","E","?","M","R","BOSS"],"build_version":"2018-07-19v2","purchased_purges":0,"victory":false,"max_hp_per_floor":[85,85,85,85,85,85,85,85,85,85,85,90,90,90,90,90],"card_choices":[{"not_picked":["Body Slam","Iron Wave"],"picked":"Pommel Strike","floor":1},{"not_picked":["Bloodletting","Anger","Perfected Strike"],"picked":"SKIP","floor":3},{"not_picked":["Dual Wield","Perfected Strike"],"picked":"Armaments","floor":5},{"not_picked":["Burning Pact","Limit Break"],"picked":"Clash","floor":6},{"not_picked":["Uppercut","Feel No Pain","Entrench"],"picked":"SKIP","floor":7},{"not_picked":["Shrug It Off","Intimidate","Battle Trance"],"picked":"SKIP","floor":8},{"not_picked":["Intimidate","Warcry","Iron Wave"],"picked":"SKIP","floor":10},{"not_picked":["Bloodletting","Dual Wield"],"picked":"Thunderclap","floor":11},{"not_picked":["Armaments","Evolve","Dropkick"],"picked":"SKIP","floor":12}],"player_experience":112897,"relics_obtained":[{"floor":6,"key":"Matryoshka"},{"floor":9,"key":"Mummified Hand"},{"floor":9,"key":"Regal Pillow"},{"floor":12,"key":"Juzu Bracelet"}],"event_choices":[{"event_name":"Big Fish","player_choice":"Box","floor":2,"damage_taken":0},{"event_name":"Golden Wing","player_choice":"Card Removal","floor":4,"damage_taken":0},{"event_name":"World of Goop","player_choice":"Gather Gold","floor":13,"damage_taken":0}],"is_beta":false,"boss_relics":[],"items_purged_floors":[],"is_endless":false,"potions_floor_spawned":[3,5,8,11,12],"killed_by":"The Guardian","ascension_level":5}