{"gold_per_floor":[113,132,146,321,333,368,368,38,84,100,100,0,20,46,46,143,143,154,154,29,55,67,67],"floor_reached":23,"playtime":1594,"items_purged":["Doubt","Strike_R","Strike_R"],"score":201,"play_id":"d6108086-afb0-4d1a-8e43-1f9dcaaaf202","local_time":"20190322004647","is_ascension_mode":false,"campfire_choices":[{"data":"Shrug It Off","floor":7,"key":"SMITH"},{"data":"Rage","floor":11,"key":"SMITH"},{"floor":15,"key":"REST"}],"neow_cost":"NONE","seed_source_timestamp":576143985593200,"circlet_count":0,"master_deck":["Strike_R","Strike_R","Strike_R","Defend_R","Defend_R","Defend_R","Defend_R+1","Bash","Cleave","Perfected Strike","Iron Wave","Shrug It Off+1","Battle Trance+1","Twin Strike","Rage+1","Juggernaut","Reaper","Shrug It Off+1","Power Through+1"],"relics":["Burning Blood","NeowsBlessing","Mercury Hourglass","ClockworkSouvenir","Omamori","War Paint","Black Star","Bag of Marbles"],"potions_floor_usage":[14,14,14,23],"damage_taken":[{"damage":0,"enemies":"2 Louse","floor":1,"turns":1},{"damage":0,"enemies":"Cultist","floor":2,"turns":1},{"damage":0,"enemies":"Jaw Worm","floor":3,"turns":1},{"damage":13,"enemies":"Exordium Wildlife","floor":5,"turns":4},{"damage":32,"enemies":"Gremlin Nob","floor":6,"turns":5},{"damage":1,"enemies":"2 Fungi Beasts","floor":10,"turns":2},{"damage":0,"enemies":"Blue Slaver","floor":13,"turns":3},{"damage":21,"enemies":"Lagavulin","floor":14,"turns":4},{"damage":30,"enemies":"Hexaghost","floor":16,"turns":10},{"damage":21,"enemies":"Shell Parasite","floor":18,"turns":9},{"damage":9,"enemies":"3 Byrds","floor":22,"turns":4},{"damage":72,"enemies":"Book of Stabbing","floor":23,"turns":8}],"seed_played":"-6129826710639149074","potions_obtained":[{"floor":2,"key":"Strength Potion"},{"floor":5,"key":"SteroidPotion"},{"floor":6,"key":"PowerPotion"},{"floor":16,"key":"Energy Potion"}],"is_trial":false,"path_per_floor":["M","M","M","?","M","E","R","$","T","M","R","$","M","E","R","B",null,"M","?","$","T","M","E"],"character_chosen":"IRONCLAD","items_purchased":["ClockworkSouvenir","Twin Strike"],"campfire_rested":1,"item_purchase_floors":[8,8],"current_hp_per_floor":[80,80,80,80,73,47,47,47,47,52,52,52,58,43,67,43,80,65,65,65,65,68,0],"gold":67,"neow_bonus":"THREE_ENEMY_KILL","is_prod":false,"is_daily":false,"chose_seed":false,"campfire_upgraded":2,"win_rate":0.0,"timestamp":1553208407,"path_taken":["M","M","M","?","M","E","R","$","T","M","R","$","M","E","R","BOSS","M","?","$","?","M","E"],"build_version":"2019-01-23","purchased_purges":3,"victory":false,"max_hp_per_floor":[80,80,80,80,80,80,80,80,80,80,80,80,80,80,80,80,80,80,80,80,80,80,80],"card_choices":[{"not_picked":["Clothesline","Reckless Charge"],"picked":"Cleave","floor":1},{"not_picked":["Clothesline","Armaments"],"picked":"Perfected Strike","floor":2},{"not_picked":["Infernal Blade","Flex"],"picked":"Iron Wave","floor":3},{"not_picked":["Sword Boomerang","Blood for Blood"],"picked":"Shrug It Off","floor":5},{"not_picked":["Heavy Blade","Clothesline"],"picked":"Battle Trance","floor":6},{"not_picked":["Hemokinesis","Body Slam"],"picked":"Rage","floor":10},{"not_picked":["Combust","Armaments","Pommel Strike"],"picked":"SKIP","floor":13},{"not_picked":["Clash","True Grit"],"picked":"Juggernaut","floor":14},{"not_picked":["Berserk","Impervious"],"picked":"Reaper","floor":16},{"not_picked":["Pummel+1","Heavy Blade","Clash"],"picked":"SKIP","floor":18},{"not_picked":["Rupture","Hemokinesis"],"picked":"Power Through+1","floor":22}],"player_experience":12890,"relics_obtained":[{"floor":6,"key":"Mercury Hourglass"},{"floor":9,"key":"Omamori"},{"floor":14,"key":"War Paint"},{"floor":21,"key":"Bag of Marbles"}],"event_choices":[{"damage_healed":0,"gold_gain":175,"player_choice":"AGREE","damage_taken":0,"max_hp_gain":0,"max_hp_loss":0,"event_name":"Liars Game","floor":4,"gold_loss":0,"cards_obtained":["Doubt"]},{"damage_healed":0,"gold_gain":0,"player_choice":"Copied","damage_taken":0,"max_hp_gain":0,"max_hp_loss":0,"event_name":"Duplicator","floor":19,"gold_loss":0,"cards_obtained":["Shrug It Off"]}],"is_beta":false,"boss_relics":[{"not_picked":["Busted Crown","Eternal Feather"],"picked":"Black Star"}],"items_purged_floors":[8,12,20],"is_endless":false,"potions_floor_spawned":[2,5,6,16],"killed_by":"Book of Stabbing","ascension_level":0}