{"gold_per_floor":[113,188,188,207,207,207,239,258,336,336,336],"floor_reached":11,"playtime":186,"items_purged":[],"score":89,"play_id":"9a76a13e-aedc-495c-b93a-6b31ab57fd9e","local_time":"25610720212746","is_ascension_mode":true,"campfire_choices":[{"data":"Bash","floor":6,"key":"SMITH"}],"neow_cost":"NONE","seed_source_timestamp":37424712372067,"circlet_count":0,"master_deck":["Strike_R","Strike_R","Strike_R+1","Defend_R","Defend_R","Defend_R","Defend_R+1","Bash+1","Flex","Thunderclap","Whirlwind","Carnage"],"relics":["Burning Blood","Ancient Tea Set","Omamori","Ornamental Fan"],"potions_floor_usage":[7,7],"damage_taken":[{"damage":14,"enemies":"Jaw Worm","floor":1,"turns":3},{"damage":0,"enemies":"Small Slimes","floor":4,"turns":3},{"damage":34,"enemies":"Lagavulin","floor":7,"turns":6},{"damage":0,"enemies":"Cultist","floor":8,"turns":3},{"damage":13,"enemies":"Large Slime","floor":11,"turns":3}],"seed_played":"-564834415363133481","potions_obtained":[{"floor":1,"key":"LiquidBronze"},{"floor":4,"key":"LiquidBronze"},{"floor":8,"key":"Poison Potion"}],"is_trial":false,"path_per_floor":["M","?","?","M","?","R","E","M","T","?"],"character_chosen":"IRONCLAD","items_purchased":[],"campfire_rested":0,"item_purchase_floors":[],"current_hp_per_floor":[72,61,45,51,44,44,16,22,22,22,9],"gold":336,"neow_bonus":"RANDOM_COMMON_RELIC","is_prod":false,"is_daily":false,"chose_seed":false,"campfire_upgraded":1,"win_rate":0,"timestamp":1532096866,"path_taken":["M","?","?","M","?","R","E","M","T","?","M"],"build_version":"2018-07-19v2","purchased_purges":0,"victory":false,"max_hp_per_floor":[80,80,80,80,80,80,80,80,80,80,80],"card_choices":[{"not_picked":["Disarm","Power Through"],"picked":"Flex","floor":1},{"not_picked":["Iron Wave","Flex"],"picked":"Thunderclap","floor":4},{"not_picked":["Spot Weakness","Wild Strike"],"picked":"Whirlwind","floor":7},{"not_picked":["Pommel Strike","Combust","Clash"],"picked":"SKIP","floor":8}],"player_experience":108176,"relics_obtained":[{"floor":7,"key":"Omamori"},{"floor":9,"key":"Ornamental Fan"}],"event_choices":[{"event_name":"World of Goop","player_choice":"Gather Gold","floor":2,"damage_taken":0},{"event_name":"Shining Light","player_choice":"Entered Light","floor":3,"damage_taken":0},{"event_name":"Golden Wing","player_choice":"Card Removal","floor":5,"damage_taken":0},{"event_name":"Transmorgrifier","player_choice":"Transform","floor":10,"damage_taken":0}],"is_beta":false,"boss_relics":[],"items_purged_floors":[],"is_endless":false,"potions_floor_spawned":[1,4,8],"killed_by":"Large Slime","ascension_level":5}