{"gold_per_floor":[115,130,144,160,175,175,191,205,205,205,224,241,241,252,252,356,356,369,383,383,383,399,425,131,131,199,216,216,230,230,230,230,331,331,341,341,341,354,354,354,387,407,434,434,451,451,469,484,484,484],"floor_reached":50,"playtime":1195,"items_purged":["Defend_R"],"score":567,"play_id":"0396e10a-f76a-492b-9e08-9b3f65a4a306","local_time":"20190110011039","is_ascension_mode":false,"campfire_choices":[{"data":"Whirlwind","floor":6,"key":"SMITH"},{"data":"Perfected Strike","floor":13,"key":"SMITH"},{"data":"Perfected Strike","floor":15,"key":"SMITH"},{"data":"Apotheosis","floor":25,"key":"SMITH"},{"floor":28,"key":"REST"},{"floor":30,"key":"REST"},{"data":"Fiend Fire","floor":32,"key":"SMITH"},{"data":"Perfected Strike","floor":40,"key":"SMITH"},{"data":"Perfected Strike","floor":44,"key":"SMITH"},{"floor":49,"key":"REST"}],"neow_cost":"NONE","seed_source_timestamp":14712561835798,"circlet_count":0,"master_deck":["Strike_R","Strike_R","Strike_R","Strike_R","Strike_R","Defend_R","Bash","Perfected Strike+1","Pommel Strike","Whirlwind+1","Wild Strike","Pommel Strike","Perfected Strike+1","Offering","Perfected Strike+1","Double Tap","Perfected Strike+1","Apotheosis+1","Fiend Fire+1","Reaper","Metallicize+1","Dark Shackles","Shrug It Off+1","Carnage+1","Havoc+1"],"relics":["Velvet Choker","CultistMask","Boot"],"potions_floor_usage":[22,23,23,33,35,41,42,47],"damage_taken":[{"damage":1,"enemies":"Cultist","floor":1,"turns":3},{"damage":1,"enemies":"Jaw Worm","floor":2,"turns":2},{"damage":0,"enemies":"2 Louse","floor":3,"turns":2},{"damage":4,"enemies":"Blue Slaver","floor":4,"turns":3},{"damage":8,"enemies":"Red Slaver","floor":5,"turns":2},{"damage":9,"enemies":"3 Louse","floor":7,"turns":2},{"damage":0,"enemies":"Looter","floor":8,"turns":2},{"damage":0,"enemies":"Gremlin Gang","floor":11,"turns":1},{"damage":16,"enemies":"Large Slime","floor":12,"turns":2},{"damage":5,"enemies":"Exordium Thugs","floor":14,"turns":2},{"damage":0,"enemies":"Slime Boss","floor":16,"turns":5},{"damage":5,"enemies":"Spheric Guardian","floor":18,"turns":3},{"damage":11,"enemies":"Chosen","floor":19,"turns":2},{"damage":18,"enemies":"Colosseum Slavers","floor":21,"turns":2},{"damage":16,"enemies":"Centurion and Healer","floor":22,"turns":3},{"damage":20,"enemies":"Book of Stabbing","floor":23,"turns":2},{"damage":16,"enemies":"Shelled Parasite and Fungi","floor":27,"turns":3},{"damage":10,"enemies":"Cultist and Chosen","floor":29,"turns":3},{"damage":52,"enemies":"Automaton","floor":33,"turns":5},{"damage":13,"enemies":"3 Darklings","floor":35,"turns":6},{"damage":10,"enemies":"Orb Walker","floor":38,"turns":3},{"damage":19,"enemies":"Reptomancer","floor":41,"turns":3},{"damage":11,"enemies":"Jaw Worm Horde","floor":42,"turns":2},{"damage":0,"enemies":"Spire Growth","floor":45,"turns":2},{"damage":21,"enemies":"Writhing Mass","floor":47,"turns":3},{"damage":26,"enemies":"4 Shapes","floor":48,"turns":4},{"damage":57,"enemies":"Time Eater","floor":50,"turns":7}],"seed_played":"-1593553678294753976","potions_obtained":[{"floor":3,"key":"Swift Potion"},{"floor":4,"key":"Weak Potion"},{"floor":8,"key":"Regen Potion"},{"floor":12,"key":"LiquidBronze"},{"floor":23,"key":"Explosive Potion"},{"floor":29,"key":"Block Potion"},{"floor":35,"key":"Energy Potion"},{"floor":45,"key":"SkillPotion"}],"is_trial":false,"path_per_floor":["M","M","M","M","M","R","M","M","T","?","M","M","R","M","R","B",null,"M","M","?","?","M","E","$","R","T","M","R","M","R","?","R","B",null,"M","?","?","M","?","R","E","M","T","R","M","?","M","M","R","B"],"character_chosen":"IRONCLAD","items_purchased":["Apotheosis","PowerPotion"],"campfire_rested":3,"item_purchase_floors":[24,24],"current_hp_per_floor":[79,78,78,74,66,66,57,57,57,57,57,41,41,36,36,36,80,75,64,64,46,39,19,19,19,19,3,27,17,41,67,67,15,80,67,67,67,61,61,61,67,56,56,56,56,56,35,25,49,0],"gold":484,"neow_bonus":"BOSS_RELIC","is_prod":false,"is_daily":false,"chose_seed":false,"campfire_upgraded":7,"win_rate":0,"timestamp":1547079039,"path_taken":["M","M","M","M","?","R","M","M","T","?","?","M","R","M","R","BOSS","M","M","?","?","M","E","?","R","T","?","R","M","R","?","R","BOSS","M","?","?","M","?","R","E","M","T","R","?","?","?","M","R","BOSS"],"build_version":"2019-01-03v4","purchased_purges":1,"victory":false,"max_hp_per_floor":[80,80,80,80,80,80,80,80,80,80,80,80,80,80,80,80,80,80,80,80,80,80,80,80,80,80,80,80,80,80,80,80,80,80,80,80,80,80,80,80,80,80,80,80,80,80,80,80,80,80],"card_choices":[{"not_picked":["Whirlwind","Armaments"],"picked":"Perfected Strike","floor":1},{"not_picked":["Heavy Blade","Havoc"],"picked":"Pommel Strike","floor":2},{"not_picked":["Flex","Demon Form"],"picked":"Whirlwind","floor":3},{"not_picked":["Sentinel","Cleave"],"picked":"Wild Strike","floor":4},{"not_picked":["Iron Wave","Burning Pact","Anger"],"picked":"SKIP","floor":5},{"not_picked":["Blood for Blood","Burning Pact","Flex"],"picked":"SKIP","floor":7},{"not_picked":["Seeing Red","Shrug It Off"],"picked":"Pommel Strike","floor":8},{"not_picked":["Shrug It Off","Clash","Ghostly Armor"],"picked":"SKIP","floor":11},{"not_picked":["Body Slam","Iron Wave"],"picked":"Perfected Strike","floor":12},{"not_picked":["Clothesline","Ghostly Armor","Intimidate"],"picked":"SKIP","floor":14},{"not_picked":["Bludgeon","Barricade"],"picked":"Offering","floor":16},{"not_picked":["True Grit+1","Pommel Strike+1"],"picked":"Perfected Strike","floor":18},{"not_picked":["Dropkick","Armaments","Thunderclap"],"picked":"SKIP","floor":19},{"not_picked":["Searing Blow","Clash"],"picked":"Double Tap","floor":22},{"not_picked":["Anger","Iron Wave"],"picked":"Perfected Strike","floor":23},{"not_picked":["Seeing Red","Anger+1"],"picked":"Fiend Fire","floor":27},{"not_picked":["Shrug It Off","Body Slam","Clothesline"],"picked":"SKIP","floor":29},{"not_picked":["Bludgeon","Limit Break"],"picked":"Reaper","floor":33},{"not_picked":["Clothesline+1","Body Slam"],"picked":"Metallicize+1","floor":35},{"not_picked":["Madness","Bandage Up"],"picked":"Dark Shackles","floor":36},{"not_picked":["Corruption","Armaments+1"],"picked":"Shrug It Off+1","floor":38},{"not_picked":["Wild Strike","Entrench"],"picked":"Carnage+1","floor":41},{"not_picked":["Uppercut","Corruption+1","Heavy Blade+1"],"picked":"SKIP","floor":42},{"not_picked":["Sword Boomerang","Spot Weakness","Limit Break"],"picked":"SKIP","floor":45},{"not_picked":["Entrench","Burning Pact+1","Metallicize+1"],"picked":"SKIP","floor":47},{"not_picked":["Headbutt","Spot Weakness+1"],"picked":"Havoc+1","floor":48}],"player_experience":431266,"relics_obtained":[{"floor":41,"key":"Boot"}],"event_choices":[{"cards_removed":["Defend_R"],"damage_healed":0,"gold_gain":0,"player_choice":"Purged","damage_taken":0,"max_hp_gain":0,"max_hp_loss":0,"event_name":"Purifier","floor":10,"gold_loss":0},{"damage_healed":0,"gold_gain":0,"player_choice":"Ignored","damage_taken":0,"max_hp_gain":0,"max_hp_loss":0,"event_name":"The Mausoleum","floor":20,"gold_loss":0},{"damage_healed":0,"gold_gain":0,"player_choice":"Fight","damage_taken":0,"max_hp_gain":0,"max_hp_loss":0,"event_name":"Colosseum","floor":21,"gold_loss":0},{"damage_healed":0,"gold_gain":0,"player_choice":"Fled From Nobs","damage_taken":0,"max_hp_gain":0,"max_hp_loss":0,"event_name":"Colosseum","floor":21,"gold_loss":0},{"damage_healed":26,"gold_gain":0,"player_choice":"Heal","damage_taken":0,"max_hp_gain":0,"max_hp_loss":0,"event_name":"The Library","floor":31,"gold_loss":0},{"damage_healed":0,"gold_gain":0,"player_choice":"Memory 1","damage_taken":0,"max_hp_gain":0,"max_hp_loss":0,"event_name":"SensoryStone","floor":36,"gold_loss":0},{"damage_healed":0,"gold_gain":0,"player_choice":"Ignored","damage_taken":0,"max_hp_gain":0,"max_hp_loss":0,"event_name":"Mysterious Sphere","floor":37,"gold_loss":0},{"damage_healed":0,"gold_gain":0,"player_choice":"Trade","damage_taken":0,"relics_obtained":["CultistMask"],"max_hp_gain":0,"max_hp_loss":0,"event_name":"FaceTrader","floor":39,"gold_loss":0},{"cards_removed":["Defend_R"],"damage_healed":0,"gold_gain":0,"player_choice":"Purged","damage_taken":0,"max_hp_gain":0,"max_hp_loss":0,"event_name":"Purifier","floor":46,"gold_loss":0}],"is_beta":false,"boss_relics":[{"not_picked":["Sozu","Tiny House","Mark of Pain"]},{"not_picked":["Cursed Key","Busted Crown","Empty Cage"]}],"items_purged_floors":[24],"is_endless":false,"potions_floor_spawned":[3,4,8,12,14,18,23,29,35,45],"killed_by":"Time Eater","ascension_level":0}