{"gold_per_floor":[114,181,196,196,15,53,53,91,91,129,148,186,186,39,39,164,164,183,202,221,21,146,184,184,222,247,285,285,304,323,361,361,486,486,505,524,524,524,26,64,83,121,171,209,228,228,228,266,266,266],"floor_reached":51,"playtime":1512,"items_purged":[],"score":1144,"play_id":"556c26a0-6097-484b-a459-7631fb53bb6f","local_time":"25620302155826","daily_mods":["Draft","Time Dilation","Elite Swarm"],"is_ascension_mode":false,"campfire_choices":[{"data":"Apotheosis","floor":7.0,"key":"SMITH"},{"data":"Accuracy","floor":15.0,"key":"SMITH"},{"data":"Phantasmal Killer","floor":24.0,"key":"SMITH"},{"data":"Storm of Steel","floor":28.0,"key":"SMITH"},{"data":"Doppelganger","floor":32.0,"key":"SMITH"},{"data":"Metamorphosis","floor":49,"key":"SMITH"}],"neow_cost":"","seed_source_timestamp":15106306569542,"circlet_count":0,"master_deck":["Predator","Heel Hook","Well Laid Plans","Quick Slash","Deflect","Backstab","Backstab+1","Choke","Flying Knee","Slice","Blade Dance+1","Deflect","Blade Dance","PiercingWail","Outmaneuver","Sucker Punch","Injury","Apotheosis+1","Glass Knife","Die Die Die+1","Storm of Steel+1","Accuracy+1","Doppelganger+1","Leg Sweep","Accuracy","A Thousand Cuts","Acrobatics","Footwork","Phantasmal Killer+1","Wraith Form v2","Pain","Concentrate","Adrenaline","Burst","Blade Dance+1","PiercingWail+1","Die Die Die","Slice","Caltrops","Malaise","Adrenaline","Doppelganger","Blade Dance+1","Metamorphosis+1","Bullet Time"],"special_seed":17957,"relics":["Ring of the Snake","Golden Idol","Snake Skull","Pen Nib","Paper Crane","Whetstone","Mercury Hourglass","Cursed Key","Chemical X","Turnip","Pear","FossilizedHelix","Art of War","PreservedInsect","StoneCalendar","Omamori","Eternal Feather","Matryoshka","Letter Opener","Calipers","Orichalcum","Boot","Potion Belt","Centennial Puzzle"],"potions_floor_usage":[50,50,50,50,50],"damage_taken":[{"damage":0.0,"enemies":"Small Slimes","floor":1.0,"turns":1.0},{"damage":0.0,"enemies":"2 Louse","floor":3.0,"turns":1.0},{"damage":14.0,"enemies":"3 Sentries","floor":6.0,"turns":5.0},{"damage":0.0,"enemies":"Gremlin Nob","floor":8.0,"turns":1.0},{"damage":9.0,"enemies":"3 Sentries","floor":10.0,"turns":3.0},{"damage":0.0,"enemies":"Jaw Worm","floor":11.0,"turns":1.0},{"damage":0.0,"enemies":"Gremlin Nob","floor":12.0,"turns":2.0},{"damage":14.0,"enemies":"Hexaghost","floor":16.0,"turns":4.0},{"damage":10.0,"enemies":"Chosen","floor":18.0,"turns":3.0},{"damage":0.0,"enemies":"Spheric Guardian","floor":19.0,"turns":1.0},{"damage":0.0,"enemies":"Chosen and Byrds","floor":20.0,"turns":3.0},{"damage":0.0,"enemies":"Colosseum Slavers","floor":22.0,"turns":1.0},{"damage":1.0,"enemies":"Colosseum Nobs","floor":22.0,"turns":3.0},{"damage":0.0,"enemies":"Slavers","floor":23.0,"turns":3.0},{"damage":0.0,"enemies":"Gremlin Leader","floor":25.0,"turns":2.0},{"damage":6.0,"enemies":"Book of Stabbing","floor":27.0,"turns":2.0},{"damage":0.0,"enemies":"Sentry and Sphere","floor":29.0,"turns":3.0},{"damage":4.0,"enemies":"Cultist and Chosen","floor":30.0,"turns":2.0},{"damage":0.0,"enemies":"Gremlin Leader","floor":31.0,"turns":1.0},{"damage":22,"enemies":"Automaton","floor":33,"turns":6},{"damage":6,"enemies":"3 Darklings","floor":35,"turns":3},{"damage":0,"enemies":"3 Shapes","floor":36,"turns":2},{"damage":7,"enemies":"Nemesis","floor":40,"turns":1},{"damage":17,"enemies":"Spire Growth","floor":41,"turns":3},{"damage":0,"enemies":"Giant Head","floor":42,"turns":4},{"damage":7,"enemies":"Reptomancer","floor":44,"turns":4},{"damage":0,"enemies":"Sphere and 2 Shapes","floor":45,"turns":3},{"damage":0,"enemies":"Nemesis","floor":48,"turns":3},{"damage":57,"enemies":"Time Eater","floor":50,"turns":11}],"seed_played":"5564049522342379639","potions_obtained":[{"floor":6.0,"key":"Ancient Potion"},{"floor":8.0,"key":"FearPotion"},{"floor":11.0,"key":"Strength Potion"},{"floor":19.0,"key":"Poison Potion"},{"floor":23.0,"key":"GhostInAJar"},{"floor":27.0,"key":"Swift Potion"},{"floor":44,"key":"Energy Potion"},{"floor":48,"key":"Explosive Potion"}],"is_trial":false,"path_per_floor":["M","?","M","?","$","E","R","E","T","E","M","E","?","$","R","B",null,"M","M","M","$","?","E","R","E","T","E","R","M","M","E","R","B",null,"M","M","$","?","$","E","M","E","T","E","M","?","?","E","R","B",null],"character_chosen":"THE_SILENT","items_purchased":["Apotheosis","Leg Sweep","Accuracy","Chemical X","Die Die Die","Slice","Matryoshka","Caltrops"],"campfire_rested":0,"item_purchase_floors":[5,14,14,21,39,39,39,39],"current_hp_per_floor":[70,70,70,70,70,56,56,56,56,47,47,47,33,33,33,19,70,60,60,60,60,69,69,69,69,69,63,63,63,59,59,59,37,80,74,74,74,74,74,67,50,50,50,43,43,43,43,43,70,13],"gold":266,"neow_bonus":"","is_prod":false,"is_daily":true,"chose_seed":false,"campfire_upgraded":6,"win_rate":0,"timestamp":1551517106,"path_taken":["M","?","M","?","?","E","R","E","T","E","M","E","?","$","R","BOSS","M","M","M","$","?","E","R","E","T","E","R","M","M","E","R","BOSS","M","M","$","?","$","E","M","E","T","E","M","?","?","E","R","BOSS"],"build_version":"2019-01-23","purchased_purges":0,"victory":true,"max_hp_per_floor":[70,70,70,70,70,70,70,70,70,70,70,70,70,70,70,70,70,70,70,70,70,80,80,80,80,80,80,80,80,80,80,80,80,80,80,80,80,80,80,80,80,80,80,80,80,80,80,80,80,80],"card_choices":[{"not_picked":["Flying Knee","Blade Dance"],"picked":"Predator","floor":0.0},{"not_picked":["Prepared","Well Laid Plans"],"picked":"Finisher","floor":0.0},{"not_picked":["Predator","Poisoned Stab"],"picked":"Heel Hook","floor":0.0},{"not_picked":["PiercingWail","Acrobatics"],"picked":"Well Laid Plans","floor":0.0},{"not_picked":["Bouncing Flask","PiercingWail"],"picked":"Quick Slash","floor":0.0},{"not_picked":["Bane","Distraction"],"picked":"Deflect","floor":0.0},{"not_picked":["Heel Hook","Cloak And Dagger"],"picked":"Backstab","floor":0.0},{"not_picked":["Sucker Punch","Cloak And Dagger"],"picked":"Backstab","floor":0.0},{"not_picked":["Underhanded Strike","Flying Knee"],"picked":"Choke","floor":0.0},{"not_picked":["Acrobatics","Poisoned Stab"],"picked":"Flying Knee","floor":0.0},{"not_picked":["Setup","Deadly Poison"],"picked":"Slice","floor":0.0},{"not_picked":["Outmaneuver","Concentrate"],"picked":"Blade Dance","floor":0.0},{"not_picked":["Dagger Throw","Deadly Poison"],"picked":"Deflect","floor":0.0},{"not_picked":["Finisher","Caltrops"],"picked":"Blade Dance","floor":0.0},{"not_picked":["Outmaneuver","Eviscerate"],"picked":"PiercingWail","floor":0.0},{"not_picked":["Acrobatics","Calculated Gamble"],"picked":"Outmaneuver","floor":1.0},{"not_picked":["Acrobatics","Heel Hook"],"picked":"Sucker Punch","floor":3.0},{"not_picked":["Envenom","Adrenaline"],"picked":"Glass Knife","floor":6.0},{"not_picked":["Grand Finale","Night Terror"],"picked":"Die Die Die","floor":8.0},{"not_picked":["Corpse Explosion","Venomology"],"picked":"Storm of Steel","floor":10.0},{"not_picked":["Bane","Leg Sweep"],"picked":"Accuracy","floor":11.0},{"not_picked":["Grand Finale","Tools of the Trade"],"picked":"Doppelganger","floor":12.0},{"not_picked":["Die Die Die","Burst"],"picked":"A Thousand Cuts","floor":16.0},{"not_picked":["Dodge and Roll","PiercingWail+1"],"picked":"Acrobatics","floor":18.0},{"not_picked":["Dodge and Roll","Prepared","Dagger Throw"],"picked":"SKIP","floor":19.0},{"not_picked":["Prepared","Poisoned Stab+1"],"picked":"Footwork","floor":20.0},{"not_picked":["Glass Knife","Die Die Die"],"picked":"Phantasmal Killer","floor":23.0},{"not_picked":["Grand Finale","Unload"],"picked":"Wraith Form v2","floor":25.0},{"not_picked":["A Thousand Cuts","Night Terror","Doppelganger"],"picked":"SKIP","floor":27.0},{"not_picked":["Outmaneuver","Slice","Choke"],"picked":"SKIP","floor":29.0},{"not_picked":["Dash","Slice"],"picked":"Concentrate","floor":30.0},{"not_picked":["Storm of Steel","Glass Knife"],"picked":"Adrenaline","floor":31.0},{"not_picked":["Wraith Form v2","Storm of Steel"],"picked":"Burst","floor":33},{"not_picked":["Noxious Fumes+1","Cloak And Dagger"],"picked":"Blade Dance+1","floor":35},{"not_picked":["Prepared+1","Poisoned Stab+1"],"picked":"PiercingWail+1","floor":36},{"not_picked":["Venomology","Grand Finale"],"picked":"Malaise","floor":40},{"not_picked":["Infinite Blades","Outmaneuver+1","Dodge and Roll"],"picked":"SKIP","floor":41},{"not_picked":["Night Terror","Venomology"],"picked":"Adrenaline","floor":42},{"not_picked":["Corpse Explosion","Phantasmal Killer"],"picked":"Doppelganger","floor":44},{"not_picked":["PiercingWail+1","Slice+1"],"picked":"Blade Dance+1","floor":45},{"not_picked":["Forethought","Purity"],"picked":"Metamorphosis","floor":46},{"not_picked":["Adrenaline","Corpse Explosion"],"picked":"Bullet Time","floor":48}],"player_experience":277942,"relics_obtained":[{"floor":6.0,"key":"Snake Skull"},{"floor":8.0,"key":"Pen Nib"},{"floor":9.0,"key":"Paper Crane"},{"floor":10.0,"key":"Whetstone"},{"floor":12.0,"key":"Mercury Hourglass"},{"floor":22.0,"key":"Turnip"},{"floor":22.0,"key":"Pear"},{"floor":23.0,"key":"FossilizedHelix"},{"floor":25.0,"key":"Art of War"},{"floor":26.0,"key":"PreservedInsect"},{"floor":27.0,"key":"StoneCalendar"},{"floor":31.0,"key":"Omamori"},{"floor":40,"key":"Letter Opener"},{"floor":42,"key":"Calipers"},{"floor":43,"key":"Orichalcum"},{"floor":43,"key":"Boot"},{"floor":44,"key":"Potion Belt"},{"floor":48,"key":"Centennial Puzzle"}],"event_choices":[{"damage_healed":0.0,"max_hp_gain":0.0,"max_hp_loss":0.0,"gold_gain":67.0,"event_name":"Golden Wing","player_choice":"Gained Gold","floor":2.0,"gold_loss":0.0,"damage_taken":0.0},{"damage_healed":0.0,"max_hp_gain":0.0,"max_hp_loss":0.0,"gold_gain":0.0,"event_name":"Golden Idol","player_choice":"Take Wound","floor":4.0,"gold_loss":0.0,"damage_taken":0.0,"relics_obtained":["Golden Idol"],"cards_obtained":["Injury"]},{"damage_healed":0.0,"max_hp_gain":0.0,"max_hp_loss":0.0,"gold_gain":0.0,"event_name":"Shining Light","player_choice":"Entered Light","floor":13.0,"gold_loss":0.0,"damage_taken":14.0,"cards_upgraded":["Blade Dance","Finisher"]},{"damage_healed":0.0,"max_hp_gain":0.0,"max_hp_loss":0.0,"gold_gain":0.0,"event_name":"Colosseum","player_choice":"Fight","floor":22.0,"gold_loss":0.0,"damage_taken":0.0},{"damage_healed":0.0,"max_hp_gain":0.0,"max_hp_loss":0.0,"gold_gain":0.0,"event_name":"Colosseum","player_choice":"Fought Nobs","floor":22.0,"gold_loss":0.0,"damage_taken":0.0},{"damage_healed":0,"gold_gain":0,"player_choice":"Ignored","damage_taken":0,"max_hp_gain":0,"max_hp_loss":0,"event_name":"Tomb of Lord Red Mask","floor":38,"gold_loss":0},{"damage_healed":0,"gold_gain":0,"player_choice":"Memory 1","damage_taken":0,"max_hp_gain":0,"max_hp_loss":0,"event_name":"SensoryStone","floor":46,"gold_loss":0},{"cards_removed":["Finisher"],"damage_healed":0,"gold_gain":0,"player_choice":"Removed Attack","damage_taken":0,"max_hp_gain":0,"max_hp_loss":0,"event_name":"Falling","floor":47,"gold_loss":0}],"is_beta":false,"boss_relics":[{"not_picked":["Coffee Dripper","Empty Cage"],"picked":"Cursed Key"},{"not_picked":["White Beast Statue","Lizard Tail"],"picked":"Eternal Feather"}],"items_purged_floors":[],"is_endless":false,"potions_floor_spawned":[6,8,11,19,23,27,29,35,36,44,48],"ascension_level":0}