{"gold_per_floor":[114,114,22,41,56,56,88,88,157,157,168,182,53,53],"floor_reached":14,"playtime":513,"items_purged":[],"score":162,"play_id":"8838703f-cdbc-40cd-8d98-0f200186d750","local_time":"20190426161808","is_ascension_mode":true,"campfire_choices":[{"data":"Barricade","floor":6,"key":"SMITH"},{"data":"Entrench","floor":8,"key":"SMITH"},{"data":"Bash","floor":10,"key":"SMITH"}],"neow_cost":"TEN_PERCENT_HP_LOSS","seed_source_timestamp":7080473991900,"circlet_count":0,"master_deck":["AscendersBane","Strike_R","Strike_R","Strike_R","Strike_R","Strike_R","Defend_R","Defend_R","Defend_R","Defend_R","Bash+1","Body Slam+1","Entrench+1","Pommel Strike","Headbutt","Barricade+1","Cleave","Inflame","Iron Wave"],"relics":["Burning Blood","Turnip","Bronze Scales","Question Card"],"potions_floor_usage":[7,14],"damage_taken":[{"damage":6,"enemies":"Cultist","floor":1,"turns":3},{"damage":2,"enemies":"2 Louse","floor":4,"turns":2},{"damage":9,"enemies":"Jaw Worm","floor":5,"turns":3},{"damage":31,"enemies":"Gremlin Nob","floor":7,"turns":5},{"damage":21,"enemies":"Looter","floor":11,"turns":4},{"damage":23,"enemies":"Large Slime","floor":12,"turns":6},{"damage":12,"enemies":"Lots of Slimes","floor":14,"turns":1}],"seed_played":"6853580267966257297","potions_obtained":[{"floor":4,"key":"EssenceOfSteel"},{"floor":11,"key":"Poison Potion"}],"is_trial":false,"path_per_floor":["M","?","$","M","M","R","E","R","T","R","M","M","$","M"],"character_chosen":"IRONCLAD","items_purchased":["Entrench","Pommel Strike","Inflame","Iron Wave"],"campfire_rested":0,"item_purchase_floors":[3,3,13,13],"current_hp_per_floor":[68,68,68,68,65,65,40,40,40,40,25,8,8,0],"gold":53,"neow_bonus":"ONE_RARE_RELIC","is_prod":false,"is_daily":false,"chose_seed":false,"campfire_upgraded":3,"win_rate":0,"timestamp":1556284688,"path_taken":["M","?","$","M","M","R","E","R","T","R","M","M","?","M"],"build_version":"2019-01-23","purchased_purges":0,"victory":false,"max_hp_per_floor":[68,68,68,68,68,68,68,68,68,68,68,68,68,68],"card_choices":[{"not_picked":["Headbutt","True Grit"],"picked":"Body Slam","floor":1},{"not_picked":["Pommel Strike","Heavy Blade"],"picked":"Headbutt","floor":4},{"not_picked":["Headbutt","Havoc"],"picked":"Barricade","floor":5},{"not_picked":["Perfected Strike","Headbutt","Intimidate"],"picked":"SKIP","floor":7},{"not_picked":["Bloodletting","Thunderclap","Pummel","Flex"],"picked":"SKIP","floor":11},{"not_picked":["Warcry","Searing Blow","Flex"],"picked":"Cleave","floor":12}],"player_experience":327940,"relics_obtained":[{"floor":7,"key":"Bronze Scales"},{"floor":9,"key":"Question Card"}],"event_choices":[{"damage_healed":0,"gold_gain":0,"player_choice":"Upgraded","damage_taken":0,"max_hp_gain":0,"max_hp_loss":0,"event_name":"Upgrade Shrine","floor":2,"gold_loss":0,"cards_upgraded":["Body Slam"]}],"is_beta":false,"boss_relics":[],"items_purged_floors":[],"is_endless":false,"potions_floor_spawned":[4,11],"killed_by":"Lots of Slimes","ascension_level":16}