{"gold_per_floor":[118,132,151,171,182,216,216,242,242,242,242,274,274,307,307,381,381,394,394,494,509,541,566,566,592,647,679,679,696,730,594,594,666,666,684,906,591,608,684,710,497,526,553,583,593,618,618,635,635,635,635],"floor_reached":52,"playtime":3022,"items_purged":[],"score":2798,"play_id":"43effdd0-a9ba-4e9e-bf2e-db278ab8caa0","local_time":"20181022224417","daily_mods":["SealedDeck","Elite Swarm"],"is_ascension_mode":true,"campfire_choices":[{"floor":10,"key":"REST"},{"data":"Footwork","floor":15,"key":"SMITH"},{"data":"Adrenaline","floor":24,"key":"SMITH"},{"data":"Dodge and Roll","floor":28,"key":"SMITH"},{"data":"After Image","floor":32,"key":"SMITH"},{"data":"Blur","floor":47,"key":"SMITH"},{"data":"Dash","floor":49,"key":"SMITH"}],"neow_cost":"","seed_source_timestamp":0,"circlet_count":0,"master_deck":["AscendersBane","Backflip","Quick Slash","Dash+1","Slice","Sucker Punch+1","Dagger Throw","Dodge and Roll+1","Dagger Spray+1","Cloak And Dagger+1","Blur+1","Cloak And Dagger+1","Footwork+1","Backstab","After Image+1","Adrenaline+1","Deflect+1","Leg Sweep+1","Acrobatics+1","Envenom+1"],"relics":["Ring of the Snake","Vajra","Letter Opener","Tough Bandages","Turnip","Mango","Coffee Dripper","Tingsha","Dodecahedron","Red Mask","Gremlin Horn","StoneCalendar","Pen Nib","Mercury Hourglass","Omamori","Tiny Chest","Cursed Key","Incense Burner","Bottled Lightning","Bag of Marbles","Sling","Ancient Tea Set","Anchor","Frozen Egg 2","Orichalcum"],"potions_floor_usage":[16,22,40,51,51],"damage_taken":[{"damage":0,"enemies":"Cultist","floor":1,"turns":3},{"damage":0,"enemies":"Small Slimes","floor":2,"turns":3},{"damage":0,"enemies":"2 Louse","floor":3,"turns":3},{"damage":0,"enemies":"2 Fungi Beasts","floor":4,"turns":4},{"damage":2,"enemies":"Exordium Wildlife","floor":5,"turns":6},{"damage":9,"enemies":"Lagavulin","floor":6,"turns":7},{"damage":13,"enemies":"Gremlin Nob","floor":8,"turns":4},{"damage":0,"enemies":"Lagavulin","floor":12,"turns":7},{"damage":0,"enemies":"3 Sentries","floor":14,"turns":6},{"damage":8,"enemies":"Slime Boss","floor":16,"turns":7},{"damage":0,"enemies":"3 Byrds","floor":18,"turns":3},{"damage":11,"enemies":"Colosseum Slavers","floor":20,"turns":3},{"damage":2,"enemies":"Colosseum Nobs","floor":20,"turns":4},{"damage":4,"enemies":"Shell Parasite","floor":21,"turns":3},{"damage":0,"enemies":"Masked Bandits","floor":22,"turns":2},{"damage":0,"enemies":"Book of Stabbing","floor":23,"turns":5},{"damage":0,"enemies":"Gremlin Leader","floor":25,"turns":5},{"damage":0,"enemies":"Book of Stabbing","floor":27,"turns":5},{"damage":0,"enemies":"Snake Plant","floor":29,"turns":3},{"damage":0,"enemies":"Slavers","floor":30,"turns":4},{"damage":0,"enemies":"Collector","floor":33,"turns":10},{"damage":0,"enemies":"Orb Walker","floor":35,"turns":2},{"damage":0,"enemies":"3 Shapes","floor":38,"turns":3},{"damage":4,"enemies":"Giant Head","floor":40,"turns":9},{"damage":0,"enemies":"Reptomancer","floor":42,"turns":2},{"damage":0,"enemies":"Giant Head","floor":44,"turns":5},{"damage":0,"enemies":"Transient","floor":45,"turns":6},{"damage":0,"enemies":"Nemesis","floor":46,"turns":5},{"damage":0,"enemies":"Spire Growth","floor":48,"turns":3},{"damage":39,"enemies":"Time Eater","floor":50,"turns":17},{"damage":0,"enemies":"Awakened One","floor":51,"turns":15}],"seed_played":"426908220197436911","potions_obtained":[{"floor":1,"key":"Ancient Potion"},{"floor":6,"key":"Swift Potion"},{"floor":8,"key":"SteroidPotion"},{"floor":16,"key":"Block Potion"},{"floor":21,"key":"SteroidPotion"},{"floor":23,"key":"EssenceOfSteel"},{"floor":35,"key":"Regen Potion"},{"floor":44,"key":"SteroidPotion"}],"is_trial":true,"path_per_floor":["M","M","M","M","M","E","?","E","T","R","?","E","$","E","R","B",null,"M","?","?","M","?","E","R","E","T","E","R","M","E","$","R","B",null,"M","?","$","M","T","E","$","E","T","E","M","E","R","M","R","B","B"],"character_chosen":"THE_SILENT","items_purchased":["Tiny Chest","Incense Burner","Sling"],"campfire_rested":1,"item_purchase_floors":[31,37,41],"current_hp_per_floor":[59,59,59,59,57,48,28,15,15,34,34,34,34,48,48,40,70,70,70,57,53,53,53,53,53,53,53,53,53,53,53,53,53,73,73,73,73,73,73,69,69,69,69,69,69,69,69,69,69,30,45],"gold":635,"neow_bonus":"","is_prod":false,"is_daily":false,"chose_seed":false,"campfire_upgraded":6,"win_rate":0,"timestamp":1540273457,"path_taken":["M","M","?","M","M","E","?","E","T","R","?","E","?","E","R","BOSS","M","?","?","?","?","E","R","E","T","E","R","M","E","$","R","BOSS","M","?","$","M","?","E","$","E","T","E","M","E","R","?","R","BOSS","BOSS"],"build_version":"2018-10-18","purchased_purges":0,"victory":true,"max_hp_per_floor":[66,66,66,66,66,66,66,66,66,66,66,66,66,80,80,80,80,80,80,80,80,80,80,80,80,80,80,80,80,80,80,80,80,80,80,80,80,80,80,80,80,80,80,80,80,80,80,80,80,80,80],"card_choices":[{"not_picked":["Reflex","Blade Dance"],"picked":"Cloak And Dagger","floor":1},{"not_picked":["Endless Agony","Noxious Fumes"],"picked":"Footwork","floor":2},{"not_picked":["Heel Hook","Crippling Poison","Leg Sweep"],"picked":"SKIP","floor":3},{"not_picked":["Prepared","Dash","Dodge and Roll"],"picked":"SKIP","floor":4},{"not_picked":["Cloak And Dagger","Flying Knee"],"picked":"Backstab","floor":5},{"not_picked":["Doppelganger","Die Die Die","Corpse Explosion"],"picked":"SKIP","floor":6},{"not_picked":["Die Die Die","Bullet Time","Phantasmal Killer"],"picked":"SKIP","floor":8},{"not_picked":["Unload","Wraith Form v2"],"picked":"After Image","floor":12},{"not_picked":["Storm of Steel","Night Terror"],"picked":"Adrenaline","floor":14},{"not_picked":["Deflect","Footwork","Endless Agony"],"picked":"SKIP","floor":18},{"not_picked":["Sucker Punch","Prepared"],"picked":"Deflect+1","floor":20},{"not_picked":["Acrobatics","Dodge and Roll"],"picked":"Leg Sweep+1","floor":21},{"not_picked":["A Thousand Cuts","Grand Finale","Unload"],"picked":"SKIP","floor":23},{"not_picked":["Corpse Explosion","Wraith Form v2","Envenom"],"picked":"SKIP","floor":25},{"not_picked":["Unload","Glass Knife","After Image"],"picked":"SKIP","floor":27},{"not_picked":["Heel Hook","Deflect","Outmaneuver"],"picked":"SKIP","floor":29},{"not_picked":["Tools of the Trade","Corpse Explosion","Die Die Die"],"picked":"SKIP","floor":30},{"not_picked":["Flying Knee","Deflect+1","Acrobatics+1"],"picked":"SKIP","floor":35},{"not_picked":["Flying Knee","Deflect+1"],"picked":"Acrobatics+1","floor":35},{"not_picked":["Dagger Spray","Deflect+1","Flechettes+1"],"picked":"SKIP","floor":38},{"not_picked":["Corpse Explosion","After Image","Venomology"],"picked":"SKIP","floor":40},{"not_picked":["Glass Knife","Tools of the Trade","Unload"],"picked":"SKIP","floor":42},{"not_picked":["Unload","Doppelganger","Wraith Form v2"],"picked":"SKIP","floor":44},{"not_picked":["Poisoned Stab+1","Noxious Fumes+1","Slice+1"],"picked":"SKIP","floor":45},{"not_picked":["Unload","After Image+1"],"picked":"Envenom+1","floor":46},{"not_picked":["Deflect","Slice","Blade Dance"],"picked":"SKIP","floor":48}],"player_experience":1430601,"relics_obtained":[{"floor":6,"key":"Vajra"},{"floor":8,"key":"Letter Opener"},{"floor":9,"key":"Tough Bandages"},{"floor":12,"key":"Turnip"},{"floor":14,"key":"Mango"},{"floor":20,"key":"Tingsha"},{"floor":20,"key":"Dodecahedron"},{"floor":22,"key":"Red Mask"},{"floor":23,"key":"Gremlin Horn"},{"floor":25,"key":"StoneCalendar"},{"floor":26,"key":"Pen Nib"},{"floor":27,"key":"Mercury Hourglass"},{"floor":30,"key":"Omamori"},{"floor":39,"key":"Bottled Lightning"},{"floor":40,"key":"Bag of Marbles"},{"floor":42,"key":"Ancient Tea Set"},{"floor":43,"key":"Anchor"},{"floor":44,"key":"Frozen Egg 2"},{"floor":46,"key":"Orichalcum"}],"event_choices":[{"damage_healed":0,"gold_gain":0,"player_choice":"Entered Light","damage_taken":20,"max_hp_gain":0,"max_hp_loss":0,"event_name":"Shining Light","floor":7,"gold_loss":0,"cards_upgraded":["Sucker Punch","Cloak And Dagger"]},{"damage_healed":0,"gold_gain":0,"player_choice":"Grow","damage_taken":0,"max_hp_gain":0,"max_hp_loss":0,"event_name":"Living Wall","floor":11,"gold_loss":0,"cards_upgraded":["Cloak And Dagger"]},{"damage_healed":0,"gold_gain":0,"player_choice":"Upgraded","damage_taken":0,"max_hp_gain":0,"max_hp_loss":0,"event_name":"Upgrade Shrine","floor":19,"gold_loss":0,"cards_upgraded":["Dagger Spray"]},{"damage_healed":0,"gold_gain":0,"player_choice":"Fight","damage_taken":0,"max_hp_gain":0,"max_hp_loss":0,"event_name":"Colosseum","floor":20,"gold_loss":0},{"damage_healed":0,"gold_gain":0,"player_choice":"Fought Nobs","damage_taken":0,"max_hp_gain":0,"max_hp_loss":0,"event_name":"Colosseum","floor":20,"gold_loss":0},{"damage_healed":0,"gold_gain":0,"player_choice":"Fought Bandits","damage_taken":0,"max_hp_gain":0,"max_hp_loss":0,"event_name":"Masked Bandits","floor":22,"gold_loss":0},{"damage_healed":0,"gold_gain":222,"player_choice":"Wore Mask","damage_taken":0,"max_hp_gain":0,"max_hp_loss":0,"event_name":"Tomb of Lord Red Mask","floor":36,"gold_loss":0}],"is_beta":false,"boss_relics":[{"not_picked":["Empty Cage","Eternal Feather"],"picked":"Coffee Dripper"},{"not_picked":["Pandora\u0027s Box","Orrery"],"picked":"Cursed Key"}],"items_purged_floors":[],"is_endless":false,"potions_floor_spawned":[1,6,8,16,18,21,23,25,27,33,35,40,44,48],"ascension_level":20}