{"gold_per_floor":[115,129,279,296,309,309,31,63,63,94,94,104,104,29,29,103,103,114,133,58,70,50,50,85,85,161,161,177,187,198,225,225,304,304,323,1322,899,910,228,228,262,262],"floor_reached":42,"playtime":2873,"items_purged":["Doubt","Normality","Normality"],"score":1027,"play_id":"24fc223e-d309-46bf-89f5-1390b2eace1e","local_time":"20190410062449","is_ascension_mode":true,"campfire_choices":[{"data":"Armaments","floor":6.0,"key":"SMITH"},{"data":"Whirlwind","floor":11.0,"key":"SMITH"},{"data":"Uppercut","floor":13.0,"key":"SMITH"},{"data":"Juggernaut","floor":15.0,"key":"SMITH"},{"floor":23,"key":"REST"},{"data":"1","floor":25,"key":"LIFT"},{"data":"2","floor":27,"key":"LIFT"},{"floor":32,"key":"REST"},{"data":"3","floor":40,"key":"LIFT"}],"neow_cost":"NONE","seed_source_timestamp":1811705938146400,"circlet_count":0,"master_deck":["AscendersBane","Strike_R+1","Strike_R","Strike_R","Defend_R","Defend_R","Defend_R","Defend_R","Bash+1","Shrug It Off","Armaments+1","Pommel Strike+1","Juggernaut+1","Feed","Rage","Dropkick","Whirlwind+1","Uppercut+1","Fiend Fire","Sentinel+1","True Grit+1","Immolate","Feel No Pain","Twin Strike"],"special_seed":0,"relics":["Burning Blood","Orichalcum","Whetstone","Shuriken","Busted Crown","Girya","Sundial","Mango","Cursed Key","Magic Flower","Vajra","Bottled Lightning","Pantograph"],"potions_floor_usage":[24,24,31,41,41],"damage_taken":[{"damage":19.0,"enemies":"Jaw Worm","floor":1.0,"turns":4.0},{"damage":1.0,"enemies":"2 Louse","floor":2.0,"turns":3.0},{"damage":1.0,"enemies":"Small Slimes","floor":4.0,"turns":3.0},{"damage":12.0,"enemies":"3 Louse","floor":5.0,"turns":4.0},{"damage":24.0,"enemies":"Lagavulin","floor":8.0,"turns":7.0},{"damage":21.0,"enemies":"Gremlin Nob","floor":10.0,"turns":4.0},{"damage":8.0,"enemies":"Lots of Slimes","floor":12.0,"turns":3.0},{"damage":40.0,"enemies":"The Guardian","floor":16.0,"turns":10.0},{"damage":0.0,"enemies":"Chosen","floor":18.0,"turns":3.0},{"damage":12,"enemies":"Shell Parasite","floor":19,"turns":3},{"damage":12,"enemies":"Snake Plant","floor":21,"turns":3},{"damage":47,"enemies":"Slavers","floor":24,"turns":3},{"damage":4,"enemies":"Cultist and Chosen","floor":28,"turns":3},{"damage":6,"enemies":"3 Cultists","floor":29,"turns":3},{"damage":28,"enemies":"Shelled Parasite and Fungi","floor":30,"turns":4},{"damage":29,"enemies":"Book of Stabbing","floor":31,"turns":4},{"damage":51,"enemies":"Champ","floor":33,"turns":10},{"damage":0,"enemies":"Orb Walker","floor":35,"turns":3},{"damage":35,"enemies":"3 Darklings","floor":38,"turns":3},{"damage":88,"enemies":"Giant Head","floor":41,"turns":8},{"damage":21,"enemies":"Jaw Worm Horde","floor":42,"turns":1}],"seed_played":"-4723810197611674880","potions_obtained":[{"floor":2.0,"key":"PowerPotion"},{"floor":5.0,"key":"Regen Potion"},{"floor":10.0,"key":"Fruit Juice"},{"floor":12.0,"key":"Swift Potion"},{"floor":19,"key":"Energy Potion"},{"floor":30,"key":"Poison Potion"},{"floor":33,"key":"Dexterity Potion"}],"is_trial":false,"path_per_floor":["M","M","?","M","M","R","$","E","T","E","R","M","R","?","R","B",null,"M","M","?","M","?","R","E","R","T","R","M","M","M","E","R","B",null,"M","?","$","M","$","R","E","M"],"character_chosen":"IRONCLAD","items_purchased":["Feed","Rage","Magic Flower","Vajra","Feel No Pain","Bottled Lightning","Regen Potion"],"campfire_rested":2,"item_purchase_floors":[7,7,37,39,39,39,39],"current_hp_per_floor":[55,60,60,65,59,59,59,55,55,44,44,51,51,51,51,17,70,76,70,70,68,68,92,51,51,51,51,53,53,31,25,57,12,85,94,94,94,68,68,68,18,0],"gold":262,"neow_bonus":"UPGRADE_CARD","is_prod":false,"is_daily":false,"chose_seed":false,"campfire_upgraded":4,"win_rate":0,"timestamp":1554873889,"path_taken":["M","M","?","M","M","R","$","E","T","E","R","M","R","?","R","BOSS","M","M","?","M","?","R","E","R","T","R","M","?","M","E","R","BOSS","M","?","$","M","$","R","E","M"],"build_version":"2019-01-23","purchased_purges":3,"victory":false,"max_hp_per_floor":[75,75,75,75,75,75,75,75,75,79,79,88,88,88,88,88,88,88,88,88,92,92,92,92,92,92,92,92,92,92,109,109,109,109,112,112,112,112,112,112,115,115],"card_choices":[{"not_picked":["Headbutt","Sever Soul"],"picked":"Shrug It Off","floor":1.0},{"not_picked":["Heavy Blade","Dual Wield"],"picked":"Armaments","floor":2.0},{"not_picked":["Seeing Red","Headbutt"],"picked":"Pommel Strike","floor":4.0},{"not_picked":["True Grit","Flex"],"picked":"Juggernaut","floor":5.0},{"not_picked":["Clash","Armaments"],"picked":"Dropkick","floor":8.0},{"not_picked":["Perfected Strike","Iron Wave"],"picked":"Whirlwind","floor":10.0},{"not_picked":["Clothesline","Wild Strike"],"picked":"Uppercut","floor":12.0},{"not_picked":["Feed","Bludgeon"],"picked":"Fiend Fire","floor":16.0},{"not_picked":["Sever Soul"],"picked":"SKIP","floor":18.0},{"not_picked":["Heavy Blade"],"picked":"SKIP","floor":19},{"not_picked":["True Grit"],"picked":"SKIP","floor":21},{"not_picked":["Cleave"],"picked":"SKIP","floor":24},{"not_picked":["Uppercut"],"picked":"SKIP","floor":28},{"not_picked":["True Grit"],"picked":"SKIP","floor":29},{"not_picked":[],"picked":"Sentinel+1","floor":30},{"not_picked":[],"picked":"True Grit+1","floor":31},{"not_picked":[],"picked":"Immolate","floor":33},{"not_picked":["Clash+1"],"picked":"SKIP","floor":35},{"not_picked":["Wild Strike"],"picked":"SKIP","floor":38},{"not_picked":[],"picked":"Twin Strike","floor":41}],"player_experience":2654533,"relics_obtained":[{"floor":8.0,"key":"Orichalcum"},{"floor":9.0,"key":"Whetstone"},{"floor":10.0,"key":"Shuriken"},{"floor":24,"key":"Girya"},{"floor":26,"key":"Sundial"},{"floor":31,"key":"Mango"},{"floor":41,"key":"Pantograph"}],"event_choices":[{"damage_healed":0.0,"max_hp_gain":0.0,"max_hp_loss":0.0,"gold_gain":150.0,"event_name":"Liars Game","player_choice":"AGREE","floor":3.0,"gold_loss":0.0,"damage_taken":0.0,"cards_obtained":["Doubt"]},{"cards_removed":["Strike_R"],"damage_healed":0.0,"max_hp_gain":0.0,"max_hp_loss":0.0,"gold_gain":0.0,"event_name":"The Cleric","player_choice":"Card Removal","floor":14.0,"gold_loss":75.0,"damage_taken":0.0},{"cards_removed":["Strike_R"],"damage_healed":0,"gold_gain":0,"player_choice":"Gave Gold","damage_taken":0,"max_hp_gain":0,"max_hp_loss":0,"event_name":"Beggar","floor":20,"gold_loss":75},{"damage_healed":0,"gold_gain":0,"player_choice":"Bought 1 Potion","damage_taken":0,"max_hp_gain":0,"max_hp_loss":0,"event_name":"The Woman in Blue","floor":22,"gold_loss":0},{"damage_healed":0,"gold_gain":999,"player_choice":"Gold","damage_taken":0,"max_hp_gain":0,"max_hp_loss":0,"event_name":"MindBloom","floor":36,"gold_loss":0,"cards_obtained":["Normality","Normality"]}],"is_beta":false,"boss_relics":[{"not_picked":["Runic Dome","Black Blood"],"picked":"Busted Crown"},{"not_picked":["Orrery","White Beast Statue"],"picked":"Cursed Key"}],"items_purged_floors":[7,37,39],"is_endless":false,"potions_floor_spawned":[2,5,10,12,16,19,21,30,33],"killed_by":"Jaw Worm Horde","ascension_level":20}