{"gold_per_floor":[117,137,155,48,65,65,90,103,128,158,158,83,101,132,132,232,232,252,252,252,127,139,174,189,189],"floor_reached":25,"playtime":3184,"items_purged":["Strike_B","Heatsinks"],"score":267,"play_id":"2603bc4b-e30e-4460-9cdf-19f7f0ddcea3","local_time":"20190124004621","is_ascension_mode":true,"campfire_choices":[{"data":"Zap","floor":6,"key":"SMITH"},{"data":"Defragment","floor":15,"key":"SMITH"}],"neow_cost":"NONE","seed_source_timestamp":56519544385775,"circlet_count":0,"master_deck":["Strike_B+1","Strike_B+1","Strike_B+1","Defend_B+1","Defend_B+1","Defend_B+1","Defend_B+1","Zap+1","Dualcast","Coolheaded","Streamline","Echo Form","Coolheaded","Loop","Sweeping Beam","Sunder","Reinforced Body","Hologram","Defragment+1","Steam","Biased Cognition","Compile Driver+1","Ball Lightning","Go for the Eyes+1","Redo"],"relics":["Cracked Core","Bag of Marbles","Omamori","Mango","Potion Belt","Inserter","Shovel","Darkstone Periapt"],"potions_floor_usage":[7,7,16,23,25,25],"damage_taken":[{"damage":1,"enemies":"Cultist","floor":1,"turns":3},{"damage":5,"enemies":"Jaw Worm","floor":2,"turns":3},{"damage":0,"enemies":"2 Louse","floor":3,"turns":2},{"damage":7,"enemies":"2 Fungi Beasts","floor":5,"turns":3},{"damage":20,"enemies":"3 Sentries","floor":7,"turns":7},{"damage":12,"enemies":"Gremlin Gang","floor":8,"turns":2},{"damage":7,"enemies":"Gremlin Nob","floor":10,"turns":4},{"damage":6,"enemies":"Looter","floor":13,"turns":2},{"damage":20,"enemies":"3 Sentries","floor":14,"turns":5},{"damage":35,"enemies":"Slime Boss","floor":16,"turns":10},{"damage":1,"enemies":"Spheric Guardian","floor":18,"turns":4},{"damage":4,"enemies":"Shell Parasite","floor":22,"turns":6},{"damage":18,"enemies":"Gremlin Leader","floor":23,"turns":6},{"damage":33,"enemies":"Shelled Parasite and Fungi","floor":24,"turns":5},{"damage":37,"enemies":"Slavers","floor":25,"turns":3}],"seed_played":"6523626796608510391","potions_obtained":[{"floor":3,"key":"EntropicBrew"},{"floor":5,"key":"Regen Potion"},{"floor":13,"key":"Energy Potion"},{"floor":16,"key":"Swift Potion"},{"floor":22,"key":"Ancient Potion"}],"is_trial":false,"path_per_floor":["M","M","M","$","M","R","E","M","T","E","T","$","M","E","R","B",null,"M","?","?","$","M","E","M","E"],"character_chosen":"DEFECT","items_purchased":["Coolheaded","Loop","Ball Lightning"],"campfire_rested":0,"item_purchase_floors":[4,4,21],"current_hp_per_floor":[74,69,69,69,62,62,57,45,45,38,52,52,46,26,26,8,89,88,88,88,88,84,66,33,0],"gold":189,"neow_bonus":"THREE_CARDS","is_prod":false,"is_daily":false,"chose_seed":false,"campfire_upgraded":2,"win_rate":0,"timestamp":1548297981,"path_taken":["M","M","M","$","M","R","E","M","T","E","?","$","?","E","R","BOSS","M","?","?","$","M","E","M","E"],"build_version":"2019-01-23","purchased_purges":2,"victory":false,"max_hp_per_floor":[75,75,75,75,75,75,75,75,75,75,89,89,89,89,89,89,89,89,89,89,89,89,89,89,89],"card_choices":[{"not_picked":["Sweeping Beam","Streamline"],"picked":"Heatsinks","floor":0},{"not_picked":["Redo","Conserve Battery"],"picked":"Coolheaded","floor":1},{"not_picked":["Sweeping Beam","Beam Cell"],"picked":"Streamline","floor":2},{"not_picked":["Leap","Lockon"],"picked":"Echo Form","floor":3},{"not_picked":["Stack","Compile Driver"],"picked":"Sweeping Beam","floor":5},{"not_picked":["Go for the Eyes","Hologram"],"picked":"Sunder","floor":7},{"not_picked":["Tempest","Compile Driver"],"picked":"Reinforced Body","floor":8},{"not_picked":["Compile Driver","Steam"],"picked":"Hologram","floor":10},{"not_picked":["Defragment","Hologram","Auto Shields"],"picked":"SKIP","floor":13},{"not_picked":["Hologram","Auto Shields"],"picked":"Defragment","floor":13},{"not_picked":["Skim","Coolheaded"],"picked":"Steam","floor":14},{"not_picked":["Thunder Strike","Multi-Cast"],"picked":"Biased Cognition","floor":16},{"not_picked":["Hologram","BootSequence"],"picked":"Compile Driver+1","floor":18},{"not_picked":["Steam","Sweeping Beam","Blizzard"],"picked":"SKIP","floor":22},{"not_picked":["Rebound","Consume"],"picked":"Go for the Eyes+1","floor":23},{"not_picked":["Cold Snap+1","Tempest"],"picked":"Redo","floor":24}],"player_experience":111236,"relics_obtained":[{"floor":7,"key":"Bag of Marbles"},{"floor":10,"key":"Omamori"},{"floor":11,"key":"Mango"},{"floor":14,"key":"Potion Belt"},{"floor":23,"key":"Darkstone Periapt"}],"event_choices":[{"damage_healed":0,"gold_gain":0,"player_choice":"Stole Relic","damage_taken":0,"relics_obtained":["Shovel"],"max_hp_gain":0,"max_hp_loss":0,"event_name":"Addict","floor":19,"gold_loss":0,"cards_obtained":["Shame"]},{"damage_healed":0,"gold_gain":0,"player_choice":"Simplicity","damage_taken":0,"max_hp_gain":0,"max_hp_loss":0,"event_name":"Back to Basics","floor":20,"gold_loss":0,"cards_upgraded":["Strike_B","Strike_B","Strike_B","Defend_B","Defend_B","Defend_B","Defend_B"]}],"is_beta":false,"boss_relics":[{"not_picked":["Runic Dome","Fusion Hammer"],"picked":"Inserter"}],"items_purged_floors":[12,21],"is_endless":false,"potions_floor_spawned":[3,5,13,16,22],"killed_by":"Slavers","ascension_level":2}