{"gold_per_floor":[116,135,154,164,164,164,29,54,54,70,70,83,83,158,158,229,229,243,254,10,10,20,20,31,41,41,72,72,122,122,155,155,231,231,248,248,148,166,176,176],"floor_reached":40,"playtime":2620,"items_purged":["Strike_G","Strike_G"],"score":856,"play_id":"78ee5348-ae0f-4411-9109-60e9be9bfa9f","local_time":"20190304011940","is_ascension_mode":true,"campfire_choices":[{"data":"Acrobatics","floor":6.0,"key":"SMITH"},{"data":"Tactician","floor":13.0,"key":"SMITH"},{"data":"Calculated Gamble","floor":15.0,"key":"SMITH"},{"floor":23.0,"key":"REST"},{"floor":30.0,"key":"REST"},{"data":"Noxious Fumes","floor":32.0,"key":"SMITH"}],"neow_cost":"NONE","seed_source_timestamp":9738333249600,"circlet_count":0,"master_deck":["AscendersBane","Defend_G","Defend_G","Defend_G","Defend_G","Defend_G","Strike_G","Strike_G","Survivor","Neutralize+1","Acrobatics+1","Calculated Gamble+1","Adrenaline","Tactician+1","Poisoned Stab","Noxious Fumes+1","Grand Finale","Backflip","Clumsy","Adrenaline","Acrobatics","Footwork","Prepared"],"special_seed":0,"relics":["Cursed Key","Meat on the Bone","Lizard Tail","Regal Pillow","Letter Opener","Dream Catcher","Paper Crane","Orrery"],"potions_floor_usage":[40],"damage_taken":[{"damage":0.0,"enemies":"2 Louse","floor":1.0,"turns":3.0},{"damage":3.0,"enemies":"Cultist","floor":2.0,"turns":5.0},{"damage":4.0,"enemies":"Small Slimes","floor":3.0,"turns":4.0},{"damage":0.0,"enemies":"Looter","floor":4.0,"turns":4.0},{"damage":36.0,"enemies":"Gremlin Nob","floor":8.0,"turns":5.0},{"damage":0.0,"enemies":"Red Slaver","floor":10.0,"turns":4.0},{"damage":1.0,"enemies":"Exordium Thugs","floor":12.0,"turns":5.0},{"damage":27.0,"enemies":"The Guardian","floor":16.0,"turns":14.0},{"damage":35.0,"enemies":"Shell Parasite","floor":18.0,"turns":7.0},{"damage":28.0,"enemies":"3 Byrds","floor":19.0,"turns":7.0},{"damage":29.0,"enemies":"Snake Plant","floor":22.0,"turns":7.0},{"damage":13.0,"enemies":"Snecko","floor":24.0,"turns":4.0},{"damage":20.0,"enemies":"Centurion and Healer","floor":25.0,"turns":8.0},{"damage":9.0,"enemies":"Gremlin Leader","floor":27.0,"turns":7.0},{"damage":7.0,"enemies":"Book of Stabbing","floor":31.0,"turns":5.0},{"damage":51.0,"enemies":"Champ","floor":33.0,"turns":17.0},{"damage":13.0,"enemies":"Orb Walker","floor":35.0,"turns":5.0},{"damage":0.0,"enemies":"3 Shapes","floor":38.0,"turns":2.0},{"damage":17.0,"enemies":"Maw","floor":39.0,"turns":9.0},{"damage":46,"enemies":"Nemesis","floor":40,"turns":7}],"seed_played":"-3671390168202660399","potions_obtained":[{"floor":2.0,"key":"FearPotion"},{"floor":4.0,"key":"GhostInAJar"},{"floor":10.0,"key":"Swift Potion"},{"floor":19.0,"key":"LiquidBronze"},{"floor":22.0,"key":"SneckoOil"},{"floor":24.0,"key":"Poison Potion"},{"floor":25.0,"key":"GhostInAJar"},{"floor":33.0,"key":"EssenceOfSteel"},{"floor":39.0,"key":"Ancient Potion"}],"is_trial":false,"path_per_floor":["M","M","M","M","?","R","$","E","T","M","$","M","R","?","R","B",null,"M","M","$","?","M","R","M","M","T","E","$","?","R","E","R","B",null,"M","?","$","M","M","E"],"character_chosen":"THE_SILENT","items_purchased":["Poisoned Stab","Noxious Fumes","Regal Pillow"],"campfire_rested":2,"item_purchase_floors":[7,7,20],"current_hp_per_floor":[59,56,52,52,52,52,52,16,16,28,28,39,39,28,28,13,53,30,14,14,14,30,64,51,43,43,34,34,34,66,59,59,20,55,42,42,42,42,37,0],"gold":176,"neow_bonus":"BOSS_RELIC","is_prod":false,"is_daily":false,"chose_seed":false,"campfire_upgraded":4,"win_rate":0,"timestamp":1551633580,"path_taken":["M","M","M","M","?","R","$","E","T","M","?","?","R","?","R","BOSS","M","M","$","?","M","R","?","M","T","E","?","?","R","E","R","BOSS","M","?","$","M","M","E"],"build_version":"2019-01-23","purchased_purges":2,"victory":false,"max_hp_per_floor":[66,66,66,66,66,66,66,66,66,66,66,66,66,66,66,66,66,66,66,66,66,66,66,66,66,66,66,66,66,66,66,66,66,66,66,66,66,66,66,66],"card_choices":[{"not_picked":["Crippling Poison","Prepared"],"picked":"Acrobatics","floor":1.0},{"not_picked":["Prepared","Acrobatics"],"picked":"Calculated Gamble","floor":2.0},{"not_picked":["Infinite Blades","Blade Dance","Sucker Punch"],"picked":"SKIP","floor":3.0},{"not_picked":["Slice","Flying Knee"],"picked":"Adrenaline","floor":4.0},{"not_picked":["Dagger Spray","All Out Attack","Flying Knee"],"picked":"SKIP","floor":8.0},{"not_picked":["Dodge and Roll","Crippling Poison","Deadly Poison"],"picked":"SKIP","floor":10.0},{"not_picked":["Blade Dance","PiercingWail","Cloak And Dagger"],"picked":"SKIP","floor":12.0},{"not_picked":["Blade Dance","PiercingWail","Cloak And Dagger"],"picked":"SKIP","floor":12.0},{"not_picked":["Die Die Die","Phantasmal Killer"],"picked":"Grand Finale","floor":16.0},{"not_picked":["Reflex","Outmaneuver+1"],"picked":"Backflip","floor":18.0},{"not_picked":["Leg Sweep","Dagger Throw","Blade Dance"],"picked":"SKIP","floor":19.0},{"not_picked":["Blade Dance","Blur","Deadly Poison"],"picked":"SKIP","floor":22.0},{"not_picked":["Accuracy","Outmaneuver","Slice"],"picked":"SKIP","floor":24.0},{"not_picked":["Bane","Quick Slash","Concentrate"],"picked":"SKIP","floor":25.0},{"not_picked":["Bane","Quick Slash","Concentrate"],"picked":"SKIP","floor":25.0},{"not_picked":["Slice","Quick Slash","Deadly Poison"],"picked":"SKIP","floor":27.0},{"not_picked":["Dash+1","Sucker Punch","Bouncing Flask"],"picked":"SKIP","floor":31.0},{"not_picked":["Dash+1","Sucker Punch","Bouncing Flask"],"picked":"SKIP","floor":31.0},{"not_picked":["Tools of the Trade","Bullet Time"],"picked":"Adrenaline","floor":33.0},{"not_picked":["All Out Attack","Dash"],"picked":"Acrobatics","floor":34.0},{"not_picked":["Leg Sweep","Acrobatics"],"picked":"Footwork","floor":34.0},{"not_picked":["Dodge and Roll","Eviscerate"],"picked":"Prepared","floor":34.0},{"not_picked":["Backstab","Deflect","Infinite Blades"],"picked":"SKIP","floor":35.0},{"not_picked":["Backflip","Acrobatics","Accuracy+1"],"picked":"SKIP","floor":38.0},{"not_picked":["Backflip","Acrobatics","Accuracy+1"],"picked":"SKIP","floor":38.0},{"not_picked":["Bane+1","Blade Dance","Sucker Punch"],"picked":"SKIP","floor":39.0}],"player_experience":2708971,"relics_obtained":[{"floor":8.0,"key":"Meat on the Bone"},{"floor":26.0,"key":"Letter Opener"},{"floor":27.0,"key":"Dream Catcher"},{"floor":31.0,"key":"Paper Crane"}],"event_choices":[{"damage_healed":0.0,"max_hp_gain":0.0,"max_hp_loss":0.0,"gold_gain":0.0,"event_name":"Match and Keep!","player_choice":"1 cards matched","floor":5.0,"gold_loss":0.0,"damage_taken":0.0,"cards_obtained":["Tactician"]},{"damage_healed":0.0,"max_hp_gain":0.0,"max_hp_loss":0.0,"gold_gain":0.0,"event_name":"Match and Keep!","player_choice":"1 cards matched","floor":5.0,"gold_loss":0.0,"damage_taken":0.0,"cards_obtained":["Tactician"]},{"damage_healed":0.0,"max_hp_gain":0.0,"max_hp_loss":0.0,"gold_gain":75.0,"event_name":"World of Goop","player_choice":"Gather Gold","floor":14.0,"gold_loss":0.0,"damage_taken":11.0},{"damage_healed":0.0,"max_hp_gain":0.0,"max_hp_loss":0.0,"gold_gain":0.0,"event_name":"Accursed Blacksmith","player_choice":"Forge","floor":21.0,"gold_loss":0.0,"damage_taken":0.0,"cards_upgraded":["Neutralize"]},{"damage_healed":0.0,"max_hp_gain":0.0,"max_hp_loss":0.0,"gold_gain":50.0,"event_name":"Nest","player_choice":"Stole From Cult","floor":29.0,"gold_loss":0.0,"damage_taken":0.0},{"cards_removed":["Strike_G"],"damage_healed":0.0,"max_hp_gain":0.0,"max_hp_loss":0.0,"gold_gain":0.0,"event_name":"Falling","player_choice":"Removed Attack","floor":36.0,"gold_loss":0.0,"damage_taken":0.0}],"is_beta":false,"boss_relics":[{"not_picked":["Ectoplasm","Sozu"],"picked":"Lizard Tail"},{"not_picked":["Runic Dome","Coffee Dripper"],"picked":"Orrery"}],"items_purged_floors":[20,37],"is_endless":false,"potions_floor_spawned":[2,4,10,19,22,24,25,33,39],"killed_by":"Nemesis","ascension_level":20}