{"gold_per_floor":[366,384,384,399,68,68,100,115,115,133,38,55,5,23,23,121,121,141,176,193,293,305,305,320,332,355,369,369,395,395,421,421,520,520,534,10,28,47,47,47,65,118,118,131,156,170,61,79,79,79],"floor_reached":51,"playtime":1108,"items_purged":["Defend_R","Defend_R","Defend_R","Decay"],"score":825,"play_id":"f3d69478-c7d4-48c0-95e6-102d3749031b","local_time":"20181026205015","is_ascension_mode":false,"campfire_choices":[{"data":"Flex","floor":6.0,"key":"SMITH"},{"data":"Heavy Blade","floor":15.0,"key":"SMITH"},{"floor":23.0,"key":"REST"},{"data":"Perfected Strike","floor":28.0,"key":"SMITH"},{"floor":32,"key":"REST"},{"data":"Perfected Strike","floor":40,"key":"SMITH"},{"data":"Perfected Strike","floor":49,"key":"SMITH"}],"neow_cost":"TEN_PERCENT_HP_LOSS","seed_source_timestamp":153257942389115,"circlet_count":0,"master_deck":["Strike_R","Strike_R","Strike_R","Strike_R","Strike_R","Bash+1","Flex+1","Clash","Heavy Blade+1","Pommel Strike","Perfected Strike+1","Anger","Thunderclap","Perfected Strike+1","Offering+1","Cleave","Iron Wave+1","Wild Strike+1","Spot Weakness+1","Spot Weakness+1","Perfected Strike+1","Pommel Strike","Whirlwind+1","Fiend Fire","Battle Trance+1","Perfected Strike+1","Pummel+1","Offering","Pummel"],"special_seed":0,"relics":["Burning Blood","Sling","Smiling Mask","Self Forming Clay","Cursed Key","Red Mask","Magic Flower","Matryoshka","Happy Flower","Art of War","The Courier","Torii","Velvet Choker","Brimstone","Bag of Marbles","Meat on the Bone","Ginger","War Paint"],"potions_floor_usage":[33,50,50],"damage_taken":[{"damage":5.0,"enemies":"2 Louse","floor":1.0,"turns":3.0},{"damage":12.0,"enemies":"Small Slimes","floor":2.0,"turns":3.0},{"damage":0.0,"enemies":"Cultist","floor":4.0,"turns":2.0},{"damage":8.0,"enemies":"Gremlin Nob","floor":7.0,"turns":3.0},{"damage":0.0,"enemies":"Red Slaver","floor":8.0,"turns":2.0},{"damage":7.0,"enemies":"Looter","floor":10.0,"turns":3.0},{"damage":7.0,"enemies":"Blue Slaver","floor":12.0,"turns":2.0},{"damage":1.0,"enemies":"Gremlin Gang","floor":14.0,"turns":2.0},{"damage":0.0,"enemies":"Slime Boss","floor":16.0,"turns":4.0},{"damage":11.0,"enemies":"3 Byrds","floor":18.0,"turns":3.0},{"damage":14.0,"enemies":"Masked Bandits","floor":19.0,"turns":3.0},{"damage":0.0,"enemies":"2 Thieves","floor":20.0,"turns":2.0},{"damage":17.0,"enemies":"Colosseum Slavers","floor":21.0,"turns":2.0},{"damage":6.0,"enemies":"Colosseum Nobs","floor":21.0,"turns":3.0},{"damage":6.0,"enemies":"Snecko","floor":22.0,"turns":2.0},{"damage":24.0,"enemies":"Snake Plant","floor":24.0,"turns":3.0},{"damage":13.0,"enemies":"Shelled Parasite and Fungi","floor":25.0,"turns":3.0},{"damage":0.0,"enemies":"Snecko","floor":27.0,"turns":2.0},{"damage":8.0,"enemies":"Gremlin Leader","floor":29.0,"turns":3.0},{"damage":20,"enemies":"Slavers","floor":31,"turns":2},{"damage":32,"enemies":"Collector","floor":33,"turns":5},{"damage":7,"enemies":"Orb Walker","floor":35,"turns":2},{"damage":3,"enemies":"3 Shapes","floor":37,"turns":2},{"damage":12,"enemies":"Writhing Mass","floor":38,"turns":2},{"damage":0,"enemies":"Transient","floor":41,"turns":5},{"damage":0,"enemies":"2 Orb Walkers","floor":42,"turns":1},{"damage":16,"enemies":"Sphere and 2 Shapes","floor":44,"turns":3},{"damage":9,"enemies":"Nemesis","floor":45,"turns":3},{"damage":14,"enemies":"Jaw Worm Horde","floor":46,"turns":2},{"damage":3,"enemies":"4 Shapes","floor":48,"turns":1},{"damage":47,"enemies":"Donu and Deca","floor":50,"turns":4}],"seed_played":"-5435974665556864343","potions_obtained":[{"floor":2.0,"key":"Block Potion"},{"floor":4.0,"key":"Ancient Potion"},{"floor":7.0,"key":"Weak Potion"},{"floor":14.0,"key":"FearPotion"},{"floor":16.0,"key":"Fruit Juice"},{"floor":18.0,"key":"SteroidPotion"},{"floor":20.0,"key":"Fire Potion"},{"floor":27.0,"key":"SpeedPotion"},{"floor":38,"key":"Fire Potion"},{"floor":42,"key":"EssenceOfSteel"},{"floor":45,"key":"FearPotion"}],"is_trial":false,"path_per_floor":["M","M","?","M","$","R","E","M","T","M","$","M","?","M","R","B",null,"M","?","M","?","M","R","M","M","T","M","R","E","?","E","R","B",null,"M","$","M","M","?","R","M","?","T","M","E","M","$","M","R","B"],"character_chosen":"IRONCLAD","items_purchased":["Pommel Strike","Sling","Thunderclap","Brimstone","Bag of Marbles","Meat on the Bone","Pummel"],"campfire_rested":2,"item_purchase_floors":[5,5,11,36,36,36,47],"current_hp_per_floor":[72,66,66,72,72,72,70,72,72,71,71,70,70,72,72,72,77,72,64,70,59,62,77,62,58,58,67,67,68,68,57,77,54,77,77,77,77,74,74,74,77,77,77,70,70,65,65,71,71,51],"gold":79,"neow_bonus":"TWO_FIFTY_GOLD","is_prod":false,"is_daily":false,"chose_seed":false,"campfire_upgraded":5,"win_rate":0,"timestamp":1540612215,"path_taken":["M","M","?","M","$","R","E","M","T","M","$","M","?","?","R","BOSS","M","?","M","?","M","R","M","M","T","M","R","E","?","E","R","BOSS","M","$","?","M","?","R","M","?","T","M","E","M","$","M","R","BOSS"],"build_version":"2018-10-25v2","purchased_purges":4,"victory":true,"max_hp_per_floor":[72,72,72,72,72,72,72,72,72,72,72,72,72,72,72,72,77,77,77,77,77,77,77,77,77,77,77,77,77,77,77,77,77,77,77,77,77,77,77,77,77,77,77,77,77,77,77,77,77,77],"card_choices":[{"not_picked":["Clothesline","Cleave"],"picked":"Flex","floor":1.0},{"not_picked":["Sever Soul","Flex"],"picked":"Clash","floor":2.0},{"not_picked":["Entrench","Flex"],"picked":"Heavy Blade","floor":4.0},{"not_picked":["Evolve","Dark Embrace","Carnage"],"picked":"SKIP","floor":7.0},{"not_picked":["Reckless Charge","Flex"],"picked":"Perfected Strike","floor":8.0},{"not_picked":["Clash","Perfected Strike"],"picked":"Anger","floor":10.0},{"not_picked":["Sever Soul","Hemokinesis","Fire Breathing"],"picked":"SKIP","floor":12.0},{"not_picked":["Warcry","Ghostly Armor","Perfected Strike"],"picked":"SKIP","floor":14.0},{"not_picked":["Warcry","Ghostly Armor"],"picked":"Perfected Strike","floor":14.0},{"not_picked":["Double Tap","Brutality"],"picked":"Offering","floor":16.0},{"not_picked":["Anger","Clothesline"],"picked":"Cleave","floor":18.0},{"not_picked":["Uppercut","Pummel"],"picked":"Iron Wave+1","floor":19.0},{"not_picked":["Feel No Pain","Twin Strike"],"picked":"Wild Strike+1","floor":20.0},{"not_picked":["Power Through","Inflame"],"picked":"Spot Weakness+1","floor":21.0},{"not_picked":["Iron Wave","Fire Breathing","Warcry"],"picked":"SKIP","floor":22.0},{"not_picked":["Clothesline","Anger","Limit Break"],"picked":"SKIP","floor":24.0},{"not_picked":["Armaments","Feel No Pain+1"],"picked":"Spot Weakness+1","floor":25.0},{"not_picked":["Iron Wave","Uppercut"],"picked":"Perfected Strike","floor":27.0},{"not_picked":["Cleave","Burning Pact+1","Clothesline"],"picked":"SKIP","floor":29},{"not_picked":["True Grit+1","Cleave"],"picked":"Whirlwind+1","floor":31},{"not_picked":["Bludgeon","Berserk"],"picked":"Fiend Fire","floor":33},{"not_picked":["Blood for Blood","Reckless Charge","Flame Barrier"],"picked":"SKIP","floor":35},{"not_picked":["Armaments+1","Shrug It Off+1"],"picked":"Battle Trance","floor":37},{"not_picked":["Inflame+1","Battle Trance+1","Entrench"],"picked":"SKIP","floor":38},{"not_picked":["Infernal Blade","Anger"],"picked":"Perfected Strike+1","floor":41},{"not_picked":["Shrug It Off","Feel No Pain+1"],"picked":"Pummel+1","floor":44},{"not_picked":["Cleave","Dropkick+1"],"picked":"Offering","floor":45},{"not_picked":["Warcry+1","Fire Breathing+1","True Grit+1"],"picked":"SKIP","floor":46},{"not_picked":["Brutality","Flex","Twin Strike"],"picked":"SKIP","floor":48}],"player_experience":1490382,"relics_obtained":[{"floor":7.0,"key":"Smiling Mask"},{"floor":9.0,"key":"Self Forming Clay"},{"floor":19.0,"key":"Red Mask"},{"floor":21.0,"key":"Magic Flower"},{"floor":21.0,"key":"Matryoshka"},{"floor":26.0,"key":"Happy Flower"},{"floor":26.0,"key":"Art of War"},{"floor":29,"key":"The Courier"},{"floor":31,"key":"Torii"},{"floor":42,"key":"Ginger"},{"floor":45,"key":"War Paint"}],"event_choices":[{"damage_healed":0.0,"max_hp_gain":0.0,"max_hp_loss":0.0,"gold_gain":0.0,"event_name":"Living Wall","player_choice":"Grow","floor":3.0,"gold_loss":0.0,"damage_taken":0.0,"cards_upgraded":["Bash"]},{"cards_removed":["Defend_R"],"damage_healed":0.0,"max_hp_gain":0.0,"max_hp_loss":0.0,"gold_gain":0.0,"event_name":"The Cleric","player_choice":"Card Removal","floor":13.0,"gold_loss":50.0,"damage_taken":0.0},{"damage_healed":0.0,"max_hp_gain":0.0,"max_hp_loss":0.0,"gold_gain":0.0,"event_name":"Masked Bandits","player_choice":"Fought Bandits","floor":19.0,"gold_loss":0.0,"damage_taken":0.0},{"damage_healed":0.0,"max_hp_gain":0.0,"max_hp_loss":0.0,"gold_gain":0.0,"event_name":"Colosseum","player_choice":"Fight","floor":21.0,"gold_loss":0.0,"damage_taken":0.0},{"damage_healed":0.0,"max_hp_gain":0.0,"max_hp_loss":0.0,"gold_gain":0.0,"event_name":"Colosseum","player_choice":"Fought Nobs","floor":21.0,"gold_loss":0.0,"damage_taken":0.0},{"damage_healed":0,"gold_gain":0,"player_choice":"Read","damage_taken":0,"max_hp_gain":0,"max_hp_loss":0,"event_name":"The Library","floor":30,"gold_loss":0,"cards_obtained":["Pommel Strike"]},{"damage_healed":0,"gold_gain":0,"player_choice":"Memory 1","damage_taken":0,"max_hp_gain":0,"max_hp_loss":0,"event_name":"SensoryStone","floor":39,"gold_loss":0},{"damage_healed":0,"gold_gain":0,"player_choice":"Fight","damage_taken":0,"max_hp_gain":0,"max_hp_loss":0,"event_name":"Mysterious Sphere","floor":42,"gold_loss":0}],"is_beta":false,"boss_relics":[{"not_picked":["Black Star","Calling Bell"],"picked":"Cursed Key"},{"not_picked":["Mark of Pain","Orrery"],"picked":"Velvet Choker"}],"items_purged_floors":[5,11,36,47],"is_endless":false,"potions_floor_spawned":[2,4,7,14,16,18,20,21,25,27,38,42,45],"ascension_level":0}