{"gold_per_floor":[116,116,132,89,137,170,189,214,238,238,249,249,269,285,285,362,362,375,290,301,314,47,47,47,47,47,47,147,147,181,191,191,268,268,282,295,395,395,4,30,30,56,107,140,140,140,154,154,154,154,154,154,79,110,110],"floor_reached":55,"playtime":2836,"items_purged":["Strike_B","Rip and Tear"],"score":1786,"play_id":"a0825b2d-1f39-4309-b202-e8ebfa585495","local_time":"20190303181426","is_ascension_mode":true,"campfire_choices":[{"data":"Zap","floor":10,"key":"SMITH"},{"data":"Coolheaded","floor":12,"key":"SMITH"},{"data":"Electrodynamics","floor":15,"key":"SMITH"},{"data":"Coolheaded","floor":23,"key":"SMITH"},{"data":"Double Energy","floor":25,"key":"SMITH"},{"data":"Strike_B","floor":27,"key":"PURGE"},{"data":"Defend_B","floor":32,"key":"PURGE"},{"data":"Compile Driver","floor":41,"key":"PURGE"},{"data":"Defend_B+1","floor":45,"key":"PURGE"},{"data":"Dualcast+1","floor":46,"key":"PURGE"},{"floor":49,"key":"RECALL"},{"data":"Self Repair","floor":52,"key":"PURGE"}],"neow_cost":"NONE","seed_source_timestamp":23427435642000,"circlet_count":0,"master_deck":["AscendersBane","Zap+1","Coolheaded+1","Glacier","Electrodynamics+1","Double Energy+1","Biased Cognition","Coolheaded+1","Echo Form","Compile Driver+1","Reprogram+1","Coolheaded+1","Core Surge","Coolheaded"],"relics":["Cracked Core","NeowsBlessing","Dream Catcher","Sundial","Centennial Puzzle","Bag of Marbles","Runic Dome","Strawberry","Juzu Bracelet","Peace Pipe","FossilizedHelix","Bottled Tornado","Orichalcum","Astrolabe","WingedGreaves","Lantern","Smiling Mask","DataDisk","Shuriken","Bag of Preparation"],"potions_floor_usage":[11,16,16,33,55,55],"damage_taken":[{"damage":0,"enemies":"Jaw Worm","floor":1,"turns":1},{"damage":0,"enemies":"2 Louse","floor":3,"turns":1},{"damage":0,"enemies":"3 Sentries","floor":6,"turns":1},{"damage":0,"enemies":"Cultist","floor":7,"turns":3},{"damage":1,"enemies":"Lagavulin","floor":8,"turns":8},{"damage":0,"enemies":"2 Fungi Beasts","floor":11,"turns":2},{"damage":0,"enemies":"Exordium Wildlife","floor":13,"turns":2},{"damage":0,"enemies":"Exordium Thugs","floor":14,"turns":2},{"damage":18,"enemies":"Slime Boss","floor":16,"turns":7},{"damage":1,"enemies":"Shell Parasite","floor":18,"turns":3},{"damage":8,"enemies":"2 Thieves","floor":20,"turns":2},{"damage":10,"enemies":"Centurion and Healer","floor":21,"turns":4},{"damage":9,"enemies":"Colosseum Slavers","floor":28,"turns":2},{"damage":19,"enemies":"Colosseum Nobs","floor":28,"turns":3},{"damage":0,"enemies":"Slavers","floor":30,"turns":1},{"damage":3,"enemies":"Snecko","floor":31,"turns":4},{"damage":0,"enemies":"Collector","floor":33,"turns":9},{"damage":0,"enemies":"3 Shapes","floor":35,"turns":2},{"damage":0,"enemies":"Orb Walker","floor":36,"turns":2},{"damage":0,"enemies":"Mind Bloom Boss Battle","floor":37,"turns":7},{"damage":0,"enemies":"Reptomancer","floor":40,"turns":4},{"damage":0,"enemies":"Giant Head","floor":42,"turns":4},{"damage":0,"enemies":"Nemesis","floor":44,"turns":3},{"damage":0,"enemies":"3 Darklings","floor":47,"turns":2},{"damage":0,"enemies":"Awakened One","floor":50,"turns":3},{"damage":12,"enemies":"Shield and Spear","floor":54,"turns":3},{"damage":71,"enemies":"The Heart","floor":55,"turns":8}],"seed_played":"-1834301305685421352","potions_obtained":[{"floor":1,"key":"Dexterity Potion"},{"floor":7,"key":"AttackPotion"},{"floor":11,"key":"EssenceOfSteel"},{"floor":21,"key":"Ancient Potion"},{"floor":37,"key":"SteroidPotion"},{"floor":44,"key":"AttackPotion"}],"is_trial":false,"path_per_floor":["M","?","M","?","T","E","M","E","T","R","M","R","M","M","R","B",null,"M","?","M","M","$","R","?","R","T","R","?","?","E","M","R","B",null,"M","M","?","?","$","E","R","E","T","E","R","R","M","?","R","B",null,"R","$","E","B"],"character_chosen":"DEFECT","items_purchased":["Juzu Bracelet","Coolheaded","Core Surge","Lantern","Coolheaded","Block Potion"],"campfire_rested":0,"item_purchase_floors":[22,22,39,39,53,53],"current_hp_per_floor":[64,43,43,43,43,43,43,42,42,42,42,42,42,42,42,24,59,58,65,57,54,54,54,54,54,54,54,33,33,33,37,37,44,70,77,78,78,78,78,78,78,78,78,78,78,78,78,78,78,78,78,78,78,66,0],"gold":110,"neow_bonus":"THREE_ENEMY_KILL","is_prod":false,"is_daily":false,"chose_seed":false,"campfire_upgraded":5,"win_rate":0,"timestamp":1551608066,"path_taken":["M","?","M","?","?","E","M","E","T","R","?","R","M","M","R","BOSS","M","?","M","M","$","R","?","R","T","R","?","?","E","M","R","BOSS","M","M","?","?","$","E","R","E","T","E","R","R","M","?","R","BOSS","R","$","E","BOSS"],"build_version":"2019-01-23","purchased_purges":2,"victory":false,"max_hp_per_floor":[71,71,71,71,71,71,71,71,71,71,71,71,71,71,71,71,71,71,78,78,78,78,78,78,78,78,78,78,78,78,78,78,78,78,78,78,78,78,78,78,78,78,78,78,78,78,78,78,78,78,78,78,78,78,78],"card_choices":[{"not_picked":["Heatsinks","Cold Snap"],"picked":"Ball Lightning","floor":1},{"not_picked":["Hologram","Compile Driver"],"picked":"Coolheaded","floor":3},{"not_picked":["Static Discharge","Aggregate"],"picked":"Rip and Tear","floor":6},{"not_picked":["Double Energy","Heatsinks"],"picked":"Glacier","floor":7},{"not_picked":["Ball Lightning","White Noise","Gash"],"picked":"SKIP","floor":8},{"not_picked":["Ball Lightning","White Noise","Gash"],"picked":"SKIP","floor":8},{"not_picked":["Turbo","Defragment"],"picked":"Electrodynamics","floor":11},{"not_picked":["Stack","BootSequence"],"picked":"Double Energy","floor":13},{"not_picked":["FTL","Barrage"],"picked":"Compile Driver","floor":14},{"not_picked":["Echo Form","Amplify"],"picked":"Biased Cognition","floor":16},{"not_picked":["Redo+1","Conserve Battery","Sweeping Beam"],"picked":"SKIP","floor":18},{"not_picked":["Auto Shields","Redo"],"picked":"Self Repair","floor":20},{"not_picked":["Compile Driver","Fusion","Turbo"],"picked":"SKIP","floor":21},{"not_picked":["Buffer","Reinforced Body","Rebound"],"picked":"SKIP","floor":30},{"not_picked":["Compile Driver","Loop","Sweeping Beam"],"picked":"SKIP","floor":31},{"not_picked":["Rainbow","Thunder Strike"],"picked":"Echo Form","floor":33},{"not_picked":["Lockon+1","Streamline","Consume+1"],"picked":"SKIP","floor":35},{"not_picked":["Compile Driver","Go for the Eyes","Beam Cell"],"picked":"SKIP","floor":36},{"not_picked":["Ball Lightning+1","Chill","Gash"],"picked":"SKIP","floor":40},{"not_picked":["Turbo","Rebound","Biased Cognition"],"picked":"SKIP","floor":42},{"not_picked":["Static Discharge","Cold Snap","Aggregate+1"],"picked":"SKIP","floor":44},{"not_picked":["Glacier","Sweeping Beam","Rip and Tear"],"picked":"SKIP","floor":47},{"not_picked":["Glacier","Scrape+1","Force Field"],"picked":"SKIP","floor":54}],"player_experience":2698719,"relics_obtained":[{"floor":5,"key":"Dream Catcher"},{"floor":6,"key":"Sundial"},{"floor":8,"key":"Centennial Puzzle"},{"floor":9,"key":"Bag of Marbles"},{"floor":26,"key":"Peace Pipe"},{"floor":28,"key":"FossilizedHelix"},{"floor":28,"key":"Bottled Tornado"},{"floor":30,"key":"Orichalcum"},{"floor":37,"key":"WingedGreaves"},{"floor":40,"key":"Smiling Mask"},{"floor":42,"key":"DataDisk"},{"floor":44,"key":"Shuriken"},{"floor":54,"key":"Bag of Preparation"}],"event_choices":[{"damage_healed":0,"gold_gain":0,"player_choice":"Entered Light","damage_taken":21,"max_hp_gain":0,"max_hp_loss":0,"event_name":"Shining Light","floor":2,"gold_loss":0,"cards_upgraded":["Defend_B","Dualcast"]},{"damage_healed":0,"gold_gain":0,"player_choice":"Left Gold","damage_taken":0,"max_hp_gain":0,"max_hp_loss":0,"event_name":"World of Goop","floor":4,"gold_loss":43},{"damage_healed":0,"gold_gain":0,"player_choice":"Obtained Relic","damage_taken":0,"relics_obtained":["Strawberry"],"max_hp_gain":0,"max_hp_loss":0,"event_name":"Addict","floor":19,"gold_loss":85},{"cards_removed":["Strike_B"],"damage_healed":0,"gold_gain":0,"player_choice":"Purged","damage_taken":0,"max_hp_gain":0,"max_hp_loss":0,"event_name":"Purifier","floor":24,"gold_loss":0},{"damage_healed":0,"gold_gain":0,"player_choice":"Fight","damage_taken":0,"max_hp_gain":0,"max_hp_loss":0,"event_name":"Colosseum","floor":28,"gold_loss":0},{"damage_healed":0,"gold_gain":0,"player_choice":"Fought Nobs","damage_taken":0,"max_hp_gain":0,"max_hp_loss":0,"event_name":"Colosseum","floor":28,"gold_loss":0},{"damage_healed":0,"gold_gain":0,"player_choice":"Ignored","damage_taken":0,"max_hp_gain":0,"max_hp_loss":0,"event_name":"Cursed Tome","floor":29,"gold_loss":0},{"damage_healed":0,"gold_gain":0,"player_choice":"Fight","damage_taken":0,"max_hp_gain":0,"max_hp_loss":0,"event_name":"MindBloom","floor":37,"gold_loss":0},{"cards_removed":["Ball Lightning"],"damage_healed":0,"gold_gain":0,"player_choice":"Removed Attack","damage_taken":0,"max_hp_gain":0,"max_hp_loss":0,"event_name":"Falling","floor":38,"gold_loss":0},{"damage_healed":0,"gold_gain":0,"player_choice":"0 cards matched","damage_taken":0,"max_hp_gain":0,"max_hp_loss":0,"event_name":"Match and Keep!","floor":48,"gold_loss":0,"cards_obtained":[]}],"is_beta":false,"boss_relics":[{"not_picked":["Tiny House","FrozenCore"],"picked":"Runic Dome"},{"not_picked":["Calling Bell","Velvet Choker"],"picked":"Astrolabe"}],"items_purged_floors":[22,39],"is_endless":false,"potions_floor_spawned":[1,7,11,21,28,37,44,47],"killed_by":"The Heart","ascension_level":15}