{"gold_per_floor":[109,109,39,53,65,65,100,100,100,31,49,68,68,68,68,170,200,214,129,54,73,93,93,111,111],"floor_reached":25,"playtime":1304,"items_purged":["Strike_G"],"score":223,"play_id":"4228f1cc-7986-4109-a908-c11ea086e3c0","local_time":"20180716212019","is_ascension_mode":true,"campfire_choices":[{"data":"Noxious Fumes","floor":6,"key":"SMITH"},{"data":"Calculated Gamble","floor":8,"key":"SMITH"},{"data":"Infinite Blades","floor":13,"key":"SMITH"},{"data":"Infinite Blades","floor":15,"key":"SMITH"},{"floor":23,"key":"REST"}],"neow_cost":"NONE","seed_source_timestamp":0,"circlet_count":0,"master_deck":["Defend_G","Defend_G","Defend_G","Defend_G","Defend_G","Strike_G","Strike_G","Strike_G","Strike_G","Survivor","Neutralize","Flying Knee","Infinite Blades+1","PiercingWail","Noxious Fumes+1","Calculated Gamble+1","Infinite Blades+1","Well Laid Plans+1","Envenom","Footwork","Noxious Fumes","Poisoned Stab+1","Reflex+1"],"special_seed":17728,"relics":["Ring of the Snake","NeowsBlessing","Dodecahedron","Potion Belt","Boot","FaceOfCleric","Tiny House","Orichalcum"],"potions_floor_usage":[16,18,18,24],"damage_taken":[{"damage":0,"enemies":"Jaw Worm","floor":1,"turns":1},{"damage":0,"enemies":"2 Louse","floor":4,"turns":1},{"damage":0,"enemies":"Cultist","floor":5,"turns":1},{"damage":11,"enemies":"Lagavulin","floor":7,"turns":8},{"damage":3,"enemies":"Blue Slaver","floor":11,"turns":5},{"damage":4,"enemies":"3 Louse","floor":12,"turns":4},{"damage":23,"enemies":"Hexaghost","floor":16,"turns":10},{"damage":18,"enemies":"Shell Parasite","floor":18,"turns":7},{"damage":24,"enemies":"3 Byrds","floor":21,"turns":5},{"damage":16,"enemies":"Centurion and Healer","floor":22,"turns":8},{"damage":14,"enemies":"Snake Plant","floor":24,"turns":6},{"damage":53,"enemies":"Sentry and Sphere","floor":25,"turns":7}],"seed_played":"-2205032152784244808","potions_obtained":[{"floor":4,"key":"FearPotion"},{"floor":5,"key":"Energy Potion"},{"floor":7,"key":"GhostInAJar"},{"floor":17,"key":"AttackPotion"},{"floor":22,"key":"Regen Potion"}],"is_trial":false,"path_per_floor":["M","?","$","M","M","R","E","R","T","$","M","M","R","?","R","B",null,"M","?","$","M","M","R","M"],"character_chosen":"THE_SILENT","items_purchased":["Infinite Blades","Infinite Blades"],"campfire_rested":1,"item_purchase_floors":[3,10],"current_hp_per_floor":[70,67,67,67,67,67,56,56,56,56,53,49,49,49,49,27,76,59,59,59,36,21,44,46,0],"gold":111,"neow_bonus":"THREE_ENEMY_KILL","is_prod":false,"is_daily":false,"chose_seed":false,"campfire_upgraded":4,"win_rate":0,"timestamp":1531768819,"path_taken":["M","?","$","M","M","R","E","R","T","$","M","M","R","?","R","BOSS","M","?","$","M","M","R","M","M"],"build_version":"2018-07-12","purchased_purges":1,"victory":false,"max_hp_per_floor":[70,70,70,70,70,70,70,70,70,70,70,70,70,70,70,71,76,77,77,77,78,79,79,80,80],"card_choices":[{"not_picked":["Expertise","Slice"],"picked":"Flying Knee","floor":1},{"not_picked":["Bane","Dagger Throw"],"picked":"PiercingWail","floor":4},{"not_picked":["Poisoned Stab","Dagger Throw"],"picked":"Noxious Fumes","floor":5},{"not_picked":["Slice","Backstab"],"picked":"Calculated Gamble","floor":7},{"not_picked":["Masterful Stab","Tactician","Slice"],"picked":"SKIP","floor":11},{"not_picked":["Sucker Punch","Backflip"],"picked":"Well Laid Plans","floor":12},{"not_picked":["Unload","A Thousand Cuts"],"picked":"Envenom","floor":16},{"not_picked":["Outmaneuver","Bane"],"picked":"Footwork","floor":17},{"not_picked":["Quick Slash","Backstab"],"picked":"Noxious Fumes","floor":18},{"not_picked":["Deflect","Acrobatics","Underhanded Strike"],"picked":"SKIP","floor":21},{"not_picked":["Underhanded Strike","Tactician"],"picked":"Poisoned Stab+1","floor":22},{"not_picked":["Quick Slash","Slice"],"picked":"Reflex+1","floor":24}],"player_experience":143657,"relics_obtained":[{"floor":7,"key":"Potion Belt"},{"floor":9,"key":"Boot"}],"event_choices":[{"event_name":"Scrap Ooze","player_choice":"success","floor":2,"damage_taken":3},{"event_name":"FaceTrader","player_choice":"Trade","floor":14,"damage_taken":0},{"event_name":"Addict","player_choice":"Obtained Relic","floor":19,"damage_taken":0}],"boss_relics":[{"not_picked":["Velvet Choker","Empty Cage"],"picked":"Tiny House"}],"items_purged_floors":[20],"is_endless":false,"potions_floor_spawned":[4,5,7,22],"killed_by":"Sentry and Sphere","ascension_level":2}