{"gold_per_floor":[113,126,126,80,98,98,142,142,196,240,240,279,297,320,320,414,414,438,488,488,501,525,525,49,49,79,113,113,147,166,166,166,256,256,274,18,41,41,66,107,127,127],"floor_reached":42,"playtime":1575,"items_purged":["Strike_R"],"score":919,"play_id":"e2da5c1b-3bdb-4f7d-a6b0-ef0b897013e0","local_time":"20190326224852","is_ascension_mode":true,"campfire_choices":[{"data":"Bash","floor":6.0,"key":"SMITH"},{"floor":11.0,"key":"REST"},{"data":"1","floor":15.0,"key":"LIFT"},{"data":"2","floor":23.0,"key":"LIFT"},{"data":"3","floor":25.0,"key":"LIFT"},{"data":"Limit Break","floor":28,"key":"SMITH"},{"floor":32,"key":"REST"}],"neow_cost":"NONE","seed_source_timestamp":54978247855129,"circlet_count":0,"master_deck":["AscendersBane","Strike_R","Strike_R","Strike_R","Defend_R","Defend_R+1","Defend_R+1","Defend_R","Bash+1","Anger","Cleave","Shrug It Off","Headbutt","Heavy Blade","Whirlwind","Shrug It Off","Shrug It Off","Limit Break+1","Sword Boomerang+1","Battle Trance","Metallicize","Uppercut","True Grit","Exhume","Shrug It Off+1","Shockwave"],"special_seed":0,"relics":["Burning Blood","Golden Idol","Potion Belt","War Paint","Girya","Bag of Preparation","Busted Crown","Nilry\u0027s Codex","Lantern","Tiny Chest","Letter Opener","Omamori","Cursed Key","Question Card","Unceasing Top"],"potions_floor_usage":[29,29,33,33,40],"damage_taken":[{"damage":16.0,"enemies":"Small Slimes","floor":1.0,"turns":6.0},{"damage":0.0,"enemies":"Jaw Worm","floor":2.0,"turns":3.0},{"damage":1.0,"enemies":"Cultist","floor":5.0,"turns":3.0},{"damage":19.0,"enemies":"Lagavulin","floor":7.0,"turns":7.0},{"damage":32.0,"enemies":"Gremlin Nob","floor":10.0,"turns":4.0},{"damage":16.0,"enemies":"3 Sentries","floor":12.0,"turns":5.0},{"damage":5.0,"enemies":"Large Slime","floor":13.0,"turns":5.0},{"damage":0.0,"enemies":"Blue Slaver","floor":14.0,"turns":3.0},{"damage":18.0,"enemies":"Slime Boss","floor":16.0,"turns":7.0},{"damage":1.0,"enemies":"Shell Parasite","floor":18.0,"turns":6.0},{"damage":3.0,"enemies":"Spheric Guardian","floor":21.0,"turns":3.0},{"damage":8.0,"enemies":"Snake Plant","floor":22.0,"turns":3.0},{"damage":20,"enemies":"Slavers","floor":27,"turns":2},{"damage":26,"enemies":"Book of Stabbing","floor":29,"turns":3},{"damage":0,"enemies":"Snecko","floor":30,"turns":3},{"damage":40,"enemies":"Automaton","floor":33,"turns":9},{"damage":4,"enemies":"Orb Walker","floor":35,"turns":3},{"damage":0,"enemies":"3 Shapes","floor":37,"turns":4},{"damage":21,"enemies":"Maw","floor":39,"turns":5},{"damage":33,"enemies":"Reptomancer","floor":40,"turns":5},{"damage":0,"enemies":"Transient","floor":41,"turns":5},{"damage":29,"enemies":"Giant Head","floor":42,"turns":5}],"seed_played":"-947286499945903727","potions_obtained":[{"floor":0.0,"key":"EntropicBrew"},{"floor":0.0,"key":"SpeedPotion"},{"floor":5.0,"key":"Strength Potion"},{"floor":12.0,"key":"AttackPotion"},{"floor":14.0,"key":"Regen Potion"},{"floor":22.0,"key":"GamblersBrew"},{"floor":27,"key":"LiquidBronze"},{"floor":29,"key":"SpeedPotion"},{"floor":39,"key":"SkillPotion"}],"is_trial":false,"path_per_floor":["M","M","?","$","M","R","E","?","T","E","R","E","M","M","R","B",null,"M","?","?","M","M","R","$","R","T","E","R","E","M","?","R","B",null,"M","$","M","?","M","E","M","E"],"character_chosen":"IRONCLAD","items_purchased":["Shrug It Off","Battle Trance","Regen Potion","Lantern","Metallicize","Uppercut","Question Card"],"campfire_rested":2,"item_purchase_floors":[4,24,24,24,24,24,36],"current_hp_per_floor":[58,64,64,64,68,68,55,55,55,29,49,39,40,46,46,34,60,65,65,44,47,54,54,54,54,54,40,40,32,38,38,58,24,57,59,59,65,65,50,23,29,0],"gold":127,"neow_bonus":"THREE_SMALL_POTIONS","is_prod":false,"is_daily":false,"chose_seed":false,"campfire_upgraded":2,"win_rate":0,"timestamp":1553665732,"path_taken":["M","M","?","$","M","R","E","?","T","E","R","E","M","?","R","BOSS","M","?","?","M","M","R","$","R","T","E","R","E","?","?","R","BOSS","M","$","M","?","M","E","M","E"],"build_version":"2019-01-23","purchased_purges":1,"victory":false,"max_hp_per_floor":[75,75,68,68,68,68,68,68,68,68,68,68,68,68,68,68,68,68,68,68,68,68,68,68,68,68,68,68,68,68,68,68,68,68,68,68,68,68,68,68,68,68],"card_choices":[{"not_picked":["Wild Strike","Hemokinesis"],"picked":"Anger","floor":1.0},{"not_picked":["Armaments","Dropkick"],"picked":"Cleave","floor":2.0},{"not_picked":["Heavy Blade","Flex"],"picked":"Headbutt","floor":5.0},{"not_picked":["Anger","Cleave"],"picked":"Heavy Blade","floor":7.0},{"not_picked":["Anger","Clash"],"picked":"Whirlwind","floor":10.0},{"not_picked":["Barricade","Perfected Strike","Havoc"],"picked":"SKIP","floor":12.0},{"not_picked":["Warcry","Body Slam"],"picked":"Shrug It Off","floor":13.0},{"not_picked":["Bloodletting","Heavy Blade"],"picked":"Shrug It Off","floor":14.0},{"not_picked":["Feed","Immolate"],"picked":"Limit Break","floor":16.0},{"not_picked":["Combust"],"picked":"SKIP","floor":18.0},{"not_picked":[],"picked":"Sword Boomerang+1","floor":21.0},{"not_picked":["Thunderclap"],"picked":"SKIP","floor":22.0},{"not_picked":["Blood for Blood"],"picked":"SKIP","floor":27},{"not_picked":["Rupture"],"picked":"SKIP","floor":29},{"not_picked":[],"picked":"True Grit","floor":30},{"not_picked":[],"picked":"Exhume","floor":33},{"not_picked":["Clash"],"picked":"SKIP","floor":35},{"not_picked":["Clash+1","Heavy Blade"],"picked":"SKIP","floor":37},{"not_picked":["Pummel","Flex+1"],"picked":"SKIP","floor":39},{"not_picked":["Iron Wave"],"picked":"Shrug It Off+1","floor":40},{"not_picked":["Cleave"],"picked":"Shockwave","floor":41}],"player_experience":2380759,"relics_obtained":[{"floor":7.0,"key":"Potion Belt"},{"floor":9.0,"key":"War Paint"},{"floor":10.0,"key":"Girya"},{"floor":12.0,"key":"Bag of Preparation"},{"floor":20.0,"key":"Nilry\u0027s Codex"},{"floor":26.0,"key":"Tiny Chest"},{"floor":27,"key":"Letter Opener"},{"floor":29,"key":"Omamori"},{"floor":40,"key":"Unceasing Top"}],"event_choices":[{"damage_healed":0.0,"max_hp_gain":0.0,"max_hp_loss":7.0,"gold_gain":0.0,"event_name":"Golden Idol","player_choice":"Lose Max HP","floor":3.0,"gold_loss":0.0,"damage_taken":0.0,"relics_obtained":["Golden Idol"]},{"cards_removed":["Strike_R"],"damage_healed":0.0,"max_hp_gain":0.0,"max_hp_loss":0.0,"gold_gain":0.0,"event_name":"Purifier","player_choice":"Purged","floor":8.0,"gold_loss":0.0,"damage_taken":0.0},{"damage_healed":0.0,"max_hp_gain":0.0,"max_hp_loss":0.0,"gold_gain":50.0,"event_name":"Nest","player_choice":"Stole From Cult","floor":19.0,"gold_loss":0.0,"damage_taken":0.0},{"damage_healed":0.0,"max_hp_gain":0.0,"max_hp_loss":0.0,"gold_gain":0.0,"event_name":"Cursed Tome","player_choice":"Obtained Book","floor":20.0,"gold_loss":0.0,"damage_taken":21.0},{"damage_healed":0,"gold_gain":0,"player_choice":"Ignored","damage_taken":0,"max_hp_gain":0,"max_hp_loss":0,"event_name":"Ghosts","floor":31,"gold_loss":0},{"damage_healed":0,"gold_gain":0,"player_choice":"0 cards matched","damage_taken":0,"max_hp_gain":0,"max_hp_loss":0,"event_name":"Match and Keep!","floor":38,"gold_loss":0,"cards_obtained":[]}],"is_beta":false,"boss_relics":[{"not_picked":["White Beast Statue","Tiny House"],"picked":"Busted Crown"},{"not_picked":["Coffee Dripper","Velvet Choker"],"picked":"Cursed Key"}],"items_purged_floors":[24],"is_endless":false,"potions_floor_spawned":[5,12,14,22,27,29,39],"killed_by":"Giant Head","ascension_level":15}