{"gold_per_floor":[115,75,89,14,14,14,42,62,62,62,78,106,106,125,125,223,223,233,233,133,147,147,174,186,224,236,278,81,114,114,514,514,619,619,633,645,745,745,822,822,832,860,860,417,417,23,23,43,43,43,43,43,18,48,48],"floor_reached":56,"playtime":2355,"items_purged":["Strike_B","Defend_B","Regret","Injury"],"score":1692,"play_id":"face8219-a5a3-44dc-a64d-e681fbbb7418","local_time":"20190418143843","is_ascension_mode":true,"campfire_choices":[{"data":"Zap","floor":6.0,"key":"SMITH"},{"data":"Consume","floor":13.0,"key":"SMITH"},{"data":"Conserve Battery","floor":15.0,"key":"SMITH"},{"floor":24.0,"key":"REST"},{"floor":30.0,"key":"REST"},{"data":"Coolheaded","floor":32.0,"key":"SMITH"},{"data":"Turbo","floor":40.0,"key":"SMITH"},{"data":"Apotheosis","floor":45.0,"key":"SMITH"},{"data":"Skim","floor":47.0,"key":"SMITH"},{"floor":49.0,"key":"RECALL"},{"data":"Defragment","floor":52,"key":"SMITH"}],"neow_cost":"NONE","seed_source_timestamp":0,"circlet_count":0,"master_deck":["Defend_B","Zap+1","Dualcast","Ball Lightning","Skim+1","Consume+1","Cold Snap","Electrodynamics","Conserve Battery+1","Echo Form","Hologram+1","Tempest+1","Recycle+1","Beam Cell","Coolheaded+1","Turbo+1","Defragment+1","Meteor Strike","Core Surge","Capacitor","Apotheosis+1","Undo"],"special_seed":0,"relics":["Cracked Core","NeowsBlessing","Torii","Pocketwatch","Centennial Puzzle","Astrolabe","MawBank","Nunchaku","Mercury Hourglass","Lantern","Runic Capacitor","Happy Flower","Old Coin","Cables","Cursed Key","FossilizedHelix","Vajra","Question Card","Omamori","Membership Card","Sundial","Ornamental Fan"],"potions_floor_usage":[50,55,55,55,55,55,55],"damage_taken":[{"damage":0.0,"enemies":"Jaw Worm","floor":1.0,"turns":1.0},{"damage":0.0,"enemies":"Cultist","floor":3.0,"turns":1.0},{"damage":0.0,"enemies":"Gremlin Nob","floor":7.0,"turns":1.0},{"damage":0.0,"enemies":"2 Louse","floor":8.0,"turns":2.0},{"damage":1.0,"enemies":"Blue Slaver","floor":11.0,"turns":2.0},{"damage":1.0,"enemies":"3 Sentries","floor":12.0,"turns":2.0},{"damage":1.0,"enemies":"Gremlin Gang","floor":14.0,"turns":2.0},{"damage":0.0,"enemies":"The Guardian","floor":16.0,"turns":10.0},{"damage":0.0,"enemies":"Chosen","floor":18.0,"turns":3.0},{"damage":0.0,"enemies":"Spheric Guardian","floor":21.0,"turns":3.0},{"damage":27.0,"enemies":"Slavers","floor":23.0,"turns":2.0},{"damage":26.0,"enemies":"Book of Stabbing","floor":25.0,"turns":7.0},{"damage":1.0,"enemies":"Gremlin Leader","floor":27.0,"turns":4.0},{"damage":1.0,"enemies":"Book of Stabbing","floor":29.0,"turns":4.0},{"damage":13.0,"enemies":"Colosseum Slavers","floor":31.0,"turns":2.0},{"damage":0.0,"enemies":"Colosseum Nobs","floor":31.0,"turns":2.0},{"damage":0.0,"enemies":"Collector","floor":33.0,"turns":6.0},{"damage":1.0,"enemies":"Orb Walker","floor":35.0,"turns":3.0},{"damage":0.0,"enemies":"3 Darklings","floor":36.0,"turns":2.0},{"damage":21.0,"enemies":"Mind Bloom Boss Battle","floor":37.0,"turns":4.0},{"damage":14.0,"enemies":"Writhing Mass","floor":41.0,"turns":4.0},{"damage":0.0,"enemies":"Giant Head","floor":42.0,"turns":7.0},{"damage":0.0,"enemies":"Maw","floor":48.0,"turns":4.0},{"damage":0,"enemies":"Donu and Deca","floor":50,"turns":7},{"damage":15,"enemies":"Shield and Spear","floor":54,"turns":4},{"damage":18,"enemies":"The Heart","floor":55,"turns":7}],"seed_played":"-3007880772329969109","potions_obtained":[{"floor":2.0,"key":"Ancient Potion"},{"floor":2.0,"key":"EntropicBrew"},{"floor":2.0,"key":"LiquidBronze"},{"floor":16.0,"key":"SpeedPotion"},{"floor":25.0,"key":"PowerPotion"},{"floor":31.0,"key":"FocusPotion"},{"floor":35.0,"key":"Strength Potion"},{"floor":41.0,"key":"Swift Potion"}],"is_trial":false,"path_per_floor":["M","?","M","$","?","R","E","M","T","?","M","E","R","M","R","B",null,"M","?","$","M","?","E","R","E","T","E","$","E","R","?","R","B",null,"M","M","?","?","T","R","M","E","T","$","R","$","R","M","R","B",null,"R","$","E","B",null],"character_chosen":"DEFECT","items_purchased":["Runic Capacitor","Omamori","Apotheosis","Membership Card","Sundial","Weak Potion"],"campfire_rested":2,"item_purchase_floors":[28,44,44,46,46,53],"current_hp_per_floor":[75,75,75,75,75,75,75,75,75,68,67,66,66,65,65,65,75,75,75,75,75,61,34,58,32,32,31,31,30,54,41,41,41,80,79,79,58,58,58,58,44,44,44,44,44,44,44,44,44,44,76,76,76,61,43],"gold":48,"neow_bonus":"THREE_ENEMY_KILL","is_prod":false,"is_daily":false,"chose_seed":true,"campfire_upgraded":8,"win_rate":0,"timestamp":1555569523,"path_taken":["M","?","M","?","?","R","E","M","T","?","M","E","R","M","R","BOSS","M","?","$","?","?","E","R","E","T","E","$","E","R","?","R","BOSS","M","M","?","?","?","R","M","E","T","$","R","?","R","?","R","BOSS","R","$","E","BOSS"],"build_version":"2019-01-23","purchased_purges":4,"victory":true,"max_hp_per_floor":[75,75,75,75,75,75,75,75,75,75,75,75,75,75,75,75,75,75,75,75,75,80,80,80,80,80,80,80,80,80,80,80,80,80,80,80,80,76,76,76,76,76,76,76,76,76,76,76,76,76,76,76,76,76,76],"card_choices":[{"not_picked":["Streamline","Coolheaded"],"picked":"Ball Lightning","floor":1.0},{"not_picked":["Rebound","Go for the Eyes"],"picked":"Skim","floor":3.0},{"not_picked":["Streamline","Conserve Battery"],"picked":"Consume","floor":7.0},{"not_picked":["Scrape","Streamline"],"picked":"Cold Snap","floor":8.0},{"not_picked":["Gash","Cold Snap"],"picked":"Electrodynamics","floor":11.0},{"not_picked":["Go for the Eyes","Redo","Ball Lightning"],"picked":"SKIP","floor":12.0},{"not_picked":["Melter","Hologram"],"picked":"Conserve Battery","floor":14.0},{"not_picked":["Hyperbeam","Amplify"],"picked":"Echo Form","floor":16.0},{"not_picked":["Beam Cell","Gash","Cold Snap"],"picked":"SKIP","floor":18.0},{"not_picked":["Streamline+1","Barrage+1"],"picked":"Coolheaded","floor":21.0},{"not_picked":["Beam Cell","Coolheaded","Rebound"],"picked":"SKIP","floor":23.0},{"not_picked":["Reinforced Body","Melter+1","Scrape"],"picked":"SKIP","floor":25.0},{"not_picked":["Static Discharge","Heatsinks","Streamline+1"],"picked":"SKIP","floor":27.0},{"not_picked":["Leap","Force Field"],"picked":"Turbo","floor":29.0},{"not_picked":["Rip and Tear+1","Turbo"],"picked":"Defragment","floor":31.0},{"not_picked":["Hyperbeam","Reboot"],"picked":"Meteor Strike","floor":33.0},{"not_picked":["Steam+1","Stack","Sunder"],"picked":"SKIP","floor":35.0},{"not_picked":["Cold Snap","Stack+1"],"picked":"Core Surge","floor":36.0},{"not_picked":["Leap","Lockon+1"],"picked":"Capacitor","floor":37.0},{"not_picked":["Streamline+1","Rebound","Auto Shields+1"],"picked":"SKIP","floor":41.0},{"not_picked":["Steam","Lockon+1","Skim"],"picked":"SKIP","floor":42.0},{"not_picked":["Rebound+1","Melter+1","Hologram+1","Beam Cell"],"picked":"SKIP","floor":48.0},{"not_picked":["Ball Lightning","Reprogram","Redo"],"picked":"Undo","floor":54}],"player_experience":3010084,"relics_obtained":[{"floor":7.0,"key":"Torii"},{"floor":9.0,"key":"Pocketwatch"},{"floor":12.0,"key":"Centennial Puzzle"},{"floor":23.0,"key":"MawBank"},{"floor":25.0,"key":"Nunchaku"},{"floor":26.0,"key":"Mercury Hourglass"},{"floor":27.0,"key":"Lantern"},{"floor":29.0,"key":"Happy Flower"},{"floor":31.0,"key":"Old Coin"},{"floor":31.0,"key":"Cables"},{"floor":37.0,"key":"FossilizedHelix"},{"floor":42.0,"key":"Vajra"},{"floor":43.0,"key":"Question Card"},{"floor":54,"key":"Ornamental Fan"}],"event_choices":[{"damage_healed":0.0,"max_hp_gain":0.0,"max_hp_loss":0.0,"gold_gain":0.0,"event_name":"The Woman in Blue","player_choice":"Bought 3 Potions","floor":2.0,"gold_loss":0.0,"damage_taken":0.0},{"damage_healed":0.0,"max_hp_gain":0.0,"max_hp_loss":0.0,"gold_gain":0.0,"event_name":"The Cleric","player_choice":"Leave","floor":5.0,"gold_loss":0.0,"damage_taken":0.0},{"cards_removed":["Strike_B"],"damage_healed":0.0,"max_hp_gain":0.0,"max_hp_loss":0.0,"gold_gain":0.0,"event_name":"Golden Wing","player_choice":"Card Removal","floor":10.0,"gold_loss":0.0,"damage_taken":7.0},{"damage_healed":0.0,"max_hp_gain":0.0,"max_hp_loss":0.0,"gold_gain":0.0,"cards_transformed":["Defend_B"],"event_name":"Transmorgrifier","player_choice":"Transformed","floor":19.0,"gold_loss":0.0,"damage_taken":0.0,"cards_obtained":["Beam Cell"]},{"damage_healed":0.0,"max_hp_gain":5.0,"max_hp_loss":0.0,"gold_gain":0.0,"event_name":"Forgotten Altar","player_choice":"Shed Blood","floor":22.0,"gold_loss":0.0,"damage_taken":19.0},{"damage_healed":0.0,"max_hp_gain":0.0,"max_hp_loss":0.0,"gold_gain":0.0,"event_name":"Colosseum","player_choice":"Fight","floor":31.0,"gold_loss":0.0,"damage_taken":0.0},{"damage_healed":0.0,"max_hp_gain":0.0,"max_hp_loss":0.0,"gold_gain":0.0,"event_name":"Colosseum","player_choice":"Fought Nobs","floor":31.0,"gold_loss":0.0,"damage_taken":0.0},{"damage_healed":0.0,"max_hp_gain":0.0,"max_hp_loss":0.0,"gold_gain":0.0,"event_name":"MindBloom","player_choice":"Fight","floor":37.0,"gold_loss":0.0,"damage_taken":0.0},{"damage_healed":0.0,"max_hp_gain":0.0,"max_hp_loss":4.0,"gold_gain":0.0,"event_name":"Winding Halls","player_choice":"Max HP","floor":38.0,"gold_loss":0.0,"damage_taken":0.0}],"is_beta":false,"boss_relics":[{"not_picked":["FrozenCore","Philosopher\u0027s Stone"],"picked":"Astrolabe"},{"not_picked":["Fusion Hammer","Calling Bell"],"picked":"Cursed Key"}],"items_purged_floors":[4,20,44,46],"is_endless":false,"potions_floor_spawned":[8,16,18,25,31,31,35,37,41],"ascension_level":1}