{"gold_per_floor":[12,31,31,45,65,97,113,113,136,136,163,123,143,143,143,239,239,257,267,284,3,21,21,53,53,53,67,93,8,33,46,46,151,151,169,187,65,1064,1118,1118,1118,777,777,697,729,741,741,69,69,69],"floor_reached":51,"playtime":1708,"items_purged":["Strike_R","Normality","Normality"],"score":931,"play_id":"e093574a-b393-46e2-8ec2-6b2bfbfa2afb","local_time":"25620323120639","is_ascension_mode":true,"campfire_choices":[{"data":"Metamorphosis","floor":8.0,"key":"SMITH"},{"data":"Transmutation","floor":15.0,"key":"SMITH"},{"data":"Shockwave","floor":23.0,"key":"SMITH"},{"data":"Spot Weakness","floor":32.0,"key":"SMITH"},{"data":"Seeing Red","floor":40.0,"key":"SMITH"},{"data":"Inflame","floor":41.0,"key":"SMITH"},{"floor":49.0,"key":"REST"}],"neow_cost":"NO_GOLD","seed_source_timestamp":1186404614270,"circlet_count":0,"master_deck":["Strike_R","Strike_R+1","Strike_R","Strike_R+1","Defend_R","Defend_R+1","Defend_R+1","Bash","Transmutation+1","Metamorphosis+1","Flame Barrier","Seeing Red+1","Inflame+1","Battle Trance","Spot Weakness+1","Reaper","Shockwave+1","Shrug It Off","Rage+1","Shrug It Off+1","Inflame+1","Combust+1","True Grit+1","Brutality+1","Bloodletting+1","Heavy Blade+1","Madness+1","Metallicize+1","Heavy Blade+1","Spot Weakness+1","Spot Weakness+1","Blood for Blood+1","Pummel+1","Armaments+1","Flash of Steel+1","Inflame+1","Inflame+1","Clothesline+1","Secret Technique+1"],"special_seed":0,"relics":["Black Blood","Happy Flower","War Paint","Frozen Egg 2","Anchor","Philosopher\u0027s Stone","Membership Card","PreservedInsect","Bag of Marbles","Whetstone","Strawberry","Darkstone Periapt","Toxic Egg 2","WingedGreaves","Vajra","Toolbox","Paper Frog","Question Card","Blood Vial","Molten Egg 2","Ice Cream","DollysMirror"],"potions_floor_usage":[50],"damage_taken":[{"damage":0.0,"enemies":"Cultist","floor":1.0,"turns":3.0},{"damage":5.0,"enemies":"Small Slimes","floor":2.0,"turns":3.0},{"damage":6.0,"enemies":"Jaw Worm","floor":4.0,"turns":3.0},{"damage":16.0,"enemies":"Gremlin Gang","floor":5.0,"turns":7.0},{"damage":17.0,"enemies":"3 Sentries","floor":6.0,"turns":4.0},{"damage":20.0,"enemies":"Exordium Thugs","floor":7.0,"turns":7.0},{"damage":16.0,"enemies":"Gremlin Nob","floor":11.0,"turns":3.0},{"damage":0.0,"enemies":"Red Slaver","floor":13.0,"turns":3.0},{"damage":35.0,"enemies":"Slime Boss","floor":16.0,"turns":6.0},{"damage":13.0,"enemies":"2 Thieves","floor":18.0,"turns":4.0},{"damage":8.0,"enemies":"Shell Parasite","floor":19.0,"turns":3.0},{"damage":18.0,"enemies":"Centurion and Healer","floor":20.0,"turns":7.0},{"damage":31.0,"enemies":"Sentry and Sphere","floor":22.0,"turns":4.0},{"damage":26.0,"enemies":"Book of Stabbing","floor":24.0,"turns":4.0},{"damage":0.0,"enemies":"Snake Plant","floor":27.0,"turns":3.0},{"damage":6.0,"enemies":"Slavers","floor":28.0,"turns":6.0},{"damage":3.0,"enemies":"Book of Stabbing","floor":30.0,"turns":3.0},{"damage":10.0,"enemies":"Shelled Parasite and Fungi","floor":31.0,"turns":5.0},{"damage":36.0,"enemies":"Automaton","floor":33.0,"turns":9.0},{"damage":11.0,"enemies":"3 Shapes","floor":35.0,"turns":6.0},{"damage":18.0,"enemies":"3 Darklings","floor":36.0,"turns":5.0},{"damage":58.0,"enemies":"2 Orb Walkers","floor":39.0,"turns":5.0},{"damage":17.0,"enemies":"Reptomancer","floor":45.0,"turns":4.0},{"damage":14.0,"enemies":"Transient","floor":46.0,"turns":5.0},{"damage":39,"enemies":"Time Eater","floor":50,"turns":5}],"seed_played":"-2656930393352399992","potions_obtained":[{"floor":1.0,"key":"Fire Potion"},{"floor":5.0,"key":"Energy Potion"},{"floor":12.0,"key":"SpeedPotion"},{"floor":12.0,"key":"EntropicBrew"},{"floor":12.0,"key":"Fruit Juice"},{"floor":16.0,"key":"Explosive Potion"},{"floor":18.0,"key":"Dexterity Potion"},{"floor":22.0,"key":"SteroidPotion"},{"floor":24.0,"key":"GamblersBrew"},{"floor":25.0,"key":"EntropicBrew"},{"floor":25.0,"key":"Fire Potion"},{"floor":30.0,"key":"Fruit Juice"},{"floor":36.0,"key":"FearPotion"},{"floor":46.0,"key":"Swift Potion"}],"is_trial":false,"path_per_floor":["M","M","$","M","M","E","M","R","T","T","E","?","M","?","R","B",null,"M","M","M","$","M","R","E","?","T","M","E","?","E","M","R","B",null,"M","M","$","?","?","R","R","$","T","?","E","M","?","$","R","B",null],"character_chosen":"IRONCLAD","items_purchased":["Membership Card","PreservedInsect","Madness+1","Metallicize+1","Vajra","Spot Weakness+1","Toolbox","Fire Potion","Strength Potion","SpeedPotion","Molten Egg 2","Ice Cream","Pummel+1","Armaments+1","Flash of Steel+1","Inflame+1","DollysMirror","Clothesline+1","Secret Technique+1"],"campfire_rested":1,"item_purchase_floors":[21,21,37,37,42,42,42,42,42,42,48,48,48,48,48,48,48,48,48],"current_hp_per_floor":[80,80,80,80,70,59,45,45,45,45,35,40,46,38,38,9,85,82,80,81,81,56,56,52,52,52,58,92,92,97,93,93,63,97,96,97,97,109,61,61,61,61,61,61,77,75,75,75,107,80],"gold":69,"neow_bonus":"RANDOM_COLORLESS_2","is_prod":false,"is_daily":false,"chose_seed":false,"campfire_upgraded":6,"win_rate":0,"timestamp":1553317599,"path_taken":["M","M","?","M","?","E","M","R","T","?","E","?","?","?","R","BOSS","M","?","M","$","M","R","E","?","T","?","E","?","E","M","R","BOSS","M","M","$","?","?","R","R","$","T","?","E","?","?","$","R","BOSS"],"build_version":"2019-01-23","purchased_purges":3,"victory":true,"max_hp_per_floor":[80,80,80,80,80,80,80,80,80,80,80,85,85,85,85,85,85,85,85,85,85,85,85,85,85,85,85,92,92,97,97,97,97,97,97,97,97,109,109,109,109,109,109,109,109,109,109,109,109,109],"card_choices":[{"not_picked":["Clothesline","Burning Pact"],"picked":"Flame Barrier","floor":1.0},{"not_picked":["Headbutt","Body Slam","Iron Wave"],"picked":"SKIP","floor":2.0},{"not_picked":["Battle Trance","Flame Barrier"],"picked":"Seeing Red","floor":4.0},{"not_picked":["Wild Strike","Flame Barrier"],"picked":"Inflame","floor":5.0},{"not_picked":["Pummel","Fire Breathing","Iron Wave"],"picked":"SKIP","floor":6.0},{"not_picked":["Carnage","Dual Wield"],"picked":"Battle Trance","floor":7.0},{"not_picked":["Wild Strike","Shrug It Off"],"picked":"Spot Weakness","floor":11.0},{"not_picked":["Flex","Clothesline","Bloodletting"],"picked":"SKIP","floor":13.0},{"not_picked":["Immolate","Bludgeon"],"picked":"Reaper","floor":16.0},{"not_picked":["Body Slam","Feel No Pain+1"],"picked":"Shockwave","floor":18.0},{"not_picked":["Iron Wave","Perfected Strike","Rupture+1"],"picked":"SKIP","floor":19.0},{"not_picked":["Battle Trance+1","Whirlwind"],"picked":"Shrug It Off","floor":20.0},{"not_picked":["Sword Boomerang","Heavy Blade","Iron Wave"],"picked":"SKIP","floor":22.0},{"not_picked":["Power Through+1","Iron Wave"],"picked":"Rage+1","floor":24.0},{"not_picked":["Body Slam","Burning Pact+1"],"picked":"Shrug It Off+1","floor":27.0},{"not_picked":["Twin Strike","Cleave"],"picked":"Inflame+1","floor":28.0},{"not_picked":["Perfected Strike","Feed"],"picked":"Combust+1","floor":30.0},{"not_picked":["Fire Breathing+1","Wild Strike"],"picked":"True Grit+1","floor":31.0},{"not_picked":["Reaper","Immolate"],"picked":"Brutality+1","floor":33.0},{"not_picked":["Twin Strike+1","Body Slam"],"picked":"Bloodletting+1","floor":35.0},{"not_picked":["Flex+1","Battle Trance+1"],"picked":"Heavy Blade+1","floor":36.0},{"not_picked":["True Grit+1","Body Slam"],"picked":"Heavy Blade+1","floor":39.0},{"not_picked":["Sword Boomerang","Wild Strike+1","Reckless Charge+1"],"picked":"Spot Weakness+1","floor":45.0},{"not_picked":["Dual Wield+1","Iron Wave","Headbutt+1"],"picked":"Blood for Blood+1","floor":46.0}],"player_experience":5546,"relics_obtained":[{"floor":6.0,"key":"Happy Flower"},{"floor":9.0,"key":"War Paint"},{"floor":10.0,"key":"Frozen Egg 2"},{"floor":11.0,"key":"Anchor"},{"floor":24.0,"key":"Bag of Marbles"},{"floor":26.0,"key":"Whetstone"},{"floor":28.0,"key":"Strawberry"},{"floor":30.0,"key":"Toxic Egg 2"},{"floor":39.0,"key":"WingedGreaves"},{"floor":43.0,"key":"Paper Frog"},{"floor":45.0,"key":"Blood Vial"}],"event_choices":[{"damage_healed":0.0,"max_hp_gain":0.0,"max_hp_loss":0.0,"gold_gain":0.0,"event_name":"The Woman in Blue","player_choice":"Bought 3 Potions","floor":12.0,"gold_loss":0.0,"damage_taken":0.0},{"damage_healed":0.0,"max_hp_gain":0.0,"max_hp_loss":0.0,"gold_gain":0.0,"event_name":"Wheel of Change","player_choice":"Damaged","floor":14.0,"gold_loss":0.0,"damage_taken":8.0},{"damage_healed":0.0,"max_hp_gain":0.0,"max_hp_loss":0.0,"gold_gain":0.0,"event_name":"Lab","player_choice":"Got Potions","floor":25.0,"gold_loss":0.0,"damage_taken":0.0},{"damage_healed":0.0,"max_hp_gain":0.0,"max_hp_loss":0.0,"gold_gain":0.0,"event_name":"Addict","player_choice":"Obtained Relic","floor":29.0,"gold_loss":85.0,"damage_taken":0.0,"relics_obtained":["Darkstone Periapt"]},{"damage_healed":0.0,"max_hp_gain":0.0,"max_hp_loss":0.0,"gold_gain":999.0,"event_name":"MindBloom","player_choice":"Gold","floor":38.0,"gold_loss":0.0,"damage_taken":0.0,"cards_obtained":["Normality","Normality"]},{"damage_healed":0.0,"max_hp_gain":0.0,"max_hp_loss":0.0,"gold_gain":0.0,"event_name":"Mysterious Sphere","player_choice":"Fight","floor":39.0,"gold_loss":0.0,"damage_taken":0.0},{"damage_healed":0.0,"max_hp_gain":0.0,"max_hp_loss":0.0,"gold_gain":0.0,"event_name":"WeMeetAgain","player_choice":"Paid Gold","floor":44.0,"gold_loss":80.0,"damage_taken":0.0,"relics_obtained":["Question Card"]},{"cards_removed":["Defend_R"],"damage_healed":0.0,"max_hp_gain":0.0,"max_hp_loss":0.0,"gold_gain":0.0,"event_name":"Falling","player_choice":"Removed Skill","floor":47.0,"gold_loss":0.0,"damage_taken":0.0}],"is_beta":false,"boss_relics":[{"not_picked":["Velvet Choker","Calling Bell"],"picked":"Philosopher\u0027s Stone"},{"not_picked":["White Beast Statue","Fusion Hammer"],"picked":"Black Blood"}],"items_purged_floors":[37,42,48],"is_endless":false,"potions_floor_spawned":[1,5,16,18,22,24,30,36,46],"ascension_level":1}