{"gold_per_floor":[111,111,36,51,64,94,94,104,150,165,165,65,77,107,107,202,202,214,59,59,59,59,59,59,88,112,126,126,126,138,154,154,256,256,268,268,268,278,278,311,330,330],"floor_reached":42,"playtime":1055,"items_purged":["Defend_R","Strike_R"],"score":683,"play_id":"f1d3bd32-6a59-4509-aafa-316a6e557db4","local_time":"25610725004913","is_ascension_mode":true,"campfire_choices":[{"data":"Armaments","floor":7,"key":"SMITH"},{"data":"Spot Weakness","floor":11,"key":"SMITH"},{"data":"Seeing Red","floor":15,"key":"SMITH"},{"floor":23,"key":"REST"},{"data":"Feed","floor":28,"key":"SMITH"},{"floor":32,"key":"REST"}],"neow_cost":"NONE","seed_source_timestamp":46963327481842,"circlet_count":0,"master_deck":["Strike_R","Strike_R","Strike_R","Defend_R","Defend_R","Defend_R","Bash","Armaments+1","Spot Weakness+1","Pommel Strike","Cleave","Seeing Red+1","Whirlwind","Metallicize","Flex+1","Feed+1","Metallicize+1","RitualDagger","Heavy Blade+1","Madness","Madness"],"relics":["Burning Blood","Oddly Smooth Stone","Mercury Hourglass","Vajra","Juzu Bracelet","Busted Crown","Red Skull","Potion Belt","Strawberry","Eternal Feather","Art of War"],"potions_floor_usage":[14,14,14,14,16,16,33,33,40,40],"damage_taken":[{"damage":0,"enemies":"Cultist","floor":1,"turns":4},{"damage":8,"enemies":"Jaw Worm","floor":4,"turns":4},{"damage":1,"enemies":"2 Louse","floor":5,"turns":2},{"damage":21,"enemies":"3 Sentries","floor":6,"turns":7},{"damage":8,"enemies":"Red Slaver","floor":8,"turns":2},{"damage":0,"enemies":"3 Louse","floor":10,"turns":1},{"damage":10,"enemies":"Exordium Thugs","floor":13,"turns":3},{"damage":0,"enemies":"Lagavulin","floor":14,"turns":2},{"damage":43,"enemies":"Hexaghost","floor":16,"turns":8},{"damage":12,"enemies":"2 Thieves","floor":18,"turns":2},{"damage":51,"enemies":"Slavers","floor":25,"turns":3},{"damage":0,"enemies":"Chosen","floor":27,"turns":4},{"damage":9,"enemies":"Snake Plant","floor":30,"turns":3},{"damage":0,"enemies":"3 Cultists","floor":31,"turns":2},{"damage":32,"enemies":"Automaton","floor":33,"turns":6},{"damage":10,"enemies":"Orb Walker","floor":35,"turns":3},{"damage":16,"enemies":"Flame Bruiser 1 Orb","floor":38,"turns":4},{"damage":57,"enemies":"Giant Head","floor":40,"turns":7},{"damage":19,"enemies":"Spire Growth","floor":41,"turns":4},{"damage":16,"enemies":"3 Darklings","floor":42,"turns":1}],"seed_played":"5373619935462622753","potions_obtained":[{"floor":4,"key":"PowerPotion"},{"floor":5,"key":"Fire Potion"},{"floor":8,"key":"Poison Potion"},{"floor":13,"key":"EntropicBrew"},{"floor":16,"key":"Ancient Potion"},{"floor":31,"key":"Ancient Potion"},{"floor":33,"key":"SkillPotion"},{"floor":38,"key":"SteroidPotion"}],"is_trial":false,"path_per_floor":["M","?","$","M","M","E","R","M","T","M","R","$","M","E","R","B",null,"M","$","?","?","?","R","?","E","T","M","R","?","M","M","R","B",null,"M","?","?","M","?","E","M"],"character_chosen":"IRONCLAD","items_purchased":["Red Skull"],"campfire_rested":2,"item_purchase_floors":[19],"current_hp_per_floor":[78,78,78,76,80,65,65,63,63,69,69,69,65,71,71,34,69,63,63,63,63,55,79,79,37,44,50,50,44,44,50,77,51,83,79,79,103,93,80,29,16,0],"gold":330,"neow_bonus":"RANDOM_COMMON_RELIC","is_prod":false,"is_daily":false,"chose_seed":false,"campfire_upgraded":4,"win_rate":0,"timestamp":1532454553,"path_taken":["M","?","?","M","M","E","R","M","T","?","R","$","M","E","R","BOSS","M","$","?","?","?","R","?","E","T","M","R","?","M","M","R","BOSS","M","?","?","M","?","E","M","M"],"build_version":"2018-07-19v2","purchased_purges":2,"victory":false,"max_hp_per_floor":[80,80,80,80,80,80,80,80,80,80,80,80,80,80,80,80,80,80,80,80,80,80,80,80,83,90,90,90,90,93,93,93,93,93,93,93,103,103,103,103,103,103],"card_choices":[{"not_picked":["Twin Strike","Perfected Strike"],"picked":"Armaments","floor":1},{"not_picked":["Perfected Strike","Intimidate"],"picked":"Spot Weakness","floor":4},{"not_picked":["Iron Wave","Burning Pact"],"picked":"Pommel Strike","floor":5},{"not_picked":["Body Slam","Rupture"],"picked":"Cleave","floor":6},{"not_picked":["Sword Boomerang","Spot Weakness"],"picked":"Seeing Red","floor":8},{"not_picked":["Headbutt","Wild Strike"],"picked":"Whirlwind","floor":10},{"not_picked":["Evolve","Iron Wave","Fire Breathing"],"picked":"SKIP","floor":13},{"not_picked":["Dropkick","Limit Break"],"picked":"Metallicize","floor":14},{"not_picked":["Dark Embrace","Brutality"],"picked":"Feed","floor":16},{"not_picked":[],"picked":"Flex+1","floor":18},{"not_picked":[],"picked":"Metallicize+1","floor":25},{"not_picked":["Dual Wield"],"picked":"SKIP","floor":27},{"not_picked":["True Grit"],"picked":"SKIP","floor":30},{"not_picked":["Havoc"],"picked":"SKIP","floor":31},{"not_picked":["Flex"],"picked":"SKIP","floor":35},{"not_picked":[],"picked":"Heavy Blade+1","floor":38},{"not_picked":["Clash"],"picked":"SKIP","floor":40},{"not_picked":["Intimidate"],"picked":"SKIP","floor":41}],"player_experience":135695,"relics_obtained":[{"floor":6,"key":"Mercury Hourglass"},{"floor":9,"key":"Vajra"},{"floor":14,"key":"Juzu Bracelet"},{"floor":25,"key":"Potion Belt"},{"floor":26,"key":"Strawberry"},{"floor":40,"key":"Art of War"}],"event_choices":[{"event_name":"Living Wall","player_choice":"Forget","floor":2,"damage_taken":0},{"event_name":"Match and Keep!","player_choice":"2 cards matched","floor":20,"damage_taken":0},{"event_name":"Vampires","player_choice":"Ignored","floor":21,"damage_taken":0},{"event_name":"Knowing Skull","player_choice":"","floor":22,"damage_taken":0},{"event_name":"Drug Dealer","player_choice":"Ignored","floor":24,"damage_taken":0},{"event_name":"Nest","player_choice":"Joined the Cult","floor":29,"damage_taken":0},{"event_name":"Falling","player_choice":"Removed Attack","floor":36,"damage_taken":0},{"event_name":"Bonfire Elementals","player_choice":"RARE","floor":37,"damage_taken":0},{"event_name":"Winding Halls","player_choice":"Embrace Madness","floor":39,"damage_taken":0}],"is_beta":false,"boss_relics":[{"not_picked":["Astrolabe","Cursed Key"],"picked":"Busted Crown"},{"not_picked":["Runic Pyramid","Tiny House"],"picked":"Eternal Feather"}],"items_purged_floors":[3,12],"is_endless":false,"potions_floor_spawned":[4,5,8,13,16,31,33,38],"killed_by":"3 Darklings","ascension_level":6}