{"gold_per_floor":[115,115,29,47,13,13,43,43,70,70,83,95,95,109,109,187,187,202,202,202,75,0,27,27,52,52,52,69,104,131,146,146,224,224,238,253,475,475,404,437,456,8,35,35,61,61,61,76,76,76],"floor_reached":51,"playtime":2069,"items_purged":["Strike_G"],"score":1360,"play_id":"64564d79-0cda-4d46-958f-1c2a3c88facd","local_time":"20190502115409","is_ascension_mode":true,"campfire_choices":[{"data":"Neutralize","floor":6.0,"key":"SMITH"},{"data":"Noxious Fumes","floor":10.0,"key":"SMITH"},{"data":"Catalyst","floor":15.0,"key":"SMITH"},{"data":"Well Laid Plans","floor":27.0,"key":"SMITH"},{"floor":32.0,"key":"REST"},{"floor":44,"key":"REST"},{"data":"Footwork","floor":47,"key":"SMITH"},{"data":"Dodge and Roll","floor":49,"key":"SMITH"}],"neow_cost":"NONE","seed_source_timestamp":101071654398319,"circlet_count":0,"master_deck":["AscendersBane","Defend_G","Defend_G","Defend_G","Defend_G","Strike_G+1","Strike_G","Survivor","Neutralize+1","Crippling Poison","PiercingWail","Poisoned Stab+1","Caltrops","Dagger Spray","Noxious Fumes+1","Catalyst+1","Backflip","After Image","Backflip","PiercingWail","PiercingWail","Well Laid Plans+1","Crippling Poison","PiercingWail","Escape Plan","Footwork+1","Adrenaline","Escape Plan","Crippling Poison","Catalyst+1","Dodge and Roll+1"],"special_seed":0,"relics":["Ring of the Snake","Meat on the Bone","Calipers","Snake Skull","WingedGreaves","Runic Dome","Potion Belt","Whetstone","Vajra","Red Mask","Bronze Scales","WristBlade","Strawberry","Mummified Hand","DollysMirror","Regal Pillow","Oddly Smooth Stone"],"potions_floor_usage":[50,50],"damage_taken":[{"damage":3.0,"enemies":"Jaw Worm","floor":1.0,"turns":6.0},{"damage":0.0,"enemies":"Cultist","floor":4.0,"turns":4.0},{"damage":10.0,"enemies":"Lagavulin","floor":7.0,"turns":8.0},{"damage":0.0,"enemies":"Small Slimes","floor":11.0,"turns":3.0},{"damage":0.0,"enemies":"3 Louse","floor":12.0,"turns":3.0},{"damage":3.0,"enemies":"2 Fungi Beasts","floor":14.0,"turns":4.0},{"damage":19.0,"enemies":"The Guardian","floor":16.0,"turns":8.0},{"damage":3.0,"enemies":"Chosen","floor":18.0,"turns":4.0},{"damage":14.0,"enemies":"Book of Stabbing","floor":23.0,"turns":6.0},{"damage":31.0,"enemies":"Slavers","floor":25.0,"turns":6.0},{"damage":1.0,"enemies":"Spheric Guardian","floor":28.0,"turns":5.0},{"damage":28.0,"enemies":"Masked Bandits","floor":29.0,"turns":5.0},{"damage":5.0,"enemies":"Book of Stabbing","floor":30.0,"turns":6.0},{"damage":0.0,"enemies":"Cultist and Chosen","floor":31.0,"turns":4.0},{"damage":7.0,"enemies":"Automaton","floor":33.0,"turns":9.0},{"damage":3,"enemies":"3 Shapes","floor":35,"turns":4},{"damage":2,"enemies":"3 Darklings","floor":36,"turns":5},{"damage":34,"enemies":"Reptomancer","floor":40,"turns":5},{"damage":15,"enemies":"Sphere and 2 Shapes","floor":41,"turns":4},{"damage":21,"enemies":"Nemesis","floor":45,"turns":5},{"damage":17,"enemies":"Writhing Mass","floor":48,"turns":4},{"damage":20,"enemies":"Awakened One","floor":50,"turns":15}],"seed_played":"-1581792210196321973","potions_obtained":[{"floor":1.0,"key":"Ancient Potion"},{"floor":14.0,"key":"SteroidPotion"},{"floor":18.0,"key":"Ancient Potion"},{"floor":25.0,"key":"Block Potion"},{"floor":30.0,"key":"Fire Potion"},{"floor":33.0,"key":"SteroidPotion"},{"floor":36,"key":"GamblersBrew"},{"floor":40,"key":"SkillPotion"}],"is_trial":false,"path_per_floor":["M","?","$","M","$","R","E","$","T","R","M","M","?","M","R","B",null,"M","?","?","$","?","E","?","E","T","R","M","?","E","M","R","B",null,"M","M","?","?","$","E","M","$","T","R","E","$","R","M","R","B",null],"character_chosen":"THE_SILENT","items_purchased":["Poisoned Stab","Caltrops","Noxious Fumes","PiercingWail","GhostInAJar","Mummified Hand","DollysMirror"],"campfire_rested":2,"item_purchase_floors":[3,3,5,21,39,42,42],"current_hp_per_floor":[56,56,56,56,56,56,46,46,46,46,46,46,41,38,38,31,57,54,54,54,54,54,40,53,34,34,34,45,29,36,36,55,48,62,59,57,57,57,57,42,39,39,39,73,52,52,52,47,47,39],"gold":76,"neow_bonus":"TRANSFORM_CARD","is_prod":false,"is_daily":false,"chose_seed":false,"campfire_upgraded":6,"win_rate":0,"timestamp":1556823249,"path_taken":["M","?","?","M","$","R","E","$","T","R","M","M","?","M","R","BOSS","M","?","?","$","?","E","?","E","T","R","M","?","E","M","R","BOSS","M","M","?","?","$","E","M","$","T","R","E","?","R","M","R","BOSS"],"build_version":"2019-01-23","purchased_purges":1,"victory":true,"max_hp_per_floor":[66,66,66,66,66,66,66,66,66,66,66,66,66,66,66,66,66,66,66,66,66,66,66,66,66,66,66,66,66,66,66,66,66,66,66,66,66,66,66,73,73,73,73,73,73,73,73,73,73,73],"card_choices":[{"not_picked":["Distraction","Accuracy"],"picked":"PiercingWail","floor":1.0},{"not_picked":["Backstab","Dagger Throw"],"picked":"Dagger Spray","floor":4.0},{"not_picked":["Acrobatics","Dagger Spray","Bane"],"picked":"SKIP","floor":7.0},{"not_picked":["Well Laid Plans","Endless Agony"],"picked":"Catalyst","floor":11.0},{"not_picked":["Underhanded Strike","Distraction","Prepared"],"picked":"SKIP","floor":12.0},{"not_picked":["Doppelganger","Quick Slash"],"picked":"Backflip","floor":14.0},{"not_picked":["Wraith Form v2","Doppelganger"],"picked":"After Image","floor":16.0},{"not_picked":["Crippling Poison","Predator"],"picked":"Backflip","floor":18.0},{"not_picked":["Wraith Form v2","Backflip"],"picked":"PiercingWail","floor":23.0},{"not_picked":["Finisher","All Out Attack+1"],"picked":"Well Laid Plans","floor":25.0},{"not_picked":["Prepared","Reflex+1"],"picked":"Crippling Poison","floor":28.0},{"not_picked":["Cloak And Dagger","Flechettes"],"picked":"PiercingWail","floor":29.0},{"not_picked":["Grand Finale","Bane"],"picked":"Escape Plan","floor":30.0},{"not_picked":["Outmaneuver+1","Slice"],"picked":"Footwork","floor":31.0},{"not_picked":["Die Die Die","Malaise"],"picked":"Adrenaline","floor":33.0},{"not_picked":["Deflect","Quick Slash","Dash"],"picked":"SKIP","floor":35},{"not_picked":["Heel Hook","Riddle With Holes+1"],"picked":"Escape Plan","floor":36},{"not_picked":["Terror","Outmaneuver"],"picked":"Crippling Poison","floor":40},{"not_picked":["Accuracy","Flying Knee","Well Laid Plans"],"picked":"SKIP","floor":41},{"not_picked":["Finisher","Slice","Accuracy"],"picked":"SKIP","floor":45},{"not_picked":["Blade Dance","Prepared"],"picked":"Dodge and Roll","floor":48}],"player_experience":2523035,"relics_obtained":[{"floor":7.0,"key":"Calipers"},{"floor":9.0,"key":"Snake Skull"},{"floor":23.0,"key":"Potion Belt"},{"floor":25.0,"key":"Whetstone"},{"floor":26.0,"key":"Vajra"},{"floor":29.0,"key":"Red Mask"},{"floor":30.0,"key":"Bronze Scales"},{"floor":40,"key":"Strawberry"},{"floor":43,"key":"Regal Pillow"},{"floor":45,"key":"Oddly Smooth Stone"}],"event_choices":[{"damage_healed":0.0,"max_hp_gain":0.0,"max_hp_loss":0.0,"gold_gain":0.0,"event_name":"WeMeetAgain","player_choice":"Gave Potion","floor":2.0,"gold_loss":0.0,"damage_taken":0.0,"relics_obtained":["Meat on the Bone"]},{"damage_healed":0.0,"max_hp_gain":0.0,"max_hp_loss":0.0,"gold_gain":0.0,"event_name":"Scrap Ooze","player_choice":"Success","floor":13.0,"gold_loss":0.0,"damage_taken":5.0,"relics_obtained":["WingedGreaves"]},{"damage_healed":0.0,"max_hp_gain":0.0,"max_hp_loss":0.0,"gold_gain":0.0,"event_name":"The Mausoleum","player_choice":"Ignored","floor":19.0,"gold_loss":0.0,"damage_taken":0.0},{"damage_healed":0.0,"max_hp_gain":0.0,"max_hp_loss":0.0,"gold_gain":0.0,"event_name":"Ghosts","player_choice":"Ignored","floor":20.0,"gold_loss":0.0,"damage_taken":0.0},{"cards_removed":["Strike_G"],"damage_healed":0.0,"max_hp_gain":0.0,"max_hp_loss":0.0,"gold_gain":0.0,"event_name":"Beggar","player_choice":"Gave Gold","floor":22.0,"gold_loss":75.0,"damage_taken":0.0},{"damage_healed":13.0,"max_hp_gain":0.0,"max_hp_loss":0.0,"gold_gain":0.0,"event_name":"The Library","player_choice":"Heal","floor":24.0,"gold_loss":0.0,"damage_taken":0.0},{"damage_healed":0.0,"max_hp_gain":0.0,"max_hp_loss":0.0,"gold_gain":0.0,"event_name":"Masked Bandits","player_choice":"Fought Bandits","floor":29.0,"gold_loss":0.0,"damage_taken":0.0},{"damage_healed":0,"gold_gain":222,"player_choice":"Wore Mask","damage_taken":0,"max_hp_gain":0,"max_hp_loss":0,"event_name":"Tomb of Lord Red Mask","floor":37,"gold_loss":0},{"cards_removed":["Defend_G"],"damage_healed":0,"gold_gain":0,"player_choice":"Removed Skill","damage_taken":0,"max_hp_gain":0,"max_hp_loss":0,"event_name":"Falling","floor":38,"gold_loss":0}],"is_beta":false,"boss_relics":[{"not_picked":["HoveringKite","Tiny House"],"picked":"Runic Dome"},{"not_picked":["Pandora\u0027s Box","Coffee Dripper"],"picked":"WristBlade"}],"items_purged_floors":[21],"is_endless":false,"potions_floor_spawned":[1,14,18,25,30,33,36,40,45],"ascension_level":15}