{"gold_per_floor":[14,27,27,27,47,78,78,109,109,5,39,53,87,87,87,180,180,200,17,31,55,78,78,78],"floor_reached":24,"playtime":1074,"items_purged":["Pain","Strike_B"],"score":452,"play_id":"6a76cac5-3121-4efe-9d7c-fd28cbe16263","local_time":"20181212141423","is_ascension_mode":true,"campfire_choices":[{"floor":7.0,"key":"REST"},{"floor":15.0,"key":"REST"},{"data":"Consume","floor":23.0,"key":"SMITH"}],"neow_cost":"NO_GOLD","seed_source_timestamp":5332106491508,"circlet_count":0,"master_deck":["AscendersBane","Strike_B","Strike_B","Defend_B","Defend_B","Defend_B","Zap","Dualcast","Melter+1","Conserve Battery","Beam Cell","Consume+1","Cold Snap","Darkness","Electrodynamics","Seek","Capacitor","Leap+1","Cold Snap","Rebound+1"],"special_seed":0,"relics":["Cracked Core","WarpedTongs","Bag of Preparation","Ornamental Fan","Dodecahedron","Strawberry","Art of War","Golden Idol","Coffee Dripper"],"potions_floor_usage":[24],"damage_taken":[{"damage":5.0,"enemies":"2 Louse","floor":1.0,"turns":3.0},{"damage":4.0,"enemies":"Small Slimes","floor":2.0,"turns":3.0},{"damage":3.0,"enemies":"Cultist","floor":5.0,"turns":3.0},{"damage":35.0,"enemies":"Lagavulin","floor":6.0,"turns":5.0},{"damage":7.0,"enemies":"Gremlin Nob","floor":8.0,"turns":3.0},{"damage":15.0,"enemies":"Lagavulin","floor":11.0,"turns":7.0},{"damage":4.0,"enemies":"2 Fungi Beasts","floor":12.0,"turns":2.0},{"damage":16.0,"enemies":"Gremlin Nob","floor":13.0,"turns":3.0},{"damage":22.0,"enemies":"Hexaghost","floor":16.0,"turns":9.0},{"damage":13.0,"enemies":"Shell Parasite","floor":18.0,"turns":4.0},{"damage":7.0,"enemies":"3 Byrds","floor":20.0,"turns":2.0},{"damage":4.0,"enemies":"Snecko","floor":21.0,"turns":6.0},{"damage":9.0,"enemies":"Centurion and Healer","floor":22.0,"turns":8.0},{"damage":29,"enemies":"Book of Stabbing","floor":24,"turns":3}],"seed_played":"-6923789908376943875","potions_obtained":[{"floor":2.0,"key":"Poison Potion"},{"floor":5.0,"key":"FearPotion"},{"floor":6.0,"key":"Dexterity Potion"},{"floor":16.0,"key":"FearPotion"},{"floor":20.0,"key":"Swift Potion"}],"is_trial":false,"path_per_floor":["M","M","?","?","M","E","R","E","T","$","E","M","E","?","R","B",null,"M","$","M","M","M","R","E"],"character_chosen":"DEFECT","items_purchased":["Cold Snap","Regen Potion"],"campfire_rested":2,"item_purchase_floors":[10,19],"current_hp_per_floor":[59,55,55,55,52,17,38,31,31,31,23,19,3,3,24,2,54,41,41,39,35,26,26,0],"gold":78,"neow_bonus":"REMOVE_TWO","is_prod":false,"is_daily":false,"chose_seed":false,"campfire_upgraded":1,"win_rate":0,"timestamp":1544595263,"path_taken":["M","M","?","?","M","E","R","E","T","$","E","?","E","?","R","BOSS","M","$","M","M","M","R","E"],"build_version":"2018-12-06","purchased_purges":2,"victory":false,"max_hp_per_floor":[71,71,71,71,71,71,71,71,71,71,78,78,78,71,71,71,71,71,71,71,71,71,71,71],"card_choices":[{"not_picked":["Sweeping Beam","Go for the Eyes"],"picked":"Melter","floor":1.0},{"not_picked":["Compile Driver","Loop"],"picked":"Conserve Battery","floor":2.0},{"not_picked":["Conserve Battery","Genetic Algorithm","Sweeping Beam"],"picked":"SKIP","floor":5.0},{"not_picked":["Rebound","Static Discharge"],"picked":"Beam Cell","floor":6.0},{"not_picked":["Gash","Streamline"],"picked":"Consume","floor":8.0},{"not_picked":["Beam Cell","Reprogram","Double Energy"],"picked":"SKIP","floor":11.0},{"not_picked":["Conserve Battery","Recycle"],"picked":"Darkness","floor":12.0},{"not_picked":["Steam","Undo"],"picked":"Electrodynamics","floor":13.0},{"not_picked":["Multi-Cast","Buffer"],"picked":"Seek","floor":16.0},{"not_picked":["Turbo","Ball Lightning+1"],"picked":"Capacitor","floor":18.0},{"not_picked":["Gash","Conserve Battery"],"picked":"Leap+1","floor":20.0},{"not_picked":["Heatsinks","Stack"],"picked":"Cold Snap","floor":21.0},{"not_picked":["Turbo","Loop"],"picked":"Rebound+1","floor":22.0}],"player_experience":2364788,"relics_obtained":[{"floor":6.0,"key":"Bag of Preparation"},{"floor":8.0,"key":"Ornamental Fan"},{"floor":9.0,"key":"Dodecahedron"},{"floor":11.0,"key":"Strawberry"},{"floor":13.0,"key":"Art of War"}],"event_choices":[{"damage_healed":0.0,"max_hp_gain":0.0,"max_hp_loss":0.0,"gold_gain":0.0,"event_name":"Living Wall","player_choice":"Grow","floor":3.0,"gold_loss":0.0,"damage_taken":0.0,"cards_upgraded":["Melter"]},{"damage_healed":0.0,"max_hp_gain":0.0,"max_hp_loss":0.0,"gold_gain":0.0,"event_name":"Accursed Blacksmith","player_choice":"Rummage","floor":4.0,"gold_loss":0.0,"damage_taken":0.0,"relics_obtained":["WarpedTongs"],"cards_obtained":["Pain"]},{"damage_healed":0.0,"max_hp_gain":0.0,"max_hp_loss":7.0,"gold_gain":0.0,"event_name":"Golden Idol","player_choice":"Lose Max HP","floor":14.0,"gold_loss":0.0,"damage_taken":0.0,"relics_obtained":["Golden Idol"]}],"is_beta":false,"boss_relics":[{"not_picked":["Calling Bell","Empty Cage"],"picked":"Coffee Dripper"}],"items_purged_floors":[10,19],"is_endless":false,"potions_floor_spawned":[2,5,6,16,20],"killed_by":"Book of Stabbing","ascension_level":20}