{"gold_per_floor":[19,38,38,38,38,70,70,96,96,108,108,108,141,17,17,113,113,124,47,58,58,68,103,114,125,125,154,167,167,199,221,233,345,357,382,394,419,431,453,465,477],"floor_reached":41,"playtime":1444,"items_purged":["Regret"],"score":832,"play_id":"bf69a134-3240-44c4-a5a7-1f3499b0a940","local_time":"25610725030822","is_ascension_mode":true,"campfire_choices":[{"data":"Blood for Blood","floor":7,"key":"SMITH"},{"floor":11,"key":"REST"},{"floor":15,"key":"REST"},{"floor":29,"key":"REST"},{"data":"Double Tap","floor":32,"key":"SMITH"},{"floor":40,"key":"REST"}],"neow_cost":"NO_GOLD","seed_source_timestamp":54922409237649,"circlet_count":0,"master_deck":["Defend_R","Defend_R","Defend_R","Bash","Blood for Blood+1","Shockwave","Double Tap+1","J.A.X.","Bite","Bite","Bite","Bite","Bite","Wild Strike+1","Barricade"],"relics":["Burning Blood","Gremlin Horn","Centennial Puzzle","Bronze Scales","Happy Flower","Anchor","Singing Bowl","Black Star","Art of War","Potion Belt","Kunai","Darkstone Periapt","Pantograph","Bag of Preparation","MawBank","Eternal Feather","GremlinMask","Girya"],"potions_floor_usage":[6,8,8,16,16,18,20,23,27,28,33,37,41],"damage_taken":[{"damage":5,"enemies":"Small Slimes","floor":1,"turns":3},{"damage":2,"enemies":"Jaw Worm","floor":2,"turns":3},{"damage":29,"enemies":"Gremlin Nob","floor":6,"turns":4},{"damage":50,"enemies":"Lagavulin","floor":8,"turns":5},{"damage":1,"enemies":"2 Louse","floor":10,"turns":2},{"damage":8,"enemies":"3 Sentries","floor":13,"turns":4},{"damage":31,"enemies":"Hexaghost","floor":16,"turns":8},{"damage":24,"enemies":"Shell Parasite","floor":18,"turns":4},{"damage":5,"enemies":"3 Byrds","floor":20,"turns":3},{"damage":50,"enemies":"Cultist and Chosen","floor":22,"turns":5},{"damage":23,"enemies":"Slavers","floor":23,"turns":5},{"damage":12,"enemies":"Snake Plant","floor":24,"turns":3},{"damage":3,"enemies":"Snecko","floor":25,"turns":3},{"damage":61,"enemies":"Gremlin Leader","floor":27,"turns":6},{"damage":22,"enemies":"Centurion and Healer","floor":28,"turns":4},{"damage":36,"enemies":"Book of Stabbing","floor":30,"turns":4},{"damage":18,"enemies":"Cultist and Chosen","floor":31,"turns":5},{"damage":68,"enemies":"Collector","floor":33,"turns":7},{"damage":29,"enemies":"3 Shapes","floor":35,"turns":4},{"damage":22,"enemies":"Flame Bruiser 1 Orb","floor":37,"turns":4},{"damage":40,"floor":38,"turns":5},{"damage":53,"enemies":"Transient","floor":39,"turns":5},{"damage":98,"enemies":"Giant Head","floor":41,"turns":6}],"seed_played":"-6430726674618069266","potions_obtained":[{"floor":2,"key":"Strength Potion"},{"floor":4,"key":"FearPotion"},{"floor":4,"key":"PowerPotion"},{"floor":6,"key":"SneckoOil"},{"floor":16,"key":"AttackPotion"},{"floor":18,"key":"Block Potion"},{"floor":22,"key":"Weak Potion"},{"floor":25,"key":"BloodPotion"},{"floor":27,"key":"Weak Potion"},{"floor":31,"key":"PowerPotion"},{"floor":35,"key":"SkillPotion"},{"floor":39,"key":"SteroidPotion"}],"is_trial":false,"path_per_floor":["M","M","?","?","$","E","R","E","T","M","R","T","E","$","R","B",null,"M","?","M","?","M","E","M","M","T","E","M","R","E","M","R","B",null,"M","?","M","?","M","R"],"character_chosen":"IRONCLAD","items_purchased":["Block Potion"],"campfire_rested":4,"item_purchase_floors":[14],"current_hp_per_floor":[73,77,77,77,77,54,54,10,10,15,39,39,39,39,63,38,71,55,55,58,58,31,34,40,53,53,38,42,63,53,55,55,36,65,56,56,56,63,30,63,0],"gold":477,"neow_bonus":"REMOVE_TWO","is_prod":false,"is_daily":false,"chose_seed":false,"campfire_upgraded":2,"win_rate":0,"timestamp":1532462902,"path_taken":["M","M","?","?","?","E","R","E","T","M","R","?","E","$","R","BOSS","M","?","M","?","M","E","M","M","T","E","M","R","E","M","R","BOSS","M","?","M","?","M","R","E"],"build_version":"2018-07-19v2","purchased_purges":1,"victory":false,"max_hp_per_floor":[80,80,80,80,80,80,80,80,80,80,80,80,82,82,82,82,82,84,84,86,60,62,64,66,68,68,70,72,72,74,74,74,74,74,76,76,78,80,82,82,82],"card_choices":[{"not_picked":["Havoc","Bloodletting"],"picked":"Blood for Blood","floor":1},{"not_picked":["Rupture","Blood for Blood","Havoc"],"picked":"SKIP","floor":2},{"not_picked":["Body Slam","Rupture","Pommel Strike"],"picked":"SKIP","floor":6},{"not_picked":["Wild Strike","Barricade","Pommel Strike"],"picked":"SKIP","floor":8},{"not_picked":["Wild Strike","Havoc"],"picked":"Shockwave","floor":10},{"not_picked":["Ghostly Armor","Flame Barrier","Perfected Strike"],"picked":"Singing Bowl","floor":13},{"not_picked":["Demon Form","Exhume"],"picked":"Double Tap","floor":16},{"not_picked":["True Grit","Clothesline","Evolve"],"picked":"Singing Bowl","floor":18},{"not_picked":["Clash","Iron Wave+1","Warcry+1"],"picked":"Singing Bowl","floor":20},{"not_picked":["Wild Strike","Sword Boomerang","Thunderclap"],"picked":"Singing Bowl","floor":22},{"not_picked":["Wild Strike","Hemokinesis","Armaments"],"picked":"Singing Bowl","floor":23},{"not_picked":["Clothesline","Fire Breathing","Anger+1"],"picked":"Singing Bowl","floor":24},{"not_picked":["Sword Boomerang+1","Fire Breathing","Armaments"],"picked":"Singing Bowl","floor":25},{"not_picked":["Dropkick+1","Blood for Blood","Dark Embrace"],"picked":"Singing Bowl","floor":27},{"not_picked":["True Grit","Dropkick","Warcry"],"picked":"Singing Bowl","floor":28},{"not_picked":["Brutality","Heavy Blade","Bloodletting"],"picked":"Singing Bowl","floor":30},{"not_picked":["Havoc","Cleave"],"picked":"Wild Strike+1","floor":31},{"not_picked":["Brutality","Immolate"],"picked":"Barricade","floor":33},{"not_picked":["Body Slam","Twin Strike+1","Hemokinesis+1"],"picked":"Singing Bowl","floor":35},{"not_picked":["Headbutt","True Grit","Burning Pact"],"picked":"Singing Bowl","floor":37},{"not_picked":["Body Slam+1","Havoc+1","Anger"],"picked":"Singing Bowl","floor":38},{"not_picked":["Rampage+1","Perfected Strike","Disarm"],"picked":"Singing Bowl","floor":39}],"player_experience":143480,"relics_obtained":[{"floor":6,"key":"Centennial Puzzle"},{"floor":8,"key":"Bronze Scales"},{"floor":9,"key":"Happy Flower"},{"floor":12,"key":"Anchor"},{"floor":13,"key":"Singing Bowl"},{"floor":23,"key":"Art of War"},{"floor":23,"key":"Potion Belt"},{"floor":26,"key":"Kunai"},{"floor":27,"key":"Darkstone Periapt"},{"floor":27,"key":"Pantograph"},{"floor":30,"key":"Bag of Preparation"},{"floor":30,"key":"MawBank"},{"floor":38,"key":"Girya"}],"event_choices":[{"event_name":"Big Fish","player_choice":"Box","floor":3,"damage_taken":0},{"event_name":"The Lab","player_choice":"Got Potions","floor":4,"damage_taken":0},{"event_name":"Drug Dealer","player_choice":"Got JAXXED","floor":19,"damage_taken":0},{"event_name":"Vampires","player_choice":"Became a vampire","floor":21,"damage_taken":0},{"event_name":"FaceTrader","player_choice":"Trade","floor":36,"damage_taken":0},{"event_name":"MindBloom","player_choice":"Fight","floor":38,"damage_taken":0}],"is_beta":false,"boss_relics":[{"not_picked":["Snecko Eye","Tiny House"],"picked":"Black Star"},{"not_picked":["Empty Cage","Cursed Key"],"picked":"Eternal Feather"}],"items_purged_floors":[14],"is_endless":false,"potions_floor_spawned":[2,6,16,18,22,25,27,31,35,39],"killed_by":"Giant Head","ascension_level":6}