{"gold_per_floor":[113,124,71,71,85,85,135,150,228,228,248,261,291,306,306,380,380,399,412,422,437,454,454,454],"floor_reached":24,"playtime":1279,"items_purged":[],"score":445,"play_id":"81493c87-da83-49f6-b98a-cd1f96982775","local_time":"20190105124312","is_ascension_mode":true,"campfire_choices":[{"data":"Terror","floor":6.0,"key":"SMITH"},{"data":"Neutralize","floor":10.0,"key":"SMITH"},{"data":"Footwork","floor":15.0,"key":"SMITH"},{"floor":23,"key":"REST"}],"neow_cost":"NONE","seed_source_timestamp":15719500369829,"circlet_count":0,"master_deck":["AscendersBane","Defend_G","Defend_G","Defend_G","Defend_G","Defend_G","Strike_G","Strike_G","Strike_G","Strike_G","Strike_G","Survivor","Neutralize+1","Terror+1","Footwork+1","Poisoned Stab","Cloak And Dagger","Flying Knee","Leg Sweep","Poisoned Stab","Dash","Footwork","Envenom","Dagger Spray","Dodge and Roll+1"],"special_seed":0,"relics":["Ring of the Snake","Pen Nib","Meat on the Bone","Blood Vial","Black Star"],"potions_floor_usage":[24],"damage_taken":[{"damage":0.0,"enemies":"Jaw Worm","floor":1.0,"turns":5.0},{"damage":8.0,"enemies":"Small Slimes","floor":2.0,"turns":4.0},{"damage":0.0,"enemies":"Cultist","floor":5.0,"turns":3.0},{"damage":19.0,"enemies":"Gremlin Gang","floor":8.0,"turns":7.0},{"damage":13.0,"enemies":"Exordium Wildlife","floor":11.0,"turns":4.0},{"damage":6.0,"enemies":"Exordium Thugs","floor":12.0,"turns":7.0},{"damage":6.0,"enemies":"Lagavulin","floor":13.0,"turns":7.0},{"damage":0.0,"enemies":"Large Slime","floor":14.0,"turns":4.0},{"damage":0.0,"enemies":"The Guardian","floor":16.0,"turns":12.0},{"damage":23.0,"enemies":"Spheric Guardian","floor":18.0,"turns":7.0},{"damage":9.0,"enemies":"Shell Parasite","floor":19.0,"turns":8.0},{"damage":14.0,"enemies":"Centurion and Healer","floor":20.0,"turns":10.0},{"damage":15.0,"enemies":"Sentry and Sphere","floor":21.0,"turns":10.0},{"damage":34,"enemies":"Cultist and Chosen","floor":22,"turns":9},{"damage":49,"enemies":"Book of Stabbing","floor":24,"turns":8}],"seed_played":"-3510490066499574698","potions_obtained":[{"floor":5.0,"key":"EssenceOfSteel"},{"floor":8.0,"key":"FearPotion"},{"floor":12.0,"key":"Energy Potion"},{"floor":13.0,"key":"Strength Potion"},{"floor":20.0,"key":"Fire Potion"},{"floor":22,"key":"Explosive Potion"}],"is_trial":false,"path_per_floor":["M","M","$","?","M","R","?","M","T","R","M","M","E","M","R","B",null,"M","M","M","M","M","R","E"],"character_chosen":"THE_SILENT","items_purchased":["Poisoned Stab"],"campfire_rested":1,"item_purchase_floors":[3],"current_hp_per_floor":[59,51,51,51,51,51,51,32,32,32,31,37,43,45,45,47,61,40,45,45,44,24,43,0],"gold":454,"neow_bonus":"RANDOM_COMMON_RELIC","is_prod":false,"is_daily":false,"chose_seed":false,"campfire_upgraded":3,"win_rate":0,"timestamp":1546720992,"path_taken":["M","M","$","?","M","R","?","M","T","R","M","M","E","?","R","BOSS","M","?","M","M","M","R","E"],"build_version":"2019-01-03v4","purchased_purges":0,"victory":false,"max_hp_per_floor":[66,66,66,66,66,66,66,66,66,66,66,66,66,66,66,66,66,66,66,66,66,66,66,66],"card_choices":[{"not_picked":["Underhanded Strike","Deflect"],"picked":"Terror","floor":1.0},{"not_picked":["Masterful Stab","Concentrate"],"picked":"Footwork","floor":2.0},{"not_picked":["Distraction","Bouncing Flask"],"picked":"Cloak And Dagger","floor":5.0},{"not_picked":["Bane","Dagger Throw"],"picked":"Flying Knee","floor":8.0},{"not_picked":["Flying Knee","Eviscerate"],"picked":"Leg Sweep","floor":11.0},{"not_picked":["Dagger Spray","Flying Knee"],"picked":"Poisoned Stab","floor":12.0},{"not_picked":["Choke","Concentrate"],"picked":"Dash","floor":13.0},{"not_picked":["Blade Dance","Underhanded Strike"],"picked":"Footwork","floor":14.0},{"not_picked":["Tools of the Trade","Night Terror"],"picked":"Envenom","floor":16.0},{"not_picked":["Bane","Footwork","Outmaneuver"],"picked":"SKIP","floor":18.0},{"not_picked":["Acrobatics","Setup"],"picked":"Dagger Spray","floor":19.0},{"not_picked":["Slice","Dagger Spray","Heel Hook"],"picked":"SKIP","floor":20.0},{"not_picked":["Quick Slash","Expertise","Riddle With Holes+1"],"picked":"SKIP","floor":21.0},{"not_picked":["Catalyst","All Out Attack"],"picked":"Dodge and Roll+1","floor":22}],"player_experience":1956557,"relics_obtained":[{"floor":9.0,"key":"Meat on the Bone"},{"floor":13.0,"key":"Blood Vial"}],"event_choices":[{"damage_healed":0.0,"max_hp_gain":0.0,"max_hp_loss":0.0,"gold_gain":0.0,"event_name":"Liars Game","player_choice":"Ignored","floor":4.0,"gold_loss":0.0,"damage_taken":0.0},{"damage_healed":0.0,"max_hp_gain":0.0,"max_hp_loss":0.0,"gold_gain":50.0,"event_name":"Golden Shrine","player_choice":"Pray","floor":7.0,"gold_loss":0.0,"damage_taken":0.0}],"is_beta":false,"boss_relics":[{"not_picked":["Coffee Dripper","WristBlade"],"picked":"Black Star"}],"items_purged_floors":[],"is_endless":false,"potions_floor_spawned":[5,8,12,13,19,20,22],"killed_by":"Book of Stabbing","ascension_level":15}