{"gold_per_floor":[109,109,120,65,79,107,107,137,162,162,197,207,219,253,253,330,330,346,365,385,141,154,183,183,214,241,271,271,299,311,236,236,310,310,330,340,394,414,433,462,462,488,488,518,518,550,550,564,564,564,564],"floor_reached":52,"playtime":2639,"items_purged":["Anger"],"score":2410,"play_id":"8da75b20-8b45-41a9-96e0-c0ac5e59e804","local_time":"20181214203359","daily_mods":["SealedDeck","DeadlyEvents","Elite Swarm"],"is_ascension_mode":true,"campfire_choices":[{"data":"Armaments","floor":7,"key":"SMITH"},{"data":"Uppercut","floor":10,"key":"SMITH"},{"data":"Spot Weakness","floor":15,"key":"SMITH"},{"data":"True Grit","floor":24,"key":"SMITH"},{"data":"Inflame","floor":28,"key":"SMITH"},{"data":"Feel No Pain","floor":32,"key":"SMITH"},{"data":"Limit Break","floor":47,"key":"SMITH"},{"data":"Demon Form","floor":49,"key":"SMITH"}],"neow_cost":"","seed_source_timestamp":0,"circlet_count":0,"master_deck":["AscendersBane","Pommel Strike","Sword Boomerang","Armaments+1","Inflame+1","True Grit+1","Uppercut+1","Feel No Pain+1","Spot Weakness+1","Shrug It Off","Whirlwind","Limit Break","Reaper","Impervious","Clothesline+1","Shrug It Off+1","Corruption","Dark Embrace","Exhume","Offering","Fiend Fire+1","Limit Break+1","Demon Form+1","Pummel+1","Shrug It Off+1","Barricade"],"relics":["Burning Blood","Bronze Scales","Omamori","Centennial Puzzle","Molten Egg 2","Happy Flower","Snecko Eye","Bag of Marbles","Nunchaku","Mercury Hourglass","Art of War","Red Skull","Pocketwatch","Velvet Choker","Gambling Chip","Matryoshka","Smiling Mask","PreservedInsect","Sundial","Blue Candle","Dream Catcher","Boot","Lantern"],"potions_floor_usage":[11,13,25,50],"damage_taken":[{"damage":2,"enemies":"2 Louse","floor":1,"turns":2},{"damage":0,"enemies":"Cultist","floor":3,"turns":3},{"damage":2,"enemies":"Jaw Worm","floor":5,"turns":3},{"damage":20,"enemies":"3 Sentries","floor":6,"turns":3},{"damage":4,"enemies":"Lagavulin","floor":8,"turns":5},{"damage":20,"enemies":"3 Sentries","floor":11,"turns":5},{"damage":4,"enemies":"2 Fungi Beasts","floor":12,"turns":2},{"damage":0,"enemies":"3 Louse","floor":13,"turns":2},{"damage":13,"enemies":"Lagavulin","floor":14,"turns":6},{"damage":8,"enemies":"Hexaghost","floor":16,"turns":7},{"damage":22,"enemies":"Spheric Guardian","floor":18,"turns":6},{"damage":4,"enemies":"Chosen","floor":19,"turns":3},{"damage":8,"enemies":"Shelled Parasite and Fungi","floor":20,"turns":3},{"damage":15,"enemies":"Sentry and Sphere","floor":22,"turns":5},{"damage":7,"enemies":"Slavers","floor":23,"turns":4},{"damage":0,"enemies":"Book of Stabbing","floor":25,"turns":2},{"damage":9,"enemies":"Slavers","floor":27,"turns":2},{"damage":15,"enemies":"Gremlin Leader","floor":29,"turns":4},{"damage":6,"enemies":"Snecko","floor":30,"turns":2},{"damage":7,"enemies":"Champ","floor":33,"turns":4},{"damage":30,"enemies":"3 Darklings","floor":35,"turns":3},{"damage":14,"enemies":"3 Shapes","floor":36,"turns":2},{"damage":40,"enemies":"2 Orb Walkers","floor":37,"turns":5},{"damage":6,"enemies":"Sphere and 2 Shapes","floor":38,"turns":4},{"damage":6,"enemies":"Jaw Worm Horde","floor":39,"turns":2},{"damage":6,"enemies":"Giant Head","floor":40,"turns":4},{"damage":0,"enemies":"Reptomancer","floor":42,"turns":3},{"damage":0,"enemies":"Nemesis","floor":44,"turns":3},{"damage":6,"enemies":"Reptomancer","floor":46,"turns":3},{"damage":8,"enemies":"Maw","floor":48,"turns":3},{"damage":11,"enemies":"Donu and Deca","floor":50,"turns":4},{"damage":19,"enemies":"Time Eater","floor":51,"turns":4}],"seed_played":"-7353104082813156792","potions_obtained":[{"floor":3,"key":"EssenceOfSteel"},{"floor":8,"key":"LiquidBronze"},{"floor":11,"key":"Block Potion"},{"floor":13,"key":"Fire Potion"},{"floor":16,"key":"Energy Potion"},{"floor":25,"key":"EssenceOfSteel"},{"floor":29,"key":"Regen Potion"},{"floor":46,"key":"Dexterity Potion"}],"is_trial":true,"path_per_floor":["M","?","M","$","M","E","R","E","T","R","E","M","M","E","R","B",null,"M","M","M","$","M","E","R","E","T","E","R","E","M","?","R","B",null,"M","M","?","M","M","E","?","E","T","E","T","E","R","M","R","B","B",null],"character_chosen":"IRONCLAD","items_purchased":["Shrug It Off","Bag of Marbles"],"campfire_rested":0,"item_purchase_floors":[4,21],"current_hp_per_floor":[72,72,75,75,75,61,61,63,63,63,75,75,75,68,68,75,75,67,75,75,75,75,74,74,75,75,72,72,63,63,63,63,75,75,75,67,62,75,75,75,75,75,75,75,75,75,75,73,73,75,62],"gold":564,"neow_bonus":"","is_prod":false,"is_daily":false,"chose_seed":false,"campfire_upgraded":8,"win_rate":0,"timestamp":1544848439,"path_taken":["M","?","?","$","M","E","R","E","T","R","E","M","M","E","R","BOSS","M","M","M","$","M","E","R","E","T","E","R","E","?","?","R","BOSS","M","M","?","M","M","E","?","E","T","E","?","E","R","M","R","BOSS","BOSS"],"build_version":"2018-12-13","purchased_purges":1,"victory":true,"max_hp_per_floor":[75,75,75,75,75,75,75,75,75,75,75,75,75,75,75,75,75,75,75,75,75,75,75,75,75,75,75,75,75,75,75,75,75,75,75,75,75,75,75,75,75,75,75,75,75,75,75,75,75,75,75],"card_choices":[{"not_picked":["Headbutt","Wild Strike","Burning Pact"],"picked":"SKIP","floor":1},{"not_picked":["Rage","Ghostly Armor","Armaments"],"picked":"SKIP","floor":3},{"not_picked":["Clothesline","Rampage"],"picked":"Whirlwind","floor":5},{"not_picked":["Offering","Immolate"],"picked":"Limit Break","floor":6},{"not_picked":["Offering","Barricade"],"picked":"Reaper","floor":8},{"not_picked":["Juggernaut","Double Tap","Immolate"],"picked":"SKIP","floor":11},{"not_picked":["Bloodletting","Uppercut+1","Twin Strike+1"],"picked":"SKIP","floor":12},{"not_picked":["Headbutt+1","Blood for Blood+1","Iron Wave+1"],"picked":"SKIP","floor":13},{"not_picked":["Demon Form","Juggernaut"],"picked":"Impervious","floor":14},{"not_picked":["Wild Strike+1","Combust"],"picked":"Clothesline+1","floor":18},{"not_picked":["Power Through","Reckless Charge+1","Hemokinesis+1"],"picked":"SKIP","floor":19},{"not_picked":["Pummel+1","Havoc"],"picked":"Shrug It Off+1","floor":20},{"not_picked":["Evolve","Dual Wield"],"picked":"Corruption","floor":22},{"not_picked":["Exhume","Brutality"],"picked":"Dark Embrace","floor":23},{"not_picked":["Immolate+1","Juggernaut"],"picked":"Exhume","floor":25},{"not_picked":["Bludgeon+1","Exhume"],"picked":"Offering","floor":27},{"not_picked":["Impervious","Barricade"],"picked":"Fiend Fire+1","floor":29},{"not_picked":["Intimidate","Headbutt+1","Ghostly Armor"],"picked":"SKIP","floor":30},{"not_picked":["Exhume","Juggernaut"],"picked":"Limit Break","floor":33},{"not_picked":["Metallicize+1","Wild Strike+1","Clothesline+1"],"picked":"SKIP","floor":35},{"not_picked":["Thunderclap+1","Anger+1"],"picked":"Demon Form","floor":36},{"not_picked":["Clash+1","Iron Wave+1"],"picked":"Pummel+1","floor":38},{"not_picked":["Burning Pact+1","Pummel+1"],"picked":"Shrug It Off+1","floor":39},{"not_picked":["Dark Embrace","Reaper+1"],"picked":"Barricade","floor":40},{"not_picked":["Brutality","Immolate+1","Bludgeon+1"],"picked":"SKIP","floor":42},{"not_picked":["Immolate+1","Juggernaut","Limit Break"],"picked":"SKIP","floor":44},{"not_picked":["Berserk","Feed+1","Limit Break"],"picked":"SKIP","floor":46},{"not_picked":["Warcry","Pommel Strike+1","Sentinel"],"picked":"SKIP","floor":48}],"player_experience":1802806,"relics_obtained":[{"floor":6,"key":"Bronze Scales"},{"floor":8,"key":"Omamori"},{"floor":9,"key":"Centennial Puzzle"},{"floor":11,"key":"Molten Egg 2"},{"floor":14,"key":"Happy Flower"},{"floor":23,"key":"Nunchaku"},{"floor":25,"key":"Mercury Hourglass"},{"floor":26,"key":"Art of War"},{"floor":27,"key":"Red Skull"},{"floor":29,"key":"Pocketwatch"},{"floor":37,"key":"Gambling Chip"},{"floor":40,"key":"Matryoshka"},{"floor":42,"key":"Smiling Mask"},{"floor":43,"key":"PreservedInsect"},{"floor":43,"key":"Sundial"},{"floor":44,"key":"Blue Candle"},{"floor":45,"key":"Dream Catcher"},{"floor":45,"key":"Boot"},{"floor":46,"key":"Lantern"}],"event_choices":[{"damage_healed":0,"gold_gain":0,"player_choice":"Ignored","damage_taken":0,"max_hp_gain":0,"max_hp_loss":0,"event_name":"Purifier","floor":2,"gold_loss":0},{"cards_removed":["Thunderclap"],"damage_healed":0,"gold_gain":0,"player_choice":"Gave Gold","damage_taken":0,"max_hp_gain":0,"max_hp_loss":0,"event_name":"Beggar","floor":31,"gold_loss":75},{"damage_healed":0,"gold_gain":0,"player_choice":"Fight","damage_taken":0,"max_hp_gain":0,"max_hp_loss":0,"event_name":"Mysterious Sphere","floor":37,"gold_loss":0},{"damage_healed":0,"gold_gain":0,"player_choice":"Memory 1","damage_taken":0,"max_hp_gain":0,"max_hp_loss":0,"event_name":"SensoryStone","floor":41,"gold_loss":0}],"is_beta":false,"boss_relics":[{"not_picked":["Sozu","Coffee Dripper"],"picked":"Snecko Eye"},{"not_picked":["Black Star","Eternal Feather"],"picked":"Velvet Choker"}],"items_purged_floors":[21],"is_endless":false,"potions_floor_spawned":[3,8,11,12,13,16,19,23,25,29,30,36,38,39,44,46],"ascension_level":20}