{"gold_per_floor":[14,41,51,64,77,77,77,108,135,166,126,126,160,160,160,234,234,250,250,268,278,278,307,307,335,335,147,62,62,75,39,39,116,116,129,179,191,241,256,256,289,289,289,306,335,354,40,55,55,55],"floor_reached":51,"playtime":2058,"items_purged":[],"score":1367,"play_id":"3de516b4-c653-4be6-b367-521f0b9ec49f","local_time":"20190220145017","is_ascension_mode":true,"campfire_choices":[{"data":"Bash","floor":6,"key":"SMITH"},{"data":"Shockwave","floor":12,"key":"SMITH"},{"data":"Shrug It Off","floor":15,"key":"SMITH"},{"data":"Immolate","floor":24,"key":"SMITH"},{"data":"Feel No Pain","floor":29,"key":"SMITH"},{"data":"Metallicize","floor":32,"key":"SMITH"},{"data":"Second Wind","floor":40,"key":"SMITH"},{"data":"Dark Embrace","floor":42,"key":"SMITH"},{"data":"Inflame","floor":49,"key":"SMITH"}],"neow_cost":"NO_GOLD","seed_source_timestamp":23653731287209,"circlet_count":0,"master_deck":["AscendersBane","Defend_R","Defend_R","Defend_R","Defend_R","Bash+1","Shrug It Off+1","Headbutt","Cleave","Shockwave+1","Battle Trance","Clothesline+1","Immolate+1","Shrug It Off+1","Second Wind+1","Bite","Bite","Bite","Bite","Bite","Heavy Blade+1","Feel No Pain+1","Anger","Metallicize+1","Offering","Whirlwind+1","Havoc+1","Dark Embrace+1","Uppercut+1","Iron Wave+1","Corruption","Shrug It Off","Chrysalis","Inflame+1"],"relics":["Burning Blood","Bronze Scales","Incense Burner","Red Skull","Art of War","PreservedInsect","Philosopher\u0027s Stone","Regal Pillow","Blood Vial","Happy Flower","Bag of Preparation","Dream Catcher","Coffee Dripper","Gambling Chip","Oddly Smooth Stone","Dodecahedron","Self Forming Clay"],"potions_floor_usage":[8,13,25,36,45,50],"damage_taken":[{"damage":6,"enemies":"Cultist","floor":1,"turns":4},{"damage":2,"enemies":"Jaw Worm","floor":3,"turns":4},{"damage":0,"enemies":"Small Slimes","floor":4,"turns":3},{"damage":10,"enemies":"2 Fungi Beasts","floor":5,"turns":3},{"damage":29,"enemies":"Gremlin Nob","floor":8,"turns":4},{"damage":20,"enemies":"3 Sentries","floor":10,"turns":3},{"damage":16,"enemies":"Lagavulin","floor":13,"turns":8},{"damage":43,"enemies":"Hexaghost","floor":16,"turns":9},{"damage":6,"enemies":"Shell Parasite","floor":18,"turns":5},{"damage":14,"enemies":"2 Thieves","floor":20,"turns":4},{"damage":10,"enemies":"3 Cultists","floor":21,"turns":4},{"damage":24,"enemies":"Slavers","floor":23,"turns":3},{"damage":24,"enemies":"Book of Stabbing","floor":25,"turns":3},{"damage":0,"enemies":"Snake Plant","floor":30,"turns":3},{"damage":53,"enemies":"Automaton","floor":33,"turns":13},{"damage":7,"enemies":"Orb Walker","floor":35,"turns":2},{"damage":45,"enemies":"2 Orb Walkers","floor":36,"turns":5},{"damage":13,"enemies":"3 Darklings","floor":37,"turns":3},{"damage":22,"enemies":"Writhing Mass","floor":39,"turns":6},{"damage":30,"enemies":"Reptomancer","floor":41,"turns":3},{"damage":21,"enemies":"Transient","floor":44,"turns":5},{"damage":6,"enemies":"Giant Head","floor":45,"turns":5},{"damage":7,"enemies":"3 Darklings","floor":46,"turns":5},{"damage":6,"enemies":"Sphere and 2 Shapes","floor":48,"turns":3},{"damage":50,"enemies":"Time Eater","floor":50,"turns":11}],"seed_played":"2448958249832500760","potions_obtained":[{"floor":3,"key":"Fire Potion"},{"floor":8,"key":"SpeedPotion"},{"floor":10,"key":"BloodPotion"},{"floor":16,"key":"SteroidPotion"},{"floor":25,"key":"Regen Potion"},{"floor":37,"key":"Weak Potion"},{"floor":41,"key":"Strength Potion"},{"floor":45,"key":"Fire Potion"}],"is_trial":false,"path_per_floor":["M","T","M","M","M","R","?","E","T","E","$","R","E","?","R","B",null,"M","?","M","M","?","E","R","E","T","$","?","R","M","$","R","B",null,"M","?","M","?","M","R","E","R","T","M","E","M","$","M","R","B",null],"character_chosen":"IRONCLAD","items_purchased":["Battle Trance","Feel No Pain","Bag of Preparation","Metallicize","Corruption","Shrug It Off","Chrysalis","Block Potion"],"campfire_rested":0,"item_purchase_floors":[11,27,27,31,47,47,47,47],"current_hp_per_floor":[82,82,86,89,85,85,90,67,67,53,53,53,52,52,52,15,74,74,74,66,62,62,50,50,40,40,40,40,40,52,52,52,33,57,64,46,47,47,49,49,37,37,37,34,50,65,65,65,65,31],"gold":55,"neow_bonus":"TWENTY_PERCENT_HP_BONUS","is_prod":false,"is_daily":false,"chose_seed":false,"campfire_upgraded":9,"win_rate":0,"timestamp":1550703017,"path_taken":["M","?","?","M","M","R","?","E","T","E","$","R","E","?","R","BOSS","M","?","?","M","?","E","R","E","T","$","?","R","M","?","R","BOSS","M","?","M","?","M","R","E","R","T","M","E","M","$","M","R","BOSS"],"build_version":"2019-01-23","purchased_purges":0,"victory":true,"max_hp_per_floor":[89,89,89,89,89,89,94,94,94,94,94,94,94,94,94,94,94,94,94,94,94,65,65,65,65,65,65,65,65,65,65,65,65,65,65,65,65,65,65,65,65,65,65,65,65,65,65,65,65,65],"card_choices":[{"not_picked":["Clash","True Grit"],"picked":"Shrug It Off","floor":1},{"not_picked":["Twin Strike","Rampage"],"picked":"Headbutt","floor":3},{"not_picked":["Second Wind","Dropkick","Perfected Strike"],"picked":"SKIP","floor":4},{"not_picked":["Headbutt","Shrug It Off"],"picked":"Cleave","floor":5},{"not_picked":["Wild Strike","Hemokinesis"],"picked":"Shockwave","floor":8},{"not_picked":["Wild Strike","Flex","Headbutt"],"picked":"SKIP","floor":10},{"not_picked":["Wild Strike","Perfected Strike"],"picked":"Clothesline","floor":13},{"not_picked":["Brutality","Limit Break"],"picked":"Immolate","floor":16},{"not_picked":["Wild Strike","Hemokinesis","Carnage"],"picked":"SKIP","floor":18},{"not_picked":["Infernal Blade","Flex","Rage"],"picked":"SKIP","floor":20},{"not_picked":["Clothesline","Burning Pact"],"picked":"Second Wind","floor":21},{"not_picked":["Cleave","Wild Strike+1","Flex"],"picked":"SKIP","floor":23},{"not_picked":["Power Through","Combust"],"picked":"Heavy Blade+1","floor":25},{"not_picked":["Searing Blow","Offering"],"picked":"Anger","floor":30},{"not_picked":["Feed","Brutality"],"picked":"Offering","floor":33},{"not_picked":["Carnage","Blood for Blood","Heavy Blade"],"picked":"SKIP","floor":35},{"not_picked":["Thunderclap","Evolve"],"picked":"Whirlwind+1","floor":36},{"not_picked":["Clash","Iron Wave","Entrench"],"picked":"SKIP","floor":37},{"not_picked":["Twin Strike","Thunderclap+1"],"picked":"Havoc+1","floor":39},{"not_picked":["Twin Strike","Headbutt"],"picked":"Dark Embrace","floor":41},{"not_picked":["Infernal Blade","Flex","Anger"],"picked":"SKIP","floor":44},{"not_picked":["Entrench","Offering"],"picked":"Uppercut+1","floor":45},{"not_picked":["Dual Wield","Sever Soul+1"],"picked":"Iron Wave+1","floor":46},{"not_picked":["Twin Strike","Combust"],"picked":"Inflame","floor":48}],"player_experience":2226673,"relics_obtained":[{"floor":2,"key":"Bronze Scales"},{"floor":8,"key":"Incense Burner"},{"floor":9,"key":"Red Skull"},{"floor":10,"key":"Art of War"},{"floor":13,"key":"PreservedInsect"},{"floor":23,"key":"Regal Pillow"},{"floor":25,"key":"Blood Vial"},{"floor":26,"key":"Happy Flower"},{"floor":36,"key":"Gambling Chip"},{"floor":41,"key":"Oddly Smooth Stone"},{"floor":43,"key":"Dodecahedron"},{"floor":45,"key":"Self Forming Clay"}],"event_choices":[{"damage_healed":0,"gold_gain":0,"player_choice":"Donut","damage_taken":0,"max_hp_gain":5,"max_hp_loss":0,"event_name":"Big Fish","floor":7,"gold_loss":0},{"damage_healed":0,"gold_gain":0,"player_choice":"Grow","damage_taken":0,"max_hp_gain":0,"max_hp_loss":0,"event_name":"Living Wall","floor":14,"gold_loss":0,"cards_upgraded":["Clothesline"]},{"damage_healed":0,"gold_gain":0,"player_choice":"Copied","damage_taken":0,"max_hp_gain":0,"max_hp_loss":0,"event_name":"Duplicator","floor":19,"gold_loss":0,"cards_obtained":["Shrug It Off"]},{"damage_healed":0,"gold_gain":0,"player_choice":"Became a vampire","damage_taken":0,"max_hp_gain":0,"max_hp_loss":29,"event_name":"Vampires","floor":22,"gold_loss":0,"cards_obtained":["Bite","Bite","Bite","Bite","Bite"]},{"damage_healed":0,"gold_gain":0,"player_choice":"Obtained Relic","damage_taken":0,"relics_obtained":["Dream Catcher"],"max_hp_gain":0,"max_hp_loss":0,"event_name":"Addict","floor":28,"gold_loss":85},{"damage_healed":0,"gold_gain":0,"player_choice":"Fight","damage_taken":0,"max_hp_gain":0,"max_hp_loss":0,"event_name":"Mysterious Sphere","floor":36,"gold_loss":0},{"damage_healed":0,"gold_gain":50,"player_choice":"Pray","damage_taken":0,"max_hp_gain":0,"max_hp_loss":0,"event_name":"Golden Shrine","floor":38,"gold_loss":0}],"is_beta":false,"boss_relics":[{"not_picked":["Eternal Feather","Calling Bell"],"picked":"Philosopher\u0027s Stone"},{"not_picked":["Fusion Hammer","White Beast Statue"],"picked":"Coffee Dripper"}],"items_purged_floors":[],"is_endless":false,"potions_floor_spawned":[3,8,10,16,25,30,37,41,45,46,48],"ascension_level":15}