{"gold_per_floor":[116,116,133,151,76,76,104,122,122,150,178,178,205,216,216,293,293,313,313,325,342,354,354,385,399,424,424,424,47,63,94,94,165,165,180,180],"floor_reached":36,"playtime":1500,"items_purged":["Decay","Strike_R"],"score":767,"play_id":"e31f96c2-78b9-4d20-8d7e-a36e2faad0c5","local_time":"20190417104350","is_ascension_mode":true,"campfire_choices":[{"data":"Bash","floor":6.0,"key":"SMITH"},{"data":"Inflame","floor":12.0,"key":"SMITH"},{"data":"Disarm","floor":15.0,"key":"SMITH"},{"data":"Whirlwind","floor":23.0,"key":"SMITH"},{"data":"Uppercut","floor":27.0,"key":"SMITH"},{"floor":32,"key":"REST"}],"neow_cost":"NONE","seed_source_timestamp":9762943188318,"circlet_count":0,"master_deck":["AscendersBane","Strike_R","Defend_R+1","Defend_R+1","Defend_R","Defend_R","Bash+1","Disarm+1","Carnage","Whirlwind+1","Headbutt","True Grit","Impervious","Inflame+1","Feel No Pain","Dark Embrace","Flame Barrier+1","Infernal Blade+1","Iron Wave+1","Disarm","Havoc","Uppercut+1","Demon Form","Havoc+1","Reaper","Shrug It Off"],"special_seed":0,"relics":["Burning Blood","NeowsBlessing","Strawberry","Gremlin Horn","Mango","Odd Mushroom","Dodecahedron","Astrolabe","War Paint","Anchor","Chemical X","Bottled Lightning","Runic Pyramid"],"potions_floor_usage":[31,33],"damage_taken":[{"damage":0.0,"enemies":"2 Louse","floor":1.0,"turns":1.0},{"damage":0.0,"enemies":"Cultist","floor":3.0,"turns":1.0},{"damage":0.0,"enemies":"Jaw Worm","floor":4.0,"turns":1.0},{"damage":25.0,"enemies":"3 Sentries","floor":7.0,"turns":7.0},{"damage":10.0,"enemies":"Blue Slaver","floor":8.0,"turns":5.0},{"damage":22.0,"enemies":"Lagavulin","floor":10.0,"turns":5.0},{"damage":8.0,"enemies":"The Mushroom Lair","floor":11.0,"turns":3.0},{"damage":8.0,"enemies":"3 Sentries","floor":13.0,"turns":4.0},{"damage":1.0,"enemies":"Looter","floor":14.0,"turns":4.0},{"damage":19.0,"enemies":"Hexaghost","floor":16.0,"turns":10.0},{"damage":4.0,"enemies":"Chosen","floor":18.0,"turns":5.0},{"damage":0.0,"enemies":"3 Byrds","floor":20.0,"turns":6.0},{"damage":8.0,"enemies":"Snake Plant","floor":21.0,"turns":6.0},{"damage":19.0,"enemies":"Centurion and Healer","floor":22.0,"turns":10.0},{"damage":30.0,"enemies":"Book of Stabbing","floor":24.0,"turns":11.0},{"damage":16.0,"enemies":"3 Cultists","floor":25.0,"turns":3.0},{"damage":19,"enemies":"Sentry and Sphere","floor":30,"turns":6},{"damage":23,"enemies":"Slavers","floor":31,"turns":5},{"damage":35,"enemies":"Collector","floor":33,"turns":8},{"damage":6,"enemies":"Orb Walker","floor":35,"turns":4},{"damage":91,"enemies":"2 Orb Walkers","floor":36,"turns":5}],"seed_played":"-3122892559724002008","potions_obtained":[{"floor":3.0,"key":"SteroidPotion"},{"floor":4.0,"key":"LiquidBronze"},{"floor":7.0,"key":"FearPotion"},{"floor":11.0,"key":"FearPotion"},{"floor":18.0,"key":"Ancient Potion"},{"floor":20.0,"key":"Strength Potion"}],"is_trial":false,"path_per_floor":["M","?","M","M","$","R","E","M","T","E","?","R","E","M","R","B",null,"M","?","M","M","M","R","E","M","T","R","?","$","M","E","R","B",null,"M","?"],"character_chosen":"IRONCLAD","items_purchased":["Chemical X","Demon Form"],"campfire_rested":1,"item_purchase_floors":[29,29],"current_hp_per_floor":[74,74,75,75,75,75,63,59,59,57,55,55,53,58,58,45,83,85,85,91,89,76,76,52,42,42,42,42,42,29,12,40,11,75,75,0],"gold":180,"neow_bonus":"THREE_ENEMY_KILL","is_prod":false,"is_daily":false,"chose_seed":false,"campfire_upgraded":5,"win_rate":0,"timestamp":1555523030,"path_taken":["M","?","M","M","$","R","E","?","T","E","?","R","E","M","R","BOSS","M","?","M","M","M","R","E","M","T","R","?","?","M","E","R","BOSS","M","?"],"build_version":"2019-01-23","purchased_purges":2,"victory":false,"max_hp_per_floor":[75,75,75,75,75,75,82,82,82,96,96,96,96,96,96,96,96,96,96,96,96,96,96,96,96,96,96,96,96,96,96,96,96,96,96,96],"card_choices":[{"not_picked":["Perfected Strike","True Grit"],"picked":"Disarm","floor":1.0},{"not_picked":["Body Slam","Entrench"],"picked":"Carnage","floor":3.0},{"not_picked":["True Grit","Ghostly Armor"],"picked":"Whirlwind","floor":4.0},{"not_picked":["Thunderclap","Rupture"],"picked":"Headbutt","floor":7.0},{"not_picked":["Disarm","Body Slam"],"picked":"True Grit","floor":8.0},{"not_picked":["Thunderclap","Warcry"],"picked":"Impervious","floor":10.0},{"not_picked":["Sword Boomerang","Shrug It Off"],"picked":"Inflame","floor":11.0},{"not_picked":["Havoc","Sever Soul","Hemokinesis"],"picked":"SKIP","floor":13.0},{"not_picked":["Heavy Blade","Perfected Strike"],"picked":"Feel No Pain","floor":14.0},{"not_picked":["Bludgeon","Barricade"],"picked":"Dark Embrace","floor":16.0},{"not_picked":["Cleave","Combust"],"picked":"Disarm","floor":18.0},{"not_picked":["True Grit","Thunderclap","Twin Strike"],"picked":"SKIP","floor":20.0},{"not_picked":["Hemokinesis","Havoc","Pommel Strike"],"picked":"SKIP","floor":21.0},{"not_picked":["Rampage","Clothesline","Whirlwind"],"picked":"SKIP","floor":22.0},{"not_picked":["Iron Wave","Anger","Burning Pact"],"picked":"SKIP","floor":24.0},{"not_picked":["Evolve","Sword Boomerang","Uppercut"],"picked":"SKIP","floor":25.0},{"not_picked":["Evolve","Sword Boomerang","Uppercut"],"picked":"SKIP","floor":25.0},{"not_picked":["Evolve","Sword Boomerang"],"picked":"Uppercut","floor":25.0},{"not_picked":["Rage","Second Wind"],"picked":"Havoc+1","floor":30},{"not_picked":["Sentinel","Perfected Strike","Iron Wave"],"picked":"SKIP","floor":31},{"not_picked":["Impervious","Exhume"],"picked":"Reaper","floor":33},{"not_picked":["Clash+1","Perfected Strike"],"picked":"Shrug It Off","floor":35}],"player_experience":2456345,"relics_obtained":[{"floor":7.0,"key":"Strawberry"},{"floor":9.0,"key":"Gremlin Horn"},{"floor":10.0,"key":"Mango"},{"floor":11.0,"key":"Odd Mushroom"},{"floor":13.0,"key":"Dodecahedron"},{"floor":24.0,"key":"War Paint"},{"floor":26.0,"key":"Anchor"},{"floor":31,"key":"Bottled Lightning"}],"event_choices":[{"damage_healed":0.0,"max_hp_gain":0.0,"max_hp_loss":0.0,"gold_gain":0.0,"event_name":"Wheel of Change","player_choice":"Cursed","floor":2.0,"gold_loss":0.0,"damage_taken":0.0,"cards_obtained":["Decay"]},{"damage_healed":0.0,"max_hp_gain":0.0,"max_hp_loss":0.0,"gold_gain":0.0,"event_name":"Mushrooms","player_choice":"Fought Mushrooms","floor":11.0,"gold_loss":0.0,"damage_taken":0.0},{"damage_healed":0.0,"max_hp_gain":0.0,"max_hp_loss":0.0,"gold_gain":0.0,"event_name":"The Library","player_choice":"Read","floor":19.0,"gold_loss":0.0,"damage_taken":0.0,"cards_obtained":["Havoc"]},{"damage_healed":0.0,"max_hp_gain":0.0,"max_hp_loss":0.0,"gold_gain":0.0,"event_name":"Ghosts","player_choice":"Ignored","floor":28.0,"gold_loss":0.0,"damage_taken":0.0},{"damage_healed":0,"gold_gain":0,"player_choice":"Fight","damage_taken":0,"max_hp_gain":0,"max_hp_loss":0,"event_name":"Mysterious Sphere","floor":36,"gold_loss":0}],"is_beta":false,"boss_relics":[{"not_picked":["Eternal Feather","White Beast Statue"],"picked":"Astrolabe"},{"not_picked":["Pandora\u0027s Box","Runic Dome"],"picked":"Runic Pyramid"}],"items_purged_floors":[5,29],"is_endless":false,"potions_floor_spawned":[3,4,7,11,18,20,21,25],"killed_by":"2 Orb Walkers","ascension_level":15}