{"gold_per_floor":[16,16,36,51,74,74,85,85,111,128,162,162],"floor_reached":12,"playtime":241,"items_purged":[],"score":160,"play_id":"42a50616-719a-4597-825c-199cd6721b65","local_time":"20190114155105","is_ascension_mode":true,"campfire_choices":[{"data":"Zap","floor":6,"key":"SMITH"}],"neow_cost":"NO_GOLD","seed_source_timestamp":336936068162982,"circlet_count":0,"master_deck":["AscendersBane","Strike_B","Strike_B","Defend_B","Defend_B","Defend_B","Defend_B","Zap+1","Dualcast","Undo","Hello World","Decay","Cold Snap","Blizzard","Coolheaded"],"relics":["Cracked Core","Ancient Tea Set","Strawberry","Oddly Smooth Stone","Potion Belt"],"potions_floor_usage":[11,11,12],"damage_taken":[{"damage":12,"enemies":"Small Slimes","floor":1,"turns":3},{"damage":1,"enemies":"Cultist","floor":3,"turns":3},{"damage":4,"enemies":"Jaw Worm","floor":4,"turns":4},{"damage":0,"enemies":"Red Slaver","floor":7,"turns":3},{"damage":7,"enemies":"Looter","floor":10,"turns":3},{"damage":29,"enemies":"Gremlin Nob","floor":11,"turns":5},{"damage":16,"enemies":"Exordium Thugs","floor":12,"turns":2}],"seed_played":"-8329099741093256227","potions_obtained":[{"floor":3,"key":"AttackPotion"},{"floor":4,"key":"Weak Potion"},{"floor":11,"key":"Poison Potion"}],"is_trial":false,"path_per_floor":["M","?","M","M","T","R","M","T","T","M","E","M"],"character_chosen":"DEFECT","items_purchased":[],"campfire_rested":0,"item_purchase_floors":[],"current_hp_per_floor":[52,52,51,47,47,47,47,54,54,47,18,2],"gold":162,"neow_bonus":"TRANSFORM_TWO_CARDS","is_prod":false,"is_daily":false,"chose_seed":false,"campfire_upgraded":1,"win_rate":0,"timestamp":1547499065,"path_taken":["M","?","M","?","?","R","?","?","T","M","E","M"],"build_version":"2019-01-10","purchased_purges":0,"victory":false,"max_hp_per_floor":[71,71,71,71,71,71,71,78,78,78,78,78],"card_choices":[{"not_picked":["Steam","Turbo","Storm"],"picked":"SKIP","floor":1},{"not_picked":["Redo","Leap","Streamline"],"picked":"SKIP","floor":3},{"not_picked":["Heatsinks","Coolheaded"],"picked":"Cold Snap","floor":4},{"not_picked":["Double Energy","Hologram"],"picked":"Blizzard","floor":7},{"not_picked":["Barrage","Redo"],"picked":"Coolheaded","floor":10}],"player_experience":1632914,"relics_obtained":[{"floor":5,"key":"Ancient Tea Set"},{"floor":8,"key":"Strawberry"},{"floor":9,"key":"Oddly Smooth Stone"},{"floor":11,"key":"Potion Belt"}],"event_choices":[{"damage_healed":0,"gold_gain":0,"player_choice":"Cursed","damage_taken":0,"max_hp_gain":0,"max_hp_loss":0,"event_name":"Wheel of Change","floor":2,"gold_loss":0,"cards_obtained":["Decay"]}],"is_beta":true,"boss_relics":[],"items_purged_floors":[],"is_endless":false,"potions_floor_spawned":[3,4,11],"killed_by":"Exordium Thugs","ascension_level":20}