{"gold_per_floor":[11,24,36,2,2,2,16,47,73,73,73,73,87,87,87,161,161,173,98,98,108,120,120,155,167,191,191,211,239,239,239,239,316,316,326,326,326,39,139,139,170,170,194,226,240,240,240,275,275,275,275,275,24,57,57],"floor_reached":56,"playtime":3054,"items_purged":[],"score":2521,"play_id":"c07934ce-ea92-42d1-a406-54b9f760c660","local_time":"20190316224719","is_ascension_mode":true,"campfire_choices":[{"data":"Defragment","floor":6,"key":"SMITH"},{"data":"Chaos","floor":10,"key":"SMITH"},{"data":"Zap","floor":12,"key":"SMITH"},{"data":"Coolheaded","floor":15,"key":"SMITH"},{"data":"Heatsinks","floor":23,"key":"SMITH"},{"data":"Defragment","floor":27,"key":"SMITH"},{"data":"Turbo","floor":30,"key":"SMITH"},{"data":"Coolheaded","floor":32,"key":"SMITH"},{"data":"Darkness","floor":40,"key":"SMITH"},{"data":"Turbo","floor":42,"key":"SMITH"},{"data":"Defragment","floor":46,"key":"SMITH"},{"floor":49,"key":"RECALL"},{"data":"Echo Form","floor":52,"key":"SMITH"}],"neow_cost":"NO_GOLD","seed_source_timestamp":0,"circlet_count":0,"master_deck":["AscendersBane","Defend_B","Defend_B+1","Zap+1","Dualcast","Defragment+1","Genetic Algorithm","Core Surge+1","Rip and Tear+1","Coolheaded+1","Chaos+1","Capacitor","Reprogram","Multi-Cast","Chill","Coolheaded+1","Stack+1","Defragment+1","Machine Learning","Sunder+1","Heatsinks+1","Turbo+1","Skim","Redo","Capacitor","Echo Form+1","Darkness+1","Blind","Defragment+1","Turbo+1","Defragment+1","Machine Learning","Hologram"],"relics":["Cracked Core","Ancient Tea Set","Potion Belt","Orrery","DataDisk","Centennial Puzzle","Pantograph","Busted Crown","Chemical X","Bird Faced Urn","Thread and Needle","Whetstone","Regal Pillow","Bag of Preparation","War Paint"],"potions_floor_usage":[21,21,24,24,28,41,55,55,55],"damage_taken":[{"damage":5,"enemies":"Cultist","floor":1,"turns":4},{"damage":10,"enemies":"Small Slimes","floor":2,"turns":3},{"damage":3,"enemies":"2 Louse","floor":3,"turns":3},{"damage":0,"enemies":"Exordium Wildlife","floor":7,"turns":4},{"damage":9,"enemies":"Lagavulin","floor":8,"turns":9},{"damage":8,"enemies":"2 Fungi Beasts","floor":13,"turns":3},{"damage":0,"enemies":"The Guardian","floor":16,"turns":9},{"damage":10,"enemies":"Chosen","floor":18,"turns":6},{"damage":0,"enemies":"3 Byrds","floor":21,"turns":4},{"damage":0,"enemies":"Centurion and Healer","floor":22,"turns":8},{"damage":0,"enemies":"Slavers","floor":24,"turns":4},{"damage":0,"enemies":"3 Cultists","floor":25,"turns":5},{"damage":17,"enemies":"Chosen and Byrds","floor":28,"turns":4},{"damage":0,"enemies":"Book of Stabbing","floor":29,"turns":6},{"damage":0,"enemies":"Automaton","floor":33,"turns":9},{"damage":4,"enemies":"Orb Walker","floor":35,"turns":3},{"damage":0,"enemies":"Mind Bloom Boss Battle","floor":39,"turns":6},{"damage":9,"enemies":"Nemesis","floor":41,"turns":5},{"damage":0,"enemies":"Giant Head","floor":44,"turns":6},{"damage":13,"enemies":"3 Shapes","floor":45,"turns":4},{"damage":0,"enemies":"Nemesis","floor":48,"turns":7},{"damage":0,"enemies":"Donu and Deca","floor":50,"turns":6},{"damage":22,"enemies":"Shield and Spear","floor":54,"turns":4},{"damage":37,"enemies":"The Heart","floor":55,"turns":9}],"seed_played":"3200709747481156225","potions_obtained":[{"floor":7,"key":"Poison Potion"},{"floor":8,"key":"Explosive Potion"},{"floor":13,"key":"GamblersBrew"},{"floor":16,"key":"Swift Potion"},{"floor":21,"key":"LiquidBronze"},{"floor":28,"key":"Explosive Potion"},{"floor":29,"key":"Poison Potion"},{"floor":33,"key":"LiquidBronze"},{"floor":35,"key":"SkillPotion"},{"floor":41,"key":"GamblersBrew"},{"floor":44,"key":"FearPotion"},{"floor":48,"key":"LiquidBronze"}],"is_trial":false,"path_per_floor":["M","M","M","$","$","R","M","E","T","R","?","R","M","?","R","B",null,"M","?","?","M","M","R","E","M","T","R","M","E","R","?","R","B",null,"M","?","?","$","?","R","E","R","T","E","M","R","?","E","R","B",null,"R","$","E","B",null],"character_chosen":"DEFECT","items_purchased":["Rip and Tear","Chemical X","Defragment","Bag of Preparation","PowerPotion","Hologram"],"campfire_rested":0,"item_purchase_floors":[4,38,38,53,53,53],"current_hp_per_floor":[59,49,46,46,46,46,46,37,37,37,37,37,29,29,29,29,61,51,51,51,51,51,51,51,51,51,51,34,34,34,34,34,59,68,64,54,54,54,67,67,66,66,66,67,67,67,67,67,67,67,67,67,67,59,52],"gold":57,"neow_bonus":"REMOVE_TWO","is_prod":false,"is_daily":false,"chose_seed":true,"campfire_upgraded":12,"win_rate":0,"timestamp":1552747639,"path_taken":["M","?","M","?","$","R","M","E","T","R","?","R","M","?","R","BOSS","M","?","?","M","M","R","E","M","T","R","M","E","R","?","R","BOSS","M","?","?","$","?","R","E","R","T","E","?","R","?","E","R","BOSS","R","$","E","BOSS"],"build_version":"2019-01-23","purchased_purges":0,"victory":true,"max_hp_per_floor":[71,71,71,71,71,71,71,71,71,71,71,71,71,71,71,71,71,71,71,71,71,71,71,71,71,71,71,71,71,71,71,71,71,71,71,71,67,67,67,67,67,67,67,67,67,67,67,67,67,67,67,67,67,67,67],"card_choices":[{"not_picked":["Conserve Battery","Turbo"],"picked":"Defragment","floor":1},{"not_picked":["Rebound","Sweeping Beam","Genetic Algorithm"],"picked":"SKIP","floor":2},{"not_picked":["Rebound","Sweeping Beam"],"picked":"Genetic Algorithm","floor":2},{"not_picked":["Streamline","Compile Driver"],"picked":"Core Surge","floor":3},{"not_picked":["Leap","Gash"],"picked":"Coolheaded","floor":7},{"not_picked":["Fusion","Ball Lightning"],"picked":"Chaos","floor":8},{"not_picked":["White Noise","Heatsinks"],"picked":"Capacitor","floor":13},{"not_picked":["Thunder Strike","Machine Learning"],"picked":"Multi-Cast","floor":16},{"not_picked":["Steam Power","Ball Lightning"],"picked":"Chill","floor":17},{"not_picked":["Barrage","Force Field"],"picked":"Coolheaded","floor":17},{"not_picked":["Barrage","Redo"],"picked":"Stack","floor":17},{"not_picked":["Sweeping Beam","Steam Power"],"picked":"Defragment","floor":17},{"not_picked":["Redo","Gash"],"picked":"Machine Learning","floor":17},{"not_picked":["Compile Driver","Coolheaded+1"],"picked":"Sunder+1","floor":18},{"not_picked":["Gash+1","Hologram"],"picked":"Heatsinks","floor":21},{"not_picked":["Redo","Echo Form"],"picked":"Turbo","floor":22},{"not_picked":["Genetic Algorithm","Capacitor+1","Rebound"],"picked":"SKIP","floor":24},{"not_picked":["Beam Cell","Darkness","Go for the Eyes"],"picked":"SKIP","floor":25},{"not_picked":["Beam Cell","Darkness","Go for the Eyes"],"picked":"SKIP","floor":25},{"not_picked":["Cold Snap","Coolheaded"],"picked":"Skim","floor":28},{"not_picked":["Go for the Eyes","Gash","Beam Cell"],"picked":"SKIP","floor":29},{"not_picked":["Rainbow","Amplify"],"picked":"Echo Form","floor":33},{"not_picked":["Darkness"],"picked":"SKIP","floor":35},{"not_picked":[],"picked":"Darkness","floor":35},{"not_picked":[],"picked":"Blind","floor":36},{"not_picked":[],"picked":"Turbo","floor":39},{"not_picked":["Tempest"],"picked":"SKIP","floor":41},{"not_picked":["Beam Cell"],"picked":"SKIP","floor":44},{"not_picked":["Beam Cell"],"picked":"SKIP","floor":44},{"not_picked":[],"picked":"Defragment+1","floor":45},{"not_picked":[],"picked":"Machine Learning","floor":48},{"not_picked":["Go for the Eyes+1"],"picked":"SKIP","floor":54}],"player_experience":2837066,"relics_obtained":[{"floor":8,"key":"Ancient Tea Set"},{"floor":9,"key":"Potion Belt"},{"floor":24,"key":"DataDisk"},{"floor":26,"key":"Centennial Puzzle"},{"floor":29,"key":"Pantograph"},{"floor":39,"key":"Bird Faced Urn"},{"floor":41,"key":"Thread and Needle"},{"floor":44,"key":"Whetstone"},{"floor":48,"key":"Regal Pillow"},{"floor":54,"key":"War Paint"}],"event_choices":[{"damage_healed":0,"gold_gain":0,"player_choice":"Ignored","damage_taken":0,"max_hp_gain":0,"max_hp_loss":0,"event_name":"Liars Game","floor":11,"gold_loss":0},{"damage_healed":0,"gold_gain":0,"cards_transformed":["Strike_B"],"player_choice":"Change","damage_taken":0,"max_hp_gain":0,"max_hp_loss":0,"event_name":"Living Wall","floor":14,"gold_loss":0,"cards_obtained":["Reprogram"]},{"cards_removed":["Strike_B"],"damage_healed":0,"gold_gain":0,"player_choice":"Gave Gold","damage_taken":0,"max_hp_gain":0,"max_hp_loss":0,"event_name":"Beggar","floor":19,"gold_loss":75},{"damage_healed":0,"gold_gain":0,"player_choice":"Ignored","damage_taken":0,"max_hp_gain":0,"max_hp_loss":0,"event_name":"The Mausoleum","floor":20,"gold_loss":0},{"damage_healed":0,"gold_gain":0,"cards_transformed":["Strike_B","Defend_B"],"player_choice":"Became Test Subject","damage_taken":0,"max_hp_gain":0,"max_hp_loss":0,"event_name":"Drug Dealer","floor":31,"gold_loss":0,"cards_obtained":["Redo","Capacitor"]},{"damage_healed":0,"gold_gain":0,"player_choice":"Memory 3","damage_taken":10,"max_hp_gain":0,"max_hp_loss":0,"event_name":"SensoryStone","floor":36,"gold_loss":0},{"damage_healed":0,"gold_gain":0,"player_choice":"Max HP","damage_taken":0,"max_hp_gain":0,"max_hp_loss":4,"event_name":"Winding Halls","floor":37,"gold_loss":0},{"damage_healed":0,"gold_gain":0,"player_choice":"Fight","damage_taken":0,"max_hp_gain":0,"max_hp_loss":0,"event_name":"MindBloom","floor":39,"gold_loss":0},{"damage_healed":0,"gold_gain":0,"player_choice":"Ignored","damage_taken":0,"max_hp_gain":0,"max_hp_loss":0,"event_name":"Tomb of Lord Red Mask","floor":47,"gold_loss":0}],"is_beta":false,"boss_relics":[{"not_picked":["Tiny House","Lizard Tail"],"picked":"Orrery"},{"not_picked":["Calling Bell","Velvet Choker"],"picked":"Busted Crown"}],"items_purged_floors":[],"is_endless":false,"potions_floor_spawned":[7,8,13,16,21,28,29,33,35,41,44,48],"ascension_level":15}