{"gold_per_floor":[114,11,11,27,177,205,220,220,246,246,60,60,60,77,77,151,151,164,264,274,290,290,317,317,332,356,356,368,385,385,405,405,405],"floor_reached":33,"playtime":1390,"items_purged":["Strike_R","Doubt"],"score":618,"play_id":"5d3535f1-a845-4ea1-bd96-0fffc0ff6f18","local_time":"20190429193843","is_ascension_mode":true,"campfire_choices":[{"data":"Armaments","floor":8.0,"key":"SMITH"},{"data":"Shockwave","floor":10.0,"key":"SMITH"},{"data":"Hemokinesis","floor":12.0,"key":"SMITH"},{"data":"Flame Barrier","floor":15.0,"key":"SMITH"},{"data":"Reaper","floor":24.0,"key":"SMITH"},{"data":"Heavy Blade","floor":27.0,"key":"SMITH"},{"floor":30.0,"key":"REST"},{"floor":32.0,"key":"REST"}],"neow_cost":"NONE","seed_source_timestamp":0,"circlet_count":0,"master_deck":["AscendersBane","Strike_R","Strike_R","Defend_R","Defend_R","Defend_R","Defend_R","Bash","Shockwave+1","Shrug It Off","Hemokinesis+1","Flame Barrier+1","Armaments+1","Bludgeon","Reaper+1","Spot Weakness+1","Shrug It Off","Double Tap+1","Heavy Blade+1"],"special_seed":0,"relics":["Burning Blood","NeowsBlessing","Strawberry","Red Skull","Philosopher\u0027s Stone","Nunchaku","Letter Opener","Bottled Lightning","Ancient Tea Set"],"potions_floor_usage":[],"damage_taken":[{"damage":0.0,"enemies":"2 Louse","floor":1.0,"turns":1.0},{"damage":0.0,"enemies":"Small Slimes","floor":4.0,"turns":2.0},{"damage":0.0,"enemies":"Gremlin Nob","floor":6.0,"turns":1.0},{"damage":11.0,"enemies":"Cultist","floor":7.0,"turns":4.0},{"damage":6.0,"enemies":"3 Louse","floor":14.0,"turns":4.0},{"damage":21.0,"enemies":"Hexaghost","floor":16.0,"turns":7.0},{"damage":20.0,"enemies":"Chosen","floor":18.0,"turns":6.0},{"damage":23.0,"enemies":"Colosseum Slavers","floor":19.0,"turns":3.0},{"damage":62.0,"enemies":"Colosseum Nobs","floor":19.0,"turns":8.0},{"damage":24.0,"enemies":"Shell Parasite","floor":20.0,"turns":6.0},{"damage":21.0,"enemies":"Centurion and Healer","floor":21.0,"turns":7.0},{"damage":15.0,"enemies":"Book of Stabbing","floor":23.0,"turns":5.0},{"damage":25.0,"enemies":"3 Cultists","floor":25.0,"turns":6.0},{"damage":34.0,"enemies":"Chosen and Byrds","floor":28.0,"turns":6.0},{"damage":26.0,"enemies":"Sentry and Sphere","floor":29.0,"turns":4.0},{"damage":17.0,"enemies":"Snake Plant","floor":31.0,"turns":4.0},{"damage":62,"enemies":"Collector","floor":33,"turns":6}],"seed_played":"2632138677343448346","potions_obtained":[{"floor":1.0,"key":"PowerPotion"},{"floor":14.0,"key":"Fire Potion"},{"floor":16.0,"key":"Weak Potion"},{"floor":20.0,"key":"Dexterity Potion"},{"floor":28.0,"key":"Explosive Potion"},{"floor":29.0,"key":"Block Potion"},{"floor":31.0,"key":"SmokeBomb"}],"is_trial":false,"path_per_floor":["M","$","?","M","?","E","M","R","T","R","$","R","?","M","R","B",null,"M","?","M","M","?","E","R","M","T","R","M","M","R","M","R","B"],"character_chosen":"IRONCLAD","items_purchased":["Shrug It Off","Bludgeon"],"campfire_rested":2,"item_purchase_floors":[2,11],"current_hp_per_floor":[74,74,74,75,75,82,77,77,77,77,77,77,70,70,70,55,75,66,34,32,39,39,48,48,48,48,48,27,15,39,36,60,0],"gold":405,"neow_bonus":"THREE_ENEMY_KILL","is_prod":false,"is_daily":false,"chose_seed":false,"campfire_upgraded":6,"win_rate":0,"timestamp":1556555923,"path_taken":["M","$","?","M","?","E","M","R","T","R","$","R","?","M","R","BOSS","M","?","M","M","?","E","R","?","T","R","M","M","R","M","R","BOSS"],"build_version":"2019-01-23","purchased_purges":2,"victory":false,"max_hp_per_floor":[75,75,75,75,75,82,82,82,82,82,82,82,82,82,82,82,82,82,82,82,82,82,82,82,82,82,82,82,82,82,82,82,82],"card_choices":[{"not_picked":["Rage","Thunderclap"],"picked":"Shockwave","floor":1.0},{"not_picked":["Iron Wave","Flex"],"picked":"Hemokinesis","floor":4.0},{"not_picked":["Clash","Shockwave"],"picked":"Flame Barrier","floor":6.0},{"not_picked":["Second Wind","True Grit"],"picked":"Armaments","floor":7.0},{"not_picked":["Headbutt","Clothesline","Brutality"],"picked":"SKIP","floor":14.0},{"not_picked":["Fiend Fire","Impervious"],"picked":"Reaper","floor":16.0},{"not_picked":["Twin Strike","Flex+1"],"picked":"Spot Weakness+1","floor":18.0},{"not_picked":["Pommel Strike","Shockwave"],"picked":"Shrug It Off","floor":19.0},{"not_picked":["Ghostly Armor","Havoc"],"picked":"Double Tap","floor":20.0},{"not_picked":["Fire Breathing","Hemokinesis","Spot Weakness"],"picked":"SKIP","floor":21.0},{"not_picked":["Dual Wield","Dropkick"],"picked":"Heavy Blade","floor":23.0},{"not_picked":["Heavy Blade+1","Wild Strike+1","Twin Strike"],"picked":"SKIP","floor":25.0},{"not_picked":["Thunderclap","Havoc","Heavy Blade"],"picked":"SKIP","floor":28.0},{"not_picked":["Warcry","Corruption+1","Iron Wave"],"picked":"SKIP","floor":29.0},{"not_picked":["Brutality","Warcry","Pummel"],"picked":"SKIP","floor":31.0}],"player_experience":355191,"relics_obtained":[{"floor":6.0,"key":"Strawberry"},{"floor":9.0,"key":"Red Skull"},{"floor":19.0,"key":"Nunchaku"},{"floor":19.0,"key":"Letter Opener"},{"floor":23.0,"key":"Bottled Lightning"},{"floor":26.0,"key":"Ancient Tea Set"}],"event_choices":[{"cards_removed":["Strike_R"],"damage_healed":0.0,"max_hp_gain":0.0,"max_hp_loss":0.0,"gold_gain":0.0,"event_name":"Living Wall","player_choice":"Forget","floor":3.0,"gold_loss":0.0,"damage_taken":0.0},{"damage_healed":0.0,"max_hp_gain":0.0,"max_hp_loss":0.0,"gold_gain":150.0,"event_name":"Liars Game","player_choice":"AGREE","floor":5.0,"gold_loss":0.0,"damage_taken":0.0,"cards_obtained":["Doubt"]},{"cards_removed":["Strike_R"],"damage_healed":0.0,"max_hp_gain":0.0,"max_hp_loss":0.0,"gold_gain":0.0,"event_name":"Golden Wing","player_choice":"Card Removal","floor":13.0,"gold_loss":0.0,"damage_taken":7.0},{"damage_healed":0.0,"max_hp_gain":0.0,"max_hp_loss":0.0,"gold_gain":0.0,"event_name":"Colosseum","player_choice":"Fight","floor":19.0,"gold_loss":0.0,"damage_taken":0.0},{"damage_healed":0.0,"max_hp_gain":0.0,"max_hp_loss":0.0,"gold_gain":0.0,"event_name":"Colosseum","player_choice":"Fought Nobs","floor":19.0,"gold_loss":0.0,"damage_taken":0.0},{"damage_healed":0.0,"max_hp_gain":0.0,"max_hp_loss":0.0,"gold_gain":0.0,"event_name":"Accursed Blacksmith","player_choice":"Forge","floor":22.0,"gold_loss":0.0,"damage_taken":0.0,"cards_upgraded":["Double Tap"]}],"is_beta":false,"boss_relics":[{"not_picked":["Empty Cage","Astrolabe"],"picked":"Philosopher\u0027s Stone"}],"items_purged_floors":[2,11],"is_endless":false,"potions_floor_spawned":[1,14,16,19,20,28,29,31],"killed_by":"Collector","ascension_level":19}