{"gold_per_floor":[117,117,128,128,128,160,160,188,188,219,231,269,281,325,337,425,437,460,472,496,526,553,594,641,686,721,768,810,856,895,907,919,1009,1021,1043,1073,1096,2107,1662,1662,1676,1105,1105,1138,554,574,574,609,609,609,609,609,609,142,173,173],"floor_reached":57,"playtime":3124,"items_purged":["Normality","Normality"],"score":4089,"play_id":"346550d8-4cff-4e76-a1e2-7e13f346dc89","local_time":"20190202184452","daily_mods":["SealedDeck","DeadlyEvents","Elite Swarm"],"is_ascension_mode":true,"campfire_choices":[{"data":"Shockwave","floor":7.0,"key":"SMITH"},{"data":"Feed","floor":11.0,"key":"SMITH"},{"data":"True Grit","floor":13.0,"key":"SMITH"},{"data":"Pommel Strike","floor":15.0,"key":"SMITH"},{"data":"Demon Form","floor":32.0,"key":"SMITH"},{"floor":40.0,"key":"RECALL"},{"floor":47.0,"key":"REST"},{"floor":49.0,"key":"REST"},{"floor":53,"key":"REST"}],"neow_cost":"","seed_source_timestamp":0,"circlet_count":0,"master_deck":["AscendersBane","Clothesline+1","Heavy Blade+1","True Grit+1","Pommel Strike+1","Headbutt+1","Flame Barrier+1","Spot Weakness+1","Uppercut+1","Shockwave+1","Impervious+1","Feed+1","Barricade","Reaper+1","Impervious+1","Offering+1","Armaments+1","Dark Embrace","Exhume+1","Limit Break+1","Demon Form+1","Body Slam","Shrug It Off+1","Shrug It Off+1","Flame Barrier+1","Exhume+1","Feel No Pain","Dark Shackles+1","Power Through+1","Battle Trance+1"],"special_seed":0,"relics":["Snecko Eye","Toxic Egg 2","Singing Bowl","Pear","MawBank","Sundial","Anchor","Sozu","Kunai","Dodecahedron","PreservedInsect","Bronze Scales","WingedGreaves","Whetstone","Blood Vial","War Paint","Fusion Hammer","Centennial Puzzle","Orichalcum","Ornamental Fan","Chemical X","Ancient Tea Set","Gremlin Horn","Blue Candle","Bottled Tornado","Strawberry","Pocketwatch"],"potions_floor_usage":[56,56],"damage_taken":[{"damage":1.0,"enemies":"2 Louse","floor":1.0,"turns":2.0},{"damage":2.0,"enemies":"Jaw Worm","floor":3.0,"turns":2.0},{"damage":0.0,"enemies":"Gremlin Nob","floor":6.0,"turns":2.0},{"damage":6.0,"enemies":"3 Sentries","floor":8.0,"turns":4.0},{"damage":8.0,"enemies":"Lagavulin","floor":10.0,"turns":5.0},{"damage":12.0,"enemies":"Gremlin Nob","floor":12.0,"turns":3.0},{"damage":0.0,"enemies":"Lagavulin","floor":14.0,"turns":6.0},{"damage":0.0,"enemies":"Slime Boss","floor":16.0,"turns":6.0},{"damage":0.0,"enemies":"Chosen","floor":18.0,"turns":2.0},{"damage":6.0,"enemies":"Shell Parasite","floor":20.0,"turns":3.0},{"damage":6.0,"enemies":"Chosen and Byrds","floor":21.0,"turns":5.0},{"damage":6.0,"enemies":"Snecko","floor":22.0,"turns":4.0},{"damage":6.0,"enemies":"Book of Stabbing","floor":23.0,"turns":4.0},{"damage":8.0,"enemies":"Slavers","floor":24.0,"turns":2.0},{"damage":6.0,"enemies":"Gremlin Leader","floor":25.0,"turns":4.0},{"damage":6.0,"enemies":"Book of Stabbing","floor":27.0,"turns":3.0},{"damage":2.0,"enemies":"Gremlin Leader","floor":28.0,"turns":4.0},{"damage":6.0,"enemies":"Book of Stabbing","floor":29.0,"turns":3.0},{"damage":0.0,"enemies":"Slavers","floor":30.0,"turns":3.0},{"damage":6.0,"enemies":"Automaton","floor":33.0,"turns":5.0},{"damage":6.0,"enemies":"Orb Walker","floor":35.0,"turns":3.0},{"damage":10.0,"enemies":"3 Shapes","floor":36.0,"turns":4.0},{"damage":6.0,"enemies":"Transient","floor":37.0,"turns":6.0},{"damage":8.0,"enemies":"Jaw Worm Horde","floor":41.0,"turns":4.0},{"damage":0.0,"enemies":"Giant Head","floor":44.0,"turns":6.0},{"damage":6.0,"enemies":"4 Shapes","floor":46.0,"turns":3.0},{"damage":0.0,"enemies":"Nemesis","floor":48.0,"turns":5.0},{"damage":6.0,"enemies":"Donu and Deca","floor":50.0,"turns":4.0},{"damage":6.0,"enemies":"Awakened One","floor":51.0,"turns":7.0},{"damage":6,"enemies":"Shield and Spear","floor":55,"turns":4},{"damage":21,"enemies":"The Heart","floor":56,"turns":9}],"seed_played":"1657573588387965942","potions_obtained":[{"floor":1.0,"key":"PowerPotion"},{"floor":8.0,"key":"Poison Potion"}],"is_trial":true,"path_per_floor":["M","?","M","?","?","E","R","E","T","E","R","E","R","E","R","B",null,"M","?","M","M","M","E","E","E","T","E","E","E","E","?","R","B",null,"M","M","M","?","$","R","M","$","T","E","$","M","R","E","R","B","B",null,"R","$","E","B",null],"character_chosen":"IRONCLAD","items_purchased":["Centennial Puzzle","Orichalcum","Body Slam","Ornamental Fan","Chemical X","Shrug It Off+1","Gremlin Horn","Blue Candle","Feel No Pain","Strawberry","Dark Shackles+1","Power Through+1","Battle Trance+1"],"campfire_rested":3,"item_purchase_floors":[39,39,39,42,42,45,45,45,54,54,54,54,54],"current_hp_per_floor":[67,67,65,65,42,42,42,36,46,41,41,29,29,39,39,50,85,89,89,89,99,108,106,114,132,132,132,142,140,152,152,152,158,158,158,170,170,170,170,170,168,168,168,186,186,194,194,194,194,192,192,200,202,209,205,215],"gold":173,"neow_bonus":"","is_prod":false,"is_daily":false,"chose_seed":false,"campfire_upgraded":5,"win_rate":0,"timestamp":1549161892,"path_taken":["M","?","M","?","?","E","R","E","T","E","R","E","R","E","R","BOSS","M","?","M","M","?","E","?","E","T","E","E","E","E","?","R","BOSS","M","M","?","?","$","R","M","$","T","E","$","M","R","E","R","BOSS","BOSS","R","$","E","BOSS"],"build_version":"2019-01-23","purchased_purges":2,"victory":true,"max_hp_per_floor":[75,75,75,75,75,75,75,75,85,88,88,88,88,92,92,96,96,100,100,106,112,118,122,126,132,132,138,144,148,152,152,152,158,158,164,170,176,176,176,176,180,180,180,186,186,194,194,194,194,198,202,202,202,209,211,215],"card_choices":[{"not_picked":["Warcry","Flex","Bloodletting"],"picked":"SKIP","floor":1.0},{"not_picked":["Heavy Blade","Hemokinesis","Anger"],"picked":"SKIP","floor":3.0},{"not_picked":["Immolate","Barricade"],"picked":"Impervious","floor":6.0},{"not_picked":["Immolate","Offering+1"],"picked":"Feed","floor":8.0},{"not_picked":["Dark Embrace","Demon Form"],"picked":"Barricade","floor":10.0},{"not_picked":["Berserk","Brutality"],"picked":"Reaper","floor":12.0},{"not_picked":["Berserk","Offering+1"],"picked":"Impervious+1","floor":14.0},{"not_picked":["Feed","Demon Form"],"picked":"Offering+1","floor":16.0},{"not_picked":["Thunderclap","Heavy Blade"],"picked":"Armaments+1","floor":18.0},{"not_picked":["Anger","Hemokinesis","Cleave"],"picked":"Singing Bowl","floor":20.0},{"not_picked":["Perfected Strike","Thunderclap","Clash"],"picked":"Singing Bowl","floor":21.0},{"not_picked":["Uppercut+1","Armaments+1","Warcry+1"],"picked":"Singing Bowl","floor":22.0},{"not_picked":["Offering+1","Feed"],"picked":"Dark Embrace","floor":23.0},{"not_picked":["Dark Embrace","Double Tap+1"],"picked":"Exhume+1","floor":24.0},{"not_picked":["Double Tap+1","Fiend Fire","Barricade"],"picked":"Singing Bowl","floor":25.0},{"not_picked":["Double Tap+1","Brutality","Offering+1"],"picked":"Singing Bowl","floor":27.0},{"not_picked":["Double Tap+1","Bludgeon","Exhume+1"],"picked":"Singing Bowl","floor":28.0},{"not_picked":["Dark Embrace","Fiend Fire"],"picked":"Limit Break+1","floor":29.0},{"not_picked":["Feed","Offering+1"],"picked":"Demon Form","floor":30.0},{"not_picked":["Demon Form","Dark Embrace","Bludgeon"],"picked":"Singing Bowl","floor":33.0},{"not_picked":["Clothesline","Inflame","Second Wind+1"],"picked":"Singing Bowl","floor":35.0},{"not_picked":["Reckless Charge","Sword Boomerang","Hemokinesis"],"picked":"Singing Bowl","floor":36.0},{"not_picked":["Heavy Blade","Anger","Clothesline"],"picked":"Singing Bowl","floor":37.0},{"not_picked":["Sword Boomerang","Wild Strike+1"],"picked":"Shrug It Off+1","floor":41.0},{"not_picked":["Offering+1","Juggernaut","Berserk"],"picked":"Singing Bowl","floor":44.0},{"not_picked":["Headbutt+1","Pummel"],"picked":"Flame Barrier+1","floor":46.0},{"not_picked":["Offering+1","Barricade"],"picked":"Exhume+1","floor":48.0},{"not_picked":["Juggernaut","Demon Form","Berserk"],"picked":"Singing Bowl","floor":55}],"player_experience":2136478,"relics_obtained":[{"floor":6.0,"key":"Toxic Egg 2"},{"floor":8.0,"key":"Singing Bowl"},{"floor":9.0,"key":"Pear"},{"floor":10.0,"key":"MawBank"},{"floor":12.0,"key":"Sundial"},{"floor":14.0,"key":"Anchor"},{"floor":23.0,"key":"Kunai"},{"floor":24.0,"key":"Dodecahedron"},{"floor":25.0,"key":"PreservedInsect"},{"floor":26.0,"key":"Bronze Scales"},{"floor":27.0,"key":"WingedGreaves"},{"floor":28.0,"key":"Whetstone"},{"floor":29.0,"key":"Blood Vial"},{"floor":30.0,"key":"War Paint"},{"floor":44.0,"key":"Ancient Tea Set"},{"floor":48.0,"key":"Bottled Tornado"},{"floor":55,"key":"Pocketwatch"}],"event_choices":[{"damage_healed":0.0,"max_hp_gain":0.0,"max_hp_loss":0.0,"gold_gain":0.0,"event_name":"Living Wall","player_choice":"Grow","floor":2.0,"gold_loss":0.0,"damage_taken":0.0,"cards_upgraded":["Uppercut"]},{"damage_healed":0.0,"max_hp_gain":0.0,"max_hp_loss":0.0,"gold_gain":0.0,"event_name":"The Cleric","player_choice":"Leave","floor":4.0,"gold_loss":0.0,"damage_taken":0.0},{"damage_healed":0.0,"max_hp_gain":0.0,"max_hp_loss":0.0,"gold_gain":0.0,"event_name":"Shining Light","player_choice":"Entered Light","floor":5.0,"gold_loss":0.0,"damage_taken":23.0,"cards_upgraded":["Clothesline","Heavy Blade"]},{"damage_healed":0.0,"max_hp_gain":0.0,"max_hp_loss":0.0,"gold_gain":0.0,"event_name":"Ghosts","player_choice":"Ignored","floor":19.0,"gold_loss":0.0,"damage_taken":0.0},{"cards_removed":["Combust"],"damage_healed":0.0,"max_hp_gain":0.0,"max_hp_loss":0.0,"gold_gain":0.0,"event_name":"Purifier","player_choice":"Purged","floor":31.0,"gold_loss":0.0,"damage_taken":0.0},{"damage_healed":0.0,"max_hp_gain":0.0,"max_hp_loss":0.0,"gold_gain":999.0,"event_name":"MindBloom","player_choice":"Gold","floor":38.0,"gold_loss":0.0,"damage_taken":0.0,"cards_obtained":["Normality","Normality"]}],"is_beta":false,"boss_relics":[{"not_picked":["Busted Crown","Astrolabe"],"picked":"Sozu"},{"not_picked":["Orrery","Runic Dome"],"picked":"Fusion Hammer"}],"items_purged_floors":[39,42],"is_endless":false,"potions_floor_spawned":[1,8,14,16,20,24,30,33,37,44,46,48,55],"ascension_level":20}