{"gold_per_floor":[215,215,28,43,43,78,78,114,114,154,168,168,189,212,212,305,305,318,343,377,11,32,32,63,84,84,84,209,228,262,276,276,365,365,388,409,631,345,360,398,398,429,504,538,538,67,67,91,91,91,91,91,91,34,67,67],"floor_reached":57,"playtime":3045,"items_purged":["Defend_R","Defend_R"],"score":3006,"play_id":"e0a615f3-8e97-4c7c-b4df-e902ce5e1e72","local_time":"20181207230728","is_ascension_mode":true,"campfire_choices":[{"data":"Armaments","floor":7.0,"key":"SMITH"},{"data":"Enlightenment","floor":12.0,"key":"SMITH"},{"data":"Shockwave","floor":15.0,"key":"SMITH"},{"floor":23.0,"key":"REST"},{"floor":27.0,"key":"RECALL"},{"floor":32.0,"key":"REST"},{"floor":47.0,"key":"REST"},{"floor":49.0,"key":"REST"},{"floor":53.0,"key":"REST"}],"neow_cost":"NONE","seed_source_timestamp":1265369718666,"circlet_count":0,"master_deck":["AscendersBane","Strike_R","Strike_R","Strike_R","Strike_R","Defend_R","Defend_R","Bash","Perfected Strike+1","Perfected Strike","Enlightenment+1","Armaments+1","Battle Trance","Pommel Strike+1","Perfected Strike","Pommel Strike","Shockwave+1","Demon Form","Perfected Strike","Pommel Strike","PanicButton","Battle Trance","Reaper+1","Double Tap","Pommel Strike+1","Shrug It Off+1","Apotheosis","Trip","Power Through","Evolve","Rage+1"],"special_seed":0,"relics":["Burning Blood","Golden Idol","Ginger","Whetstone","Gambling Chip","Potion Belt","Pen Nib","Fusion Hammer","Red Mask","PreservedInsect","Bottled Tornado","Molten Egg 2","Bird Faced Urn","Bottled Lightning","Anchor","Runic Cube","ClockworkSouvenir","Oddly Smooth Stone","Gremlin Horn","Turnip","HandDrill","Letter Opener"],"potions_floor_usage":[55,56,56,56,56,56,56,56,56,56,56,56],"damage_taken":[{"damage":6.0,"enemies":"2 Louse","floor":1.0,"turns":3.0},{"damage":12.0,"enemies":"Jaw Worm","floor":4.0,"turns":2.0},{"damage":35.0,"enemies":"3 Sentries","floor":6.0,"turns":9.0},{"damage":25.0,"enemies":"Lagavulin","floor":8.0,"turns":7.0},{"damage":0.0,"enemies":"Gremlin Nob","floor":10.0,"turns":2.0},{"damage":0.0,"enemies":"Cultist","floor":11.0,"turns":2.0},{"damage":0.0,"enemies":"Looter","floor":13.0,"turns":1.0},{"damage":24.0,"enemies":"Slime Boss","floor":16.0,"turns":6.0},{"damage":29.0,"enemies":"Shell Parasite","floor":18.0,"turns":4.0},{"damage":0.0,"enemies":"2 Thieves","floor":19.0,"turns":2.0},{"damage":6.0,"enemies":"Masked Bandits","floor":20.0,"turns":3.0},{"damage":0.0,"enemies":"Snake Plant","floor":22.0,"turns":2.0},{"damage":0.0,"enemies":"Gremlin Leader","floor":24.0,"turns":2.0},{"damage":3.0,"enemies":"Centurion and Healer","floor":25.0,"turns":3.0},{"damage":9.0,"enemies":"Colosseum Slavers","floor":28.0,"turns":2.0},{"damage":0.0,"enemies":"Colosseum Nobs","floor":28.0,"turns":3.0},{"damage":8.0,"enemies":"3 Cultists","floor":29.0,"turns":3.0},{"damage":15.0,"enemies":"Book of Stabbing","floor":30.0,"turns":2.0},{"damage":0.0,"enemies":"Chosen and Byrds","floor":31.0,"turns":3.0},{"damage":45.0,"enemies":"Collector","floor":33.0,"turns":5.0},{"damage":0.0,"enemies":"Orb Walker","floor":35.0,"turns":1.0},{"damage":0.0,"enemies":"3 Shapes","floor":36.0,"turns":2.0},{"damage":15.0,"enemies":"Sphere and 2 Shapes","floor":39.0,"turns":4.0},{"damage":46.0,"enemies":"Nemesis","floor":40.0,"turns":7.0},{"damage":3.0,"enemies":"Reptomancer","floor":42.0,"turns":3.0},{"damage":53.0,"enemies":"Giant Head","floor":44.0,"turns":5.0},{"damage":0.0,"enemies":"Transient","floor":48.0,"turns":6.0},{"damage":38.0,"enemies":"Donu and Deca","floor":50.0,"turns":7.0},{"damage":48.0,"enemies":"Awakened One","floor":51.0,"turns":8.0},{"damage":25,"enemies":"Shield and Spear","floor":55,"turns":5},{"damage":45,"enemies":"The Heart","floor":56,"turns":5}],"seed_played":"-5763040203034171929","potions_obtained":[{"floor":1.0,"key":"Strength Potion"},{"floor":6.0,"key":"Dexterity Potion"},{"floor":13.0,"key":"SteroidPotion"},{"floor":16.0,"key":"Regen Potion"},{"floor":19.0,"key":"SpeedPotion"},{"floor":24.0,"key":"SkillPotion"},{"floor":28.0,"key":"EntropicBrew"},{"floor":30.0,"key":"PowerPotion"},{"floor":40.0,"key":"EntropicBrew"},{"floor":44.0,"key":"PowerPotion"},{"floor":55,"key":"Dexterity Potion"}],"is_trial":false,"path_per_floor":["M","?","$","M","?","E","R","E","T","E","M","R","M","T","R","B",null,"M","M","?","$","M","R","E","M","T","R","?","M","E","M","R","B",null,"M","M","?","$","M","E","?","E","T","E","?","$","R","M","R","B","B",null,"R","$","E","B",null],"character_chosen":"IRONCLAD","items_purchased":["Perfected Strike","Enlightenment","Armaments","PreservedInsect","Perfected Strike","Pommel Strike","PanicButton","ClockworkSouvenir","Power Through","Evolve","HandDrill","Block Potion"],"campfire_rested":5,"item_purchase_floors":[3,3,3,21,21,21,21,38,46,46,46,54],"current_hp_per_floor":[68,68,68,62,62,33,33,14,14,20,26,26,32,32,32,14,55,32,38,38,38,44,64,68,68,68,68,68,66,59,67,68,68,68,68,68,68,68,68,42,32,68,68,30,30,30,50,68,68,68,68,68,68,68,51,56],"gold":67,"neow_bonus":"HUNDRED_GOLD","is_prod":false,"is_daily":false,"chose_seed":false,"campfire_upgraded":3,"win_rate":0,"timestamp":1544195248,"path_taken":["M","?","$","M","?","E","R","E","T","E","M","R","M","?","R","BOSS","M","?","?","$","M","R","E","M","T","R","?","M","E","M","R","BOSS","M","M","?","$","M","E","?","E","T","E","?","$","R","M","R","BOSS","BOSS","R","$","E","BOSS"],"build_version":"2018-12-06","purchased_purges":2,"victory":true,"max_hp_per_floor":[75,68,68,68,68,68,68,68,68,68,68,68,68,68,68,68,68,68,68,68,68,68,68,68,68,68,68,68,68,68,68,68,68,68,68,68,68,68,68,68,68,68,68,68,68,68,68,68,68,68,68,68,68,68,68,68],"card_choices":[{"not_picked":["Rage","Armaments"],"picked":"Perfected Strike","floor":1.0},{"not_picked":["Infernal Blade","Iron Wave"],"picked":"Battle Trance","floor":4.0},{"not_picked":["Second Wind","Warcry"],"picked":"Pommel Strike","floor":6.0},{"not_picked":["Inflame","Limit Break"],"picked":"Perfected Strike","floor":8.0},{"not_picked":["Burning Pact","True Grit"],"picked":"Pommel Strike","floor":10.0},{"not_picked":["Whirlwind","Anger","Sword Boomerang"],"picked":"SKIP","floor":11.0},{"not_picked":["Entrench","Wild Strike"],"picked":"Shockwave","floor":13.0},{"not_picked":["Feed","Limit Break"],"picked":"Demon Form","floor":16.0},{"not_picked":["Body Slam","Spot Weakness+1","Seeing Red"],"picked":"SKIP","floor":18.0},{"not_picked":["Wild Strike","Cleave+1","Rampage"],"picked":"SKIP","floor":19.0},{"not_picked":["Pummel","Clash"],"picked":"Battle Trance","floor":22.0},{"not_picked":["Clash","Burning Pact","Wild Strike"],"picked":"SKIP","floor":24.0},{"not_picked":["Seeing Red","Carnage","Headbutt"],"picked":"SKIP","floor":25.0},{"not_picked":["Dropkick+1","Sword Boomerang+1","Spot Weakness"],"picked":"SKIP","floor":29.0},{"not_picked":["Warcry","Flex"],"picked":"Reaper+1","floor":30.0},{"not_picked":["Headbutt+1","Sword Boomerang+1","Shrug It Off"],"picked":"SKIP","floor":31.0},{"not_picked":["Juggernaut","Demon Form"],"picked":"Double Tap","floor":33.0},{"not_picked":["Intimidate","Whirlwind+1"],"picked":"Pommel Strike+1","floor":35.0},{"not_picked":["Flame Barrier","Shockwave"],"picked":"Shrug It Off+1","floor":36.0},{"not_picked":["Warcry","Rage","Clothesline+1"],"picked":"SKIP","floor":39.0},{"not_picked":["Warcry","Pummel+1","Clash+1"],"picked":"SKIP","floor":40.0},{"not_picked":["Enlightenment","Dark Shackles"],"picked":"Apotheosis","floor":41.0},{"not_picked":["Finesse","Madness"],"picked":"Trip","floor":41.0},{"not_picked":["Armaments","Ghostly Armor","Burning Pact"],"picked":"SKIP","floor":42.0},{"not_picked":["Burning Pact","Iron Wave+1","Dark Embrace"],"picked":"SKIP","floor":44.0},{"not_picked":["Power Through","Iron Wave+1","Combust"],"picked":"SKIP","floor":48.0},{"not_picked":["Shrug It Off","Clothesline+1"],"picked":"Rage+1","floor":55}],"player_experience":2300796,"relics_obtained":[{"floor":6.0,"key":"Ginger"},{"floor":8.0,"key":"Whetstone"},{"floor":9.0,"key":"Gambling Chip"},{"floor":10.0,"key":"Potion Belt"},{"floor":14.0,"key":"Pen Nib"},{"floor":20.0,"key":"Red Mask"},{"floor":24.0,"key":"Bottled Tornado"},{"floor":26.0,"key":"Molten Egg 2"},{"floor":28.0,"key":"Bird Faced Urn"},{"floor":28.0,"key":"Bottled Lightning"},{"floor":30.0,"key":"Anchor"},{"floor":40.0,"key":"Oddly Smooth Stone"},{"floor":42.0,"key":"Gremlin Horn"},{"floor":44.0,"key":"Turnip"},{"floor":55,"key":"Letter Opener"}],"event_choices":[{"damage_healed":0.0,"max_hp_gain":0.0,"max_hp_loss":7.0,"gold_gain":0.0,"event_name":"Golden Idol","player_choice":"Lose Max HP","floor":2.0,"gold_loss":0.0,"damage_taken":0.0,"relics_obtained":["Golden Idol"]},{"damage_healed":0.0,"max_hp_gain":0.0,"max_hp_loss":0.0,"gold_gain":0.0,"event_name":"Scrap Ooze","player_choice":"Fled","floor":5.0,"gold_loss":0.0,"damage_taken":0.0},{"damage_healed":0.0,"max_hp_gain":0.0,"max_hp_loss":0.0,"gold_gain":0.0,"event_name":"Masked Bandits","player_choice":"Fought Bandits","floor":20.0,"gold_loss":0.0,"damage_taken":0.0},{"damage_healed":0.0,"max_hp_gain":0.0,"max_hp_loss":0.0,"gold_gain":0.0,"event_name":"Colosseum","player_choice":"Fight","floor":28.0,"gold_loss":0.0,"damage_taken":0.0},{"damage_healed":0.0,"max_hp_gain":0.0,"max_hp_loss":0.0,"gold_gain":0.0,"event_name":"Colosseum","player_choice":"Fought Nobs","floor":28.0,"gold_loss":0.0,"damage_taken":0.0},{"damage_healed":0.0,"max_hp_gain":0.0,"max_hp_loss":0.0,"gold_gain":222.0,"event_name":"Tomb of Lord Red Mask","player_choice":"Wore Mask","floor":37.0,"gold_loss":0.0,"damage_taken":0.0},{"damage_healed":0.0,"max_hp_gain":0.0,"max_hp_loss":0.0,"gold_gain":0.0,"event_name":"SensoryStone","player_choice":"Memory 3","floor":41.0,"gold_loss":0.0,"damage_taken":10.0},{"cards_removed":["Strike_R"],"damage_healed":0.0,"max_hp_gain":0.0,"max_hp_loss":0.0,"gold_gain":0.0,"event_name":"Falling","player_choice":"Removed Attack","floor":45.0,"gold_loss":0.0,"damage_taken":0.0}],"is_beta":false,"boss_relics":[{"not_picked":["Black Blood","Tiny House"],"picked":"Fusion Hammer"},{"not_picked":["White Beast Statue","Astrolabe"],"picked":"Runic Cube"}],"items_purged_floors":[38,46],"is_endless":false,"potions_floor_spawned":[1,6,13,16,19,24,25,28,30,35,40,44,48,55],"ascension_level":20}