{"gold_per_floor":[116,96,109,120,120,120,130,165,214,227,258,558,208,224,224,224],"floor_reached":16,"playtime":489,"items_purged":["Strike_R"],"score":196,"play_id":"f3d521d4-493f-4129-8453-04769f0ad2c7","local_time":"20190418123743","is_ascension_mode":true,"campfire_choices":[{"data":"Bash","floor":6.0,"key":"SMITH"},{"data":"Uppercut","floor":15.0,"key":"SMITH"}],"neow_cost":"NONE","seed_source_timestamp":16667988925366,"circlet_count":0,"master_deck":["AscendersBane","Strike_R","Strike_R","Strike_R","Strike_R","Defend_R","Defend_R","Defend_R","Defend_R","Bash+1","Headbutt","Wild Strike","Pommel Strike","Shrug It Off","Fiend Fire","Clothesline","Rupture","Uppercut+1"],"special_seed":0,"relics":["Burning Blood","NeowsBlessing","Mummified Hand","PreservedInsect","Centennial Puzzle","Old Coin","Mercury Hourglass"],"potions_floor_usage":[16],"damage_taken":[{"damage":0.0,"enemies":"Cultist","floor":1.0,"turns":1.0},{"damage":0.0,"enemies":"Jaw Worm","floor":3.0,"turns":1.0},{"damage":0.0,"enemies":"2 Louse","floor":4.0,"turns":1.0},{"damage":12.0,"enemies":"Looter","floor":7.0,"turns":3.0},{"damage":25.0,"enemies":"Gremlin Nob","floor":8.0,"turns":4.0},{"damage":8.0,"enemies":"Blue Slaver","floor":10.0,"turns":3.0},{"damage":27.0,"enemies":"3 Sentries","floor":11.0,"turns":6.0},{"damage":8.0,"enemies":"3 Louse","floor":14.0,"turns":2.0},{"damage":25,"enemies":"Hexaghost","floor":16,"turns":7}],"seed_played":"-6140465773256622607","potions_obtained":[{"floor":1.0,"key":"Ancient Potion"},{"floor":2.0,"key":"Strength Potion"},{"floor":10.0,"key":"FearPotion"}],"is_trial":false,"path_per_floor":["M","?","M","M","?","R","M","E","T","M","E","?","$","M","R","B"],"character_chosen":"IRONCLAD","items_purchased":["Mercury Hourglass","Rupture"],"campfire_rested":0,"item_purchase_floors":[13,13],"current_hp_per_floor":[74,74,75,75,80,80,74,55,55,53,32,27,27,25,25,0],"gold":224,"neow_bonus":"THREE_ENEMY_KILL","is_prod":false,"is_daily":false,"chose_seed":false,"campfire_upgraded":2,"win_rate":0,"timestamp":1555616263,"path_taken":["M","?","?","M","?","R","M","E","T","M","E","?","$","M","R","BOSS"],"build_version":"2019-01-23","purchased_purges":1,"victory":false,"max_hp_per_floor":[75,75,75,75,80,80,80,80,80,80,80,80,80,80,80,80],"card_choices":[{"not_picked":["Rampage","Perfected Strike"],"picked":"Headbutt","floor":1.0},{"not_picked":["Clash","Sentinel"],"picked":"Wild Strike","floor":3.0},{"not_picked":["Rupture","Searing Blow"],"picked":"Pommel Strike","floor":4.0},{"not_picked":["Perfected Strike","Pommel Strike"],"picked":"Shrug It Off","floor":7.0},{"not_picked":["Flex","Iron Wave"],"picked":"Fiend Fire","floor":8.0},{"not_picked":["Perfected Strike","Shockwave"],"picked":"Clothesline","floor":10.0},{"not_picked":["Cleave","Rage","Carnage"],"picked":"SKIP","floor":11.0},{"not_picked":["Burning Pact","Infernal Blade"],"picked":"Uppercut","floor":14.0}],"player_experience":2465496,"relics_obtained":[{"floor":8.0,"key":"Mummified Hand"},{"floor":9.0,"key":"PreservedInsect"},{"floor":11.0,"key":"Centennial Puzzle"}],"event_choices":[{"damage_healed":0.0,"max_hp_gain":0.0,"max_hp_loss":0.0,"gold_gain":0.0,"event_name":"The Woman in Blue","player_choice":"Bought 1 Potion","floor":2.0,"gold_loss":0.0,"damage_taken":0.0},{"damage_healed":0.0,"max_hp_gain":5.0,"max_hp_loss":0.0,"gold_gain":0.0,"event_name":"Big Fish","player_choice":"Donut","floor":5.0,"gold_loss":0.0,"damage_taken":0.0},{"damage_healed":0.0,"max_hp_gain":0.0,"max_hp_loss":0.0,"gold_gain":0.0,"event_name":"Scrap Ooze","player_choice":"Success","floor":12.0,"gold_loss":0.0,"damage_taken":5.0,"relics_obtained":["Old Coin"]}],"is_beta":false,"boss_relics":[],"items_purged_floors":[13],"is_endless":false,"potions_floor_spawned":[1,4,10,11],"killed_by":"Hexaghost","ascension_level":15}