{"gold_per_floor":[110,110,123,140,140,168,168,199,225,20,34,34,62,82,82,156,156,173,2,102,102,192,192,220,231,313,313,313,348,348,17,17,90,90,107,118,79,97,97,97,125,125,148,179,198,208,22,22,22,22],"floor_reached":51,"playtime":2321,"items_purged":["Strike_R","Shame","Pain"],"score":1603,"play_id":"86496a68-6ccd-42ea-9075-96e6a1dc597d","local_time":"20190405091647","is_ascension_mode":true,"campfire_choices":[{"data":"Carnage","floor":7.0,"key":"SMITH"},{"data":"Uppercut","floor":12.0,"key":"SMITH"},{"data":"Armaments","floor":15.0,"key":"SMITH"},{"floor":23.0,"key":"REST"},{"data":"Inflame","floor":27.0,"key":"SMITH"},{"data":"Metallicize","floor":30,"key":"SMITH"},{"data":"Twin Strike","floor":32,"key":"SMITH"},{"data":"Feel No Pain","floor":40,"key":"SMITH"},{"data":"Barricade","floor":42,"key":"SMITH"},{"data":"Inflame","floor":49,"key":"SMITH"}],"neow_cost":"NONE","seed_source_timestamp":8286482103255,"circlet_count":0,"master_deck":["AscendersBane","Strike_R","Defend_R","Defend_R","Defend_R","Defend_R","Bash+1","Shrug It Off","Carnage+1","Armaments+1","Impervious","Ghostly Armor","Inflame+1","Uppercut+1","Metallicize+1","Limit Break+1","Headbutt","Impervious+1","Warcry+1","Limit Break+1","Warcry+1","Twin Strike+1","Corruption","Shrug It Off+1","Barricade+1","Second Wind+1","Clothesline+1","True Grit+1","Havoc+1","Feel No Pain+1","Body Slam+1","Shrug It Off+1","Disarm+1","Seeing Red+1","Shrug It Off+1","Intimidate+1","Inflame+1","PanicButton+1"],"special_seed":0,"relics":["Burning Blood","Ancient Tea Set","Happy Flower","Potion Belt","The Courier","Cursed Key","Thread and Needle","Dodecahedron","Toxic Egg 2","Pantograph","Bronze Scales","War Paint","Astrolabe","PreservedInsect","Anchor","Bag of Preparation"],"potions_floor_usage":[29,29,41,50,50,50,50,50,50],"damage_taken":[{"damage":12.0,"enemies":"Jaw Worm","floor":1.0,"turns":3.0},{"damage":6.0,"enemies":"Cultist","floor":3.0,"turns":3.0},{"damage":0.0,"enemies":"2 Louse","floor":4.0,"turns":3.0},{"damage":32.0,"enemies":"Gremlin Nob","floor":6.0,"turns":5.0},{"damage":15.0,"enemies":"Lagavulin","floor":8.0,"turns":6.0},{"damage":0.0,"enemies":"Exordium Wildlife","floor":11.0,"turns":3.0},{"damage":8.0,"enemies":"Gremlin Nob","floor":13.0,"turns":3.0},{"damage":1.0,"enemies":"2 Fungi Beasts","floor":14.0,"turns":3.0},{"damage":29.0,"enemies":"The Guardian","floor":16.0,"turns":10.0},{"damage":9.0,"enemies":"3 Byrds","floor":18.0,"turns":7.0},{"damage":11.0,"enemies":"Colosseum Slavers","floor":20.0,"turns":4.0},{"damage":17.0,"enemies":"Colosseum Nobs","floor":20.0,"turns":6.0},{"damage":18.0,"enemies":"Gremlin Leader","floor":24.0,"turns":8.0},{"damage":9.0,"enemies":"2 Thieves","floor":25.0,"turns":5.0},{"damage":13,"enemies":"Book of Stabbing","floor":29,"turns":6},{"damage":0,"enemies":"Champ","floor":33,"turns":9},{"damage":8,"enemies":"3 Darklings","floor":35,"turns":7},{"damage":0,"enemies":"Orb Walker","floor":36,"turns":4},{"damage":0,"enemies":"Maw","floor":38,"turns":7},{"damage":0,"enemies":"Giant Head","floor":41,"turns":6},{"damage":2,"enemies":"Nemesis","floor":44,"turns":9},{"damage":22,"enemies":"Jaw Worm Horde","floor":45,"turns":5},{"damage":8,"enemies":"3 Darklings","floor":46,"turns":9},{"damage":0,"enemies":"Donu and Deca","floor":50,"turns":11}],"seed_played":"1429971436918745472","potions_obtained":[{"floor":3.0,"key":"BloodPotion"},{"floor":11.0,"key":"Regen Potion"},{"floor":13.0,"key":"PowerPotion"},{"floor":16.0,"key":"SpeedPotion"},{"floor":20.0,"key":"SkillPotion"},{"floor":24.0,"key":"Energy Potion"},{"floor":38,"key":"EntropicBrew"},{"floor":41,"key":"EssenceOfSteel"}],"is_trial":false,"path_per_floor":["M","?","M","M","?","E","R","E","T","$","M","R","E","M","R","B",null,"M","$","?","T","?","R","E","M","T","R","?","E","R","$","R","B",null,"M","M","$","M","?","R","E","R","T","E","M","M","$","?","R","B",null],"character_chosen":"IRONCLAD","items_purchased":["Inflame","Uppercut","Strength Potion","SkillPotion","Impervious","Corruption","Shrug It Off+1","War Paint","Ancient Potion","PowerPotion","Intimidate+1","Inflame"],"campfire_rested":1,"item_purchase_floors":[10,10,10,10,19,31,31,31,31,37,47,47],"current_hp_per_floor":[69,69,69,75,75,49,49,48,48,48,54,54,52,57,57,34,70,67,67,51,51,35,59,47,44,44,44,44,52,52,52,52,82,82,80,82,82,82,82,82,82,82,82,82,66,64,64,59,59,82],"gold":22,"neow_bonus":"TEN_PERCENT_HP_BONUS","is_prod":false,"is_daily":false,"chose_seed":false,"campfire_upgraded":9,"win_rate":0,"timestamp":1554481007,"path_taken":["M","?","M","M","?","E","R","E","T","$","?","R","E","M","R","BOSS","M","$","?","?","?","R","E","?","T","R","?","E","R","$","R","BOSS","M","M","?","M","?","R","E","R","T","E","M","M","$","?","R","BOSS"],"build_version":"2019-01-23","purchased_purges":3,"victory":true,"max_hp_per_floor":[82,82,82,82,82,82,82,82,82,82,82,82,82,82,82,82,82,82,82,82,82,82,82,82,82,82,82,82,82,82,82,82,82,82,82,82,82,82,82,82,82,82,82,82,82,82,82,82,82,82],"card_choices":[{"not_picked":["Warcry","Flex"],"picked":"Shrug It Off","floor":1.0},{"not_picked":["Disarm","Fiend Fire"],"picked":"Carnage","floor":3.0},{"not_picked":["Shockwave","Clash"],"picked":"Armaments","floor":4.0},{"not_picked":["Thunderclap","Twin Strike"],"picked":"Impervious","floor":6.0},{"not_picked":["Blood for Blood","Sever Soul"],"picked":"Ghostly Armor","floor":8.0},{"not_picked":["Flex","Cleave","Havoc"],"picked":"SKIP","floor":11.0},{"not_picked":["Juggernaut","Cleave","Clash"],"picked":"SKIP","floor":13.0},{"not_picked":["Twin Strike","True Grit"],"picked":"Metallicize","floor":14.0},{"not_picked":["Exhume","Reaper"],"picked":"Limit Break","floor":16.0},{"not_picked":["Warcry","Wild Strike"],"picked":"Headbutt","floor":18.0},{"not_picked":["Seeing Red","Clothesline","Barricade"],"picked":"SKIP","floor":24.0},{"not_picked":["Searing Blow","Perfected Strike+1"],"picked":"Warcry+1","floor":25.0},{"not_picked":["Flex+1","Rage+1"],"picked":"Twin Strike","floor":29},{"not_picked":["Juggernaut","Bludgeon"],"picked":"Barricade","floor":33},{"not_picked":["Metallicize","Clothesline"],"picked":"Havoc+1","floor":35},{"not_picked":["Havoc+1","Reckless Charge+1"],"picked":"Feel No Pain","floor":36},{"not_picked":["Flame Barrier+1","Intimidate+1"],"picked":"Body Slam+1","floor":38},{"not_picked":["Pommel Strike","Shockwave+1"],"picked":"Shrug It Off+1","floor":41},{"not_picked":["Iron Wave+1","Fire Breathing"],"picked":"Disarm+1","floor":44},{"not_picked":["Second Wind+1","Twin Strike"],"picked":"Seeing Red+1","floor":45},{"not_picked":["Double Tap+1","Armaments+1"],"picked":"Shrug It Off+1","floor":46},{"not_picked":["Bandage Up+1","Mind Blast"],"picked":"PanicButton+1","floor":48}],"player_experience":2418381,"relics_obtained":[{"floor":6.0,"key":"Ancient Tea Set"},{"floor":8.0,"key":"Happy Flower"},{"floor":9.0,"key":"Potion Belt"},{"floor":13.0,"key":"The Courier"},{"floor":20.0,"key":"Thread and Needle"},{"floor":20.0,"key":"Dodecahedron"},{"floor":24.0,"key":"Toxic Egg 2"},{"floor":26.0,"key":"Pantograph"},{"floor":29,"key":"Bronze Scales"},{"floor":41,"key":"PreservedInsect"},{"floor":43,"key":"Anchor"},{"floor":44,"key":"Bag of Preparation"}],"event_choices":[{"damage_healed":0.0,"max_hp_gain":0.0,"max_hp_loss":0.0,"gold_gain":0.0,"event_name":"The Cleric","player_choice":"Leave","floor":2.0,"gold_loss":0.0,"damage_taken":0.0},{"damage_healed":0.0,"max_hp_gain":0.0,"max_hp_loss":0.0,"gold_gain":0.0,"event_name":"Accursed Blacksmith","player_choice":"Forge","floor":5.0,"gold_loss":0.0,"damage_taken":0.0,"cards_upgraded":["Bash"]},{"damage_healed":0.0,"max_hp_gain":0.0,"max_hp_loss":0.0,"gold_gain":0.0,"event_name":"Colosseum","player_choice":"Fight","floor":20.0,"gold_loss":0.0,"damage_taken":0.0},{"damage_healed":0.0,"max_hp_gain":0.0,"max_hp_loss":0.0,"gold_gain":0.0,"event_name":"Colosseum","player_choice":"Fought Nobs","floor":20.0,"gold_loss":0.0,"damage_taken":0.0},{"damage_healed":0.0,"max_hp_gain":0.0,"max_hp_loss":0.0,"gold_gain":90.0,"event_name":"Knowing Skull","player_choice":"GOLD ","floor":22.0,"potions_obtained":[],"gold_loss":0.0,"damage_taken":16.0,"cards_obtained":[]},{"damage_healed":0,"gold_gain":0,"player_choice":"2 cards matched","damage_taken":0,"max_hp_gain":0,"max_hp_loss":0,"event_name":"Match and Keep!","floor":28,"gold_loss":0,"cards_obtained":["Limit Break","Warcry"]},{"damage_healed":0,"gold_gain":0,"player_choice":"Ignored","damage_taken":0,"max_hp_gain":0,"max_hp_loss":0,"event_name":"Tomb of Lord Red Mask","floor":39,"gold_loss":0},{"damage_healed":0,"gold_gain":0,"player_choice":"Memory 2","damage_taken":5,"max_hp_gain":0,"max_hp_loss":0,"event_name":"SensoryStone","floor":48,"gold_loss":0}],"is_beta":false,"boss_relics":[{"not_picked":["Eternal Feather","Pandora\u0027s Box"],"picked":"Cursed Key"},{"not_picked":["Sozu","Runic Pyramid"],"picked":"Astrolabe"}],"items_purged_floors":[19,31,47],"is_endless":false,"potions_floor_spawned":[3,11,13,16,20,20,24,38,41,45,46],"ascension_level":15}