{"gold_per_floor":[110,110,34,34,34,34,44,75,100,133,147,147,179,192,192,192],"floor_reached":16,"playtime":766,"items_purged":[],"score":186,"play_id":"1a26d392-b07f-424a-891d-7aa7262b4052","local_time":"20181205195303","is_ascension_mode":true,"campfire_choices":[{"data":"Zap","floor":6,"key":"SMITH"},{"data":"Go for the Eyes","floor":15,"key":"SMITH"}],"neow_cost":"NONE","seed_source_timestamp":752513601652316,"circlet_count":0,"master_deck":["Strike_B","Strike_B","Strike_B","Strike_B","Defend_B","Defend_B","Defend_B","Defend_B","Zap+1","Dualcast","Conserve Battery","Self Repair","Go for the Eyes+1","Ball Lightning","Genetic Algorithm"],"relics":["Cracked Core","NeowsBlessing","Happy Flower","Juzu Bracelet","Potion Belt","Oddly Smooth Stone","Sundial"],"potions_floor_usage":[10],"damage_taken":[{"damage":0,"enemies":"Jaw Worm","floor":1,"turns":1},{"damage":0,"enemies":"2 Louse","floor":7,"turns":1},{"damage":0,"enemies":"3 Sentries","floor":8,"turns":1},{"damage":30,"enemies":"Gremlin Nob","floor":10,"turns":5},{"damage":0,"enemies":"Cultist","floor":11,"turns":3},{"damage":23,"enemies":"Lagavulin","floor":13,"turns":5},{"damage":6,"enemies":"2 Fungi Beasts","floor":14,"turns":3},{"damage":46,"enemies":"Hexaghost","floor":16,"turns":9}],"seed_played":"-3355204430515346524","potions_obtained":[{"floor":1,"key":"SpeedPotion"},{"floor":8,"key":"Explosive Potion"}],"is_trial":false,"path_per_floor":["M","?","$","?","$","R","M","E","T","E","M","T","E","M","R","B"],"character_chosen":"DEFECT","items_purchased":["Self Repair"],"campfire_rested":0,"item_purchase_floors":[3],"current_hp_per_floor":[68,73,73,61,61,61,68,75,75,52,59,59,43,44,44,0],"gold":192,"neow_bonus":"THREE_ENEMY_KILL","is_prod":false,"is_daily":false,"chose_seed":false,"campfire_upgraded":2,"win_rate":0,"timestamp":1544035983,"path_taken":["M","?","$","?","$","R","M","E","T","E","M","?","E","M","R","BOSS"],"build_version":"2018-12-05","purchased_purges":0,"victory":false,"max_hp_per_floor":[75,80,80,80,80,80,80,80,80,80,80,80,80,80,80,80],"card_choices":[{"not_picked":["Lockon","Redo"],"picked":"Conserve Battery","floor":1},{"not_picked":["Chill","Stack"],"picked":"Go for the Eyes","floor":7},{"not_picked":["Sweeping Beam","Stack","Steam"],"picked":"SKIP","floor":8},{"not_picked":["Steam","Sweeping Beam","Lockon"],"picked":"SKIP","floor":10},{"not_picked":["Beam Cell","Coolheaded"],"picked":"Ball Lightning","floor":11},{"not_picked":["Amplify","Barrage","Fusion"],"picked":"SKIP","floor":13},{"not_picked":["Turbo","Gash"],"picked":"Genetic Algorithm","floor":14}],"player_experience":241413,"relics_obtained":[{"floor":8,"key":"Juzu Bracelet"},{"floor":9,"key":"Potion Belt"},{"floor":10,"key":"Oddly Smooth Stone"},{"floor":13,"key":"Sundial"}],"event_choices":[{"damage_healed":0,"gold_gain":0,"player_choice":"Donut","damage_taken":0,"max_hp_gain":5,"max_hp_loss":0,"event_name":"Big Fish","floor":2,"gold_loss":0},{"damage_healed":0,"gold_gain":0,"player_choice":"Success","damage_taken":12,"relics_obtained":["Happy Flower"],"max_hp_gain":0,"max_hp_loss":0,"event_name":"Scrap Ooze","floor":4,"gold_loss":0}],"is_beta":true,"boss_relics":[],"items_purged_floors":[],"is_endless":false,"potions_floor_spawned":[1,8],"killed_by":"Hexaghost","ascension_level":6}