{"gold_per_floor":[367,382,382,56,56,87,87,106,131,131,165,198,98,113,113,234,234,252,127,252,192,213,213,252,283,307,307,356,356,411,468,468,621,621,661,698,698,698,698,698,769,247,247,313,313,393,393,436,436,454,454,454,4,59,99],"floor_reached":56,"playtime":4169,"items_purged":["Strike_G","Strike_G","Strike_G","Languid","Voices"],"score":1539,"play_id":"73f40fca-864c-4892-8465-4554b4462174","local_time":"20190417023528","is_ascension_mode":true,"campfire_choices":[{"data":"Blade Dance","floor":7.0,"key":"SMITH"},{"data":"Hidden Blade","floor":15.0,"key":"SMITH"},{"data":"Cloak And Dagger","floor":23.0,"key":"SMITH"},{"floor":32.0,"key":"DIG"},{"data":"Midas Touch","floor":40.0,"key":"SMITH"},{"floor":45.0,"key":"DIG"},{"data":"Calculated Gamble","floor":47,"key":"SMITH"},{"floor":49,"key":"RECALL"},{"floor":52,"key":"DIG"}],"neow_cost":"BASIC_CARDS","seed_source_timestamp":9384090202800,"circlet_count":0,"master_deck":["Defend_G","Defend_G","Defend_G","Defend_G","Defend_G","Defend_G","Terror","Infinite Blades","Leg Sweep","Leap","Beam Cell","Blade Dance+1","Blade Dance","Hidden Blade+1","Malaise","Cloak And Dagger+1","Acrobatics+1","Burst","ReplayTheSpireMod:Exploit Weakness+1","ReplayTheSpireMod:The Works+1","Calculated Gamble+1","Adrenaline","CommonCold","Impatience","Midas Touch+1","Master of Strategy+1","Choke+1","ReplayTheSpireMod:Speed Training","Well Laid Plans","Blur"],"special_seed":0,"relics":["Ring of the Snake","Onion Ring","Replay:Rubber Ducky","Blood Vial","Golden Idol","WingedGreaves","ReplayTheSpireMod:Bottled Flurry","Philosopher\u0027s Stone","Mango","Replay:WaspNest","PreservedInsect","Bandana","Bag of Marbles","Blue Doll","Unceasing Top","Calling Bell","Art of War","Molten Egg 2","FossilizedHelix","Shovel","Basket Of Snakes","Sundial","Orichalcum","Pet Ghost","ReplayTheSpireMod:Ninjato","Lantern"],"potions_floor_usage":[55],"damage_taken":[{"damage":0.0,"enemies":"Cultist","floor":1.0,"turns":4.0},{"damage":0.0,"enemies":"2 Louse","floor":2.0,"turns":3.0},{"damage":4.0,"enemies":"3 Sentries","floor":6.0,"turns":10.0},{"damage":0.0,"enemies":"Small Slimes","floor":8.0,"turns":2.0},{"damage":7.0,"enemies":"Lagavulin","floor":11.0,"turns":3.0},{"damage":5.0,"enemies":"Erikyupuro","floor":12.0,"turns":12.0},{"damage":0.0,"enemies":"Blue Slaver","floor":14.0,"turns":2.0},{"damage":40.0,"enemies":"Fading Forest","floor":16.0,"turns":11.0},{"damage":1.0,"enemies":"3 Byrds","floor":18.0,"turns":5.0},{"damage":14.0,"enemies":"Colosseum Slavers","floor":20.0,"turns":6.0},{"damage":14.0,"enemies":"Colosseum Nobs","floor":20.0,"turns":7.0},{"damage":2.0,"enemies":"Shell Parasite","floor":22.0,"turns":4.0},{"damage":33.0,"enemies":"Gremlin Leader","floor":24.0,"turns":8.0},{"damage":6.0,"enemies":"Book of Stabbing","floor":25.0,"turns":4.0},{"damage":1.0,"enemies":"3 Cultists","floor":28.0,"turns":5.0},{"damage":0.0,"enemies":"Centurion and Healer","floor":30.0,"turns":3.0},{"damage":0.0,"enemies":"Replay:Snechameleon","floor":31.0,"turns":4.0},{"damage":25.0,"enemies":"Collector","floor":33.0,"turns":14.0},{"damage":0.0,"enemies":"3 Shapes","floor":35.0,"turns":6.0},{"damage":5.0,"enemies":"Orb Walker","floor":36.0,"turns":3.0},{"damage":0.0,"enemies":"Reptomancer","floor":41.0,"turns":1.0},{"damage":2.0,"enemies":"Nemesis","floor":44.0,"turns":3.0},{"damage":0.0,"enemies":"R_Hoarder","floor":46.0,"turns":2.0},{"damage":0,"enemies":"Writhing Mass","floor":48,"turns":2},{"damage":49,"enemies":"Awakened One","floor":50,"turns":13},{"damage":0,"enemies":"Shield and Spear","floor":54,"turns":1},{"damage":70,"enemies":"The Heart","floor":55,"turns":7}],"seed_played":"8649037060596454229","potions_obtained":[{"floor":6.0,"key":"AttackPotion"},{"floor":8.0,"key":"Strength Potion"},{"floor":12.0,"key":"Block Potion"},{"floor":16.0,"key":"Regen Potion"},{"floor":25.0,"key":"Reflective Coating"},{"floor":28.0,"key":"GhostInAJar"},{"floor":30.0,"key":"Poison Potion"},{"floor":35.0,"key":"FairyPotion"}],"is_trial":false,"path_per_floor":["M","M","?","$","?","E","R","M","T","?","E","E","$","M","R","B",null,"M","$","?","?","M","R","E","E","T","?","M","?","M","E","R","B",null,"M","M","?","?","?","R","E","$","T","E","R","E","R","M","R","B",null,"R","$","E","B",null],"character_chosen":"THE_SILENT","items_purchased":["Onion Ring","Basket Of Snakes","Master of Strategy+1","Lantern","Swift Potion","Well Laid Plans"],"campfire_rested":0,"item_purchase_floors":[4,42,42,53,53,53],"current_hp_per_floor":[70,70,70,70,70,66,66,66,66,65,58,55,55,57,57,19,65,64,64,68,68,68,68,37,33,33,33,34,34,36,38,38,15,79,79,74,74,74,64,64,66,66,66,66,66,68,68,70,70,23,75,75,75,75,5],"gold":99,"neow_bonus":"TWO_FIFTY_GOLD","is_prod":false,"is_daily":false,"chose_seed":false,"campfire_upgraded":5,"win_rate":0,"timestamp":1555439728,"path_taken":["M","M","?","$","?","E","R","M","T","?","E","E","?","?","R","BOSS","M","$","?","?","M","R","E","E","T","?","?","?","?","E","R","BOSS","M","?","?","?","?","R","E","?","T","E","R","E","R","M","R","BOSS","R","$","E","BOSS"],"build_version":"2019-01-23","purchased_purges":5,"victory":true,"max_hp_per_floor":[70,70,70,70,70,70,70,70,70,65,65,65,65,65,65,65,65,65,65,79,79,79,79,79,79,79,79,79,79,79,79,79,79,79,79,79,75,75,75,75,75,75,75,75,75,75,75,75,75,75,75,75,75,75,75],"card_choices":[{"not_picked":["Hidden Blade","All Out Attack"],"picked":"Terror","floor":1.0},{"not_picked":["Prepared","Underhanded Strike"],"picked":"Infinite Blades","floor":2.0},{"not_picked":["Riddle With Holes","All Out Attack"],"picked":"Blade Dance","floor":6.0},{"not_picked":["Sucker Punch","Outmaneuver","Slice"],"picked":"SKIP","floor":8.0},{"not_picked":["Sucker Punch","Outmaneuver","Slice"],"picked":"SKIP","floor":8.0},{"not_picked":["Sucker Punch","Outmaneuver","Slice"],"picked":"SKIP","floor":8.0},{"not_picked":["Flying Knee","Dagger Throw"],"picked":"Blade Dance","floor":11.0},{"not_picked":["Backflip","ReplayTheSpireMod:Scrap Shanks"],"picked":"Hidden Blade","floor":12.0},{"not_picked":["Eviscerate","Deadly Poison","ReplayTheSpireMod:Necrosis"],"picked":"SKIP","floor":14.0},{"not_picked":["Wraith Form v2","Night Terror"],"picked":"Malaise","floor":16.0},{"not_picked":["ReplayTheSpireMod:Scrap Shanks","Deadly Poison+1"],"picked":"Cloak And Dagger","floor":18.0},{"not_picked":["Infinite Blades","Outmaneuver"],"picked":"Acrobatics+1","floor":22.0},{"not_picked":["Deadly Poison","Eviscerate"],"picked":"Burst","floor":24.0},{"not_picked":["Poisoned Stab+1","Deflect","Predator"],"picked":"SKIP","floor":25.0},{"not_picked":["Poisoned Stab+1","Deflect","Predator"],"picked":"SKIP","floor":25.0},{"not_picked":["Poisoned Stab+1","Deflect","Predator"],"picked":"SKIP","floor":25.0},{"not_picked":["Quick Slash","Bane"],"picked":"ReplayTheSpireMod:Exploit Weakness+1","floor":28.0},{"not_picked":["Flechettes","Bane"],"picked":"ReplayTheSpireMod:The Works+1","floor":30.0},{"not_picked":["Hidden Blade","Cloak And Dagger"],"picked":"Calculated Gamble","floor":31.0},{"not_picked":["Tools of the Trade","ReplayTheSpireMod:From All Sides"],"picked":"Adrenaline","floor":33.0},{"not_picked":["Cloak And Dagger","Prepared","Dagger Throw+1"],"picked":"SKIP","floor":35.0},{"not_picked":["Reflex","Outmaneuver","Sucker Punch+1"],"picked":"SKIP","floor":36.0},{"not_picked":["Finesse","Thinking Ahead"],"picked":"Impatience","floor":39.0},{"not_picked":["Apotheosis","Secret Technique"],"picked":"Midas Touch","floor":39.0},{"not_picked":["Terror","Acrobatics","Noxious Fumes+1"],"picked":"SKIP","floor":41.0},{"not_picked":["Replay:Poison Smokescreen","Toxin Wave+1","Deadly Poison+1"],"picked":"SKIP","floor":44.0},{"not_picked":["Replay:Poison Smokescreen","Toxin Wave+1","Deadly Poison+1"],"picked":"SKIP","floor":44.0},{"not_picked":["Outmaneuver","Backflip"],"picked":"Choke+1","floor":46.0},{"not_picked":["Hidden Blade+1","PiercingWail"],"picked":"ReplayTheSpireMod:Speed Training","floor":48},{"not_picked":["Fluid Movement","Predator+1"],"picked":"Blur","floor":54}],"player_experience":2984133,"relics_obtained":[{"floor":6.0,"key":"Replay:Rubber Ducky"},{"floor":9.0,"key":"Blood Vial"},{"floor":11.0,"key":"WingedGreaves"},{"floor":12.0,"key":"ReplayTheSpireMod:Bottled Flurry"},{"floor":20.0,"key":"Mango"},{"floor":20.0,"key":"Replay:WaspNest"},{"floor":24.0,"key":"PreservedInsect"},{"floor":25.0,"key":"Bandana"},{"floor":26.0,"key":"Bag of Marbles"},{"floor":31.0,"key":"Blue Doll"},{"floor":32.0,"key":"Unceasing Top"},{"floor":34.0,"key":"Art of War"},{"floor":34.0,"key":"Molten Egg 2"},{"floor":34.0,"key":"FossilizedHelix"},{"floor":41.0,"key":"Shovel"},{"floor":44.0,"key":"Sundial"},{"floor":45.0,"key":"Orichalcum"},{"floor":46.0,"key":"Pet Ghost"},{"floor":52,"key":"ReplayTheSpireMod:Ninjato"}],"event_choices":[{"damage_healed":0.0,"max_hp_gain":0.0,"max_hp_loss":0.0,"gold_gain":0.0,"cards_transformed":["Strike_G"],"event_name":"Living Wall","player_choice":"Change","floor":3.0,"gold_loss":0.0,"damage_taken":0.0,"cards_obtained":["Leg Sweep"]},{"damage_healed":0.0,"max_hp_gain":0.0,"max_hp_loss":5.0,"gold_gain":0.0,"event_name":"Golden Idol","player_choice":"Lose Max HP","floor":10.0,"gold_loss":0.0,"damage_taken":0.0,"relics_obtained":["Golden Idol"]},{"damage_healed":0.0,"max_hp_gain":0.0,"max_hp_loss":0.0,"gold_gain":0.0,"event_name":"Colosseum","player_choice":"Fight","floor":20.0,"gold_loss":0.0,"damage_taken":0.0},{"damage_healed":0.0,"max_hp_gain":0.0,"max_hp_loss":0.0,"gold_gain":0.0,"event_name":"Colosseum","player_choice":"Fought Nobs","floor":20.0,"gold_loss":0.0,"damage_taken":0.0},{"cards_removed":["Strike_G"],"damage_healed":0.0,"max_hp_gain":0.0,"max_hp_loss":0.0,"gold_gain":0.0,"event_name":"Purifier","player_choice":"Purged","floor":27.0,"gold_loss":0.0,"damage_taken":0.0},{"damage_healed":0.0,"max_hp_gain":0.0,"max_hp_loss":0.0,"gold_gain":0.0,"event_name":"Match and Keep!","player_choice":"0 cards matched","floor":29.0,"gold_loss":0.0,"damage_taken":0.0,"cards_obtained":[]},{"damage_healed":0.0,"max_hp_gain":0.0,"max_hp_loss":4.0,"gold_gain":0.0,"event_name":"Winding Halls","player_choice":"Max HP","floor":37.0,"gold_loss":0.0,"damage_taken":0.0},{"cards_removed":["Strike_R"],"damage_healed":0.0,"max_hp_gain":0.0,"max_hp_loss":0.0,"gold_gain":0.0,"event_name":"Falling","player_choice":"Removed Attack","floor":38.0,"gold_loss":0.0,"damage_taken":0.0},{"damage_healed":0.0,"max_hp_gain":0.0,"max_hp_loss":0.0,"gold_gain":0.0,"event_name":"SensoryStone","player_choice":"Memory 3","floor":39.0,"gold_loss":0.0,"damage_taken":10.0}],"is_beta":false,"boss_relics":[{"not_picked":["Tiny House","Painkiller Herb"],"picked":"Philosopher\u0027s Stone"},{"not_picked":["ChewingGum","Snecko Heart"],"picked":"Calling Bell"}],"items_purged_floors":[4,13,19,42,53],"is_endless":false,"potions_floor_spawned":[6,8,12,16,25,28,30,35],"ascension_level":1}