{"gold_per_floor":[113,127,137,157,175,175,200,200,226,47,47,59,59,88,88,193,193,211,243,254,169,169,200,299,326,373,418,58,74,74,106,106,106],"floor_reached":33,"playtime":2070,"items_purged":["Strike_R"],"score":419,"play_id":"03ee1599-3fe2-4992-88b4-ab37a1d16b4d","local_time":"20190326212814","is_ascension_mode":true,"campfire_choices":[{"data":"Heavy Blade","floor":6,"key":"SMITH"},{"data":"Heavy Blade","floor":8,"key":"SMITH"},{"data":"Apotheosis","floor":11,"key":"SMITH"},{"floor":13,"key":"RECALL"},{"data":"Flex","floor":15,"key":"SMITH"},{"floor":30,"key":"REST"},{"data":"Double Tap","floor":32,"key":"SMITH"}],"neow_cost":"NONE","seed_source_timestamp":995755187800300,"circlet_count":0,"master_deck":["Strike_R","Strike_R","Strike_R","Strike_R","Defend_R","Defend_R","Defend_R","Defend_R","Bash","Heavy Blade+1","Flex+1","Heavy Blade+1","Cleave","Apotheosis+1","Cleave","Impervious","Bludgeon","Twin Strike","Warcry","Battle Trance+1","Double Tap+1"],"relics":["Burning Blood","Regal Pillow","Orichalcum","Bag of Preparation","Philosopher\u0027s Stone","Red Mask","Anchor","Centennial Puzzle","WingedGreaves","MawBank","Dream Catcher","PreservedInsect","Pear"],"potions_floor_usage":[5,7,7,19,23,25,33],"damage_taken":[{"damage":8,"enemies":"Jaw Worm","floor":1,"turns":4},{"damage":0,"enemies":"2 Louse","floor":2,"turns":2},{"damage":10,"enemies":"Small Slimes","floor":3,"turns":3},{"damage":7,"enemies":"Looter","floor":4,"turns":4},{"damage":11,"enemies":"Blue Slaver","floor":5,"turns":3},{"damage":41,"enemies":"Lagavulin","floor":7,"turns":8},{"damage":2,"enemies":"3 Louse","floor":12,"turns":3},{"damage":10,"enemies":"3 Sentries","floor":14,"turns":6},{"damage":40,"enemies":"The Guardian","floor":16,"turns":12},{"damage":20,"enemies":"2 Thieves","floor":18,"turns":4},{"damage":20,"enemies":"Masked Bandits","floor":19,"turns":4},{"damage":6,"enemies":"3 Byrds","floor":20,"turns":4},{"damage":34,"enemies":"Book of Stabbing","floor":23,"turns":5},{"damage":6,"enemies":"Gremlin Leader","floor":25,"turns":5},{"damage":27,"enemies":"Book of Stabbing","floor":27,"turns":5},{"damage":0,"enemies":"Snake Plant","floor":29,"turns":2},{"damage":0,"enemies":"Gremlin Leader","floor":31,"turns":3},{"damage":74,"enemies":"Collector","floor":33,"turns":7}],"seed_played":"2006563222282206237","potions_obtained":[{"floor":2,"key":"Swift Potion"},{"floor":3,"key":"Swift Potion"},{"floor":4,"key":"SkillPotion"},{"floor":16,"key":"Strength Potion"},{"floor":20,"key":"EssenceOfSteel"},{"floor":23,"key":"SkillPotion"},{"floor":29,"key":"GamblersBrew"}],"is_trial":false,"path_per_floor":["M","M","M","M","M","R","E","R","T","$","R","M","R","E","R","B",null,"M","?","M","?","?","E","?","E","T","E","$","M","R","E","R","B"],"character_chosen":"IRONCLAD","items_purchased":["Apotheosis","PreservedInsect","Double Tap"],"campfire_rested":1,"item_purchase_floors":[10,28,28],"current_hp_per_floor":[86,88,84,83,78,78,43,43,43,43,43,47,47,43,43,9,88,74,60,60,60,60,32,32,32,32,11,11,17,58,74,74,0],"gold":106,"neow_bonus":"TEN_PERCENT_HP_BONUS","is_prod":false,"is_daily":false,"chose_seed":false,"campfire_upgraded":5,"win_rate":0,"timestamp":1553628494,"path_taken":["M","M","M","M","M","R","E","R","T","$","R","M","R","E","R","BOSS","M","?","M","?","?","E","?","E","T","E","?","M","R","E","R","BOSS"],"build_version":"2019-01-23","purchased_purges":1,"victory":false,"max_hp_per_floor":[88,88,88,88,88,88,88,88,88,88,88,88,88,88,88,88,88,88,88,88,88,88,88,88,88,88,88,88,88,88,98,98,98],"card_choices":[{"not_picked":["Iron Wave","Clothesline"],"picked":"Heavy Blade","floor":1},{"not_picked":["Dropkick","True Grit","Clash"],"picked":"SKIP","floor":2},{"not_picked":["Pommel Strike","Wild Strike"],"picked":"Flex","floor":3},{"not_picked":["Thunderclap","Armaments"],"picked":"Heavy Blade","floor":4},{"not_picked":["Power Through","Evolve"],"picked":"Cleave","floor":5},{"not_picked":["Clash","Exhume","Thunderclap"],"picked":"SKIP","floor":7},{"not_picked":["Entrench","Blood for Blood"],"picked":"Cleave","floor":12},{"not_picked":["Anger","Thunderclap"],"picked":"Impervious","floor":14},{"not_picked":["Dark Embrace","Impervious"],"picked":"Bludgeon","floor":16},{"not_picked":["Body Slam","Power Through","Thunderclap"],"picked":"SKIP","floor":18},{"not_picked":["Blood for Blood","Clash"],"picked":"Twin Strike","floor":19},{"not_picked":["Blood for Blood","Disarm","Havoc"],"picked":"SKIP","floor":20},{"not_picked":["Armaments","Inflame"],"picked":"Battle Trance+1","floor":23},{"not_picked":["Dropkick","Thunderclap","Heavy Blade"],"picked":"SKIP","floor":25},{"not_picked":["Evolve","Wild Strike","Body Slam+1"],"picked":"SKIP","floor":27},{"not_picked":["Entrench","Twin Strike","Sentinel+1"],"picked":"SKIP","floor":29},{"not_picked":["Pommel Strike","Fiend Fire","Heavy Blade"],"picked":"SKIP","floor":31}],"player_experience":107505,"relics_obtained":[{"floor":7,"key":"Regal Pillow"},{"floor":9,"key":"Orichalcum"},{"floor":14,"key":"Bag of Preparation"},{"floor":19,"key":"Red Mask"},{"floor":23,"key":"Centennial Puzzle"},{"floor":25,"key":"WingedGreaves"},{"floor":26,"key":"MawBank"},{"floor":27,"key":"Dream Catcher"},{"floor":31,"key":"Pear"}],"event_choices":[{"damage_healed":0,"gold_gain":0,"player_choice":"Fought Bandits","damage_taken":0,"max_hp_gain":0,"max_hp_loss":0,"event_name":"Masked Bandits","floor":19,"gold_loss":0},{"damage_healed":0,"gold_gain":0,"player_choice":"Obtained Relic","damage_taken":0,"relics_obtained":["Anchor"],"max_hp_gain":0,"max_hp_loss":0,"event_name":"Addict","floor":21,"gold_loss":85},{"damage_healed":0,"gold_gain":0,"player_choice":"Read","damage_taken":0,"max_hp_gain":0,"max_hp_loss":0,"event_name":"The Library","floor":22,"gold_loss":0,"cards_obtained":["Warcry"]},{"damage_healed":0,"gold_gain":99,"player_choice":"Stole From Cult","damage_taken":0,"max_hp_gain":0,"max_hp_loss":0,"event_name":"Nest","floor":24,"gold_loss":0}],"is_beta":false,"boss_relics":[{"not_picked":["White Beast Statue","Black Blood"],"picked":"Philosopher\u0027s Stone"}],"items_purged_floors":[28],"is_endless":false,"potions_floor_spawned":[2,3,4,16,20,23,29],"killed_by":"Collector","ascension_level":2}