{"gold_per_floor":[114,129,129,129,144,144,174,189,189,189,204,102,102,117,117,217,217,232,247,262,62,62,62,392,392,447,447,462,477,492,492,492,592,592,607,607,607,622,34,34,64,64,64,79,4,19,34,64,64,64],"floor_reached":51,"playtime":1552,"items_purged":["Writhe"],"score":904,"play_id":"d14b44bd-1792-47e7-9ecc-cea267c60e9c","local_time":"25611110013130","daily_mods":["Shiny","Red Cards","Lethality"],"is_ascension_mode":false,"campfire_choices":[{"floor":6,"key":"REST"},{"data":"Immolate","floor":10,"key":"SMITH"},{"floor":13,"key":"REST"},{"data":"Limit Break","floor":15,"key":"SMITH"},{"data":"Fiend Fire","floor":23,"key":"SMITH"},{"floor":25,"key":"REST"},{"data":"Adrenaline","floor":27,"key":"SMITH"},{"data":"Double Tap","floor":32,"key":"SMITH"},{"data":"Malaise","floor":40,"key":"SMITH"},{"data":"After Image","floor":42,"key":"SMITH"},{"data":"Burst","floor":49,"key":"SMITH"}],"neow_cost":"","seed_source_timestamp":34735402109833,"circlet_count":0,"master_deck":["Double Tap+1","Demon Form","Bludgeon","Feed","Limit Break+1","Barricade","Fiend Fire+1","Berserk","Impervious","Juggernaut","Reaper","Exhume","Offering","Immolate+1","Venomology","Corpse Explosion","Malaise+1","Phantasmal Killer","Die Die Die+1","Adrenaline+1","Envenom","Doppelganger+1","Burst+1","Wraith Form v2","Tools of the Trade+1","Night Terror","Unload","After Image+1","Bullet Time","Storm of Steel","Glass Knife+1","A Thousand Cuts","Grand Finale","Die Die Die","Phantasmal Killer","After Image","RitualDagger","Adrenaline+1","The Bomb","After Image","Entrench"],"special_seed":17844,"relics":["Ring of the Snake","Pear","Mummified Hand","Ninja Scroll","Busted Crown","Sling","Old Coin","Tiny Chest","Philosopher\u0027s Stone","Anchor","DollysMirror","Bag of Preparation","Whetstone","Snake Skull"],"potions_floor_usage":[7,16,18,20,20,30,33,33,38,41,41,48,50,50,50,50],"damage_taken":[{"damage":23,"enemies":"2 Louse","floor":1,"turns":4},{"damage":0,"enemies":"Small Slimes","floor":2,"turns":1},{"damage":0,"enemies":"Cultist","floor":5,"turns":2},{"damage":19,"enemies":"Gremlin Nob","floor":7,"turns":3},{"damage":0,"enemies":"Looter","floor":8,"turns":1},{"damage":0,"enemies":"2 Fungi Beasts","floor":11,"turns":1},{"damage":0,"enemies":"Blue Slaver","floor":14,"turns":1},{"damage":15,"enemies":"Hexaghost","floor":16,"turns":5},{"damage":0,"enemies":"3 Byrds","floor":18,"turns":2},{"damage":6,"enemies":"Shell Parasite","floor":19,"turns":1},{"damage":19,"enemies":"Shelled Parasite and Fungi","floor":20,"turns":2},{"damage":6,"enemies":"Book of Stabbing","floor":24,"turns":2},{"damage":12,"enemies":"Centurion and Healer","floor":28,"turns":1},{"damage":6,"enemies":"Snecko","floor":29,"turns":1},{"damage":1,"enemies":"3 Cultists","floor":30,"turns":2},{"damage":19,"enemies":"Automaton","floor":33,"turns":3},{"damage":6,"enemies":"3 Shapes","floor":35,"turns":2},{"damage":14,"enemies":"Orb Walker","floor":38,"turns":2},{"damage":6,"enemies":"Giant Head","floor":41,"turns":4},{"damage":0,"enemies":"Jaw Worm Horde","floor":44,"turns":2},{"damage":0,"enemies":"3 Darklings","floor":46,"turns":2},{"damage":6,"enemies":"Sphere and 2 Shapes","floor":47,"turns":2},{"damage":0,"enemies":"Reptomancer","floor":48,"turns":2},{"damage":1,"enemies":"Donu and Deca","floor":50,"turns":5}],"seed_played":"-5248013741423723196","potions_obtained":[{"floor":5,"key":"Dexterity Potion"},{"floor":7,"key":"Explosive Potion"},{"floor":20,"key":"EssenceOfSteel"},{"floor":29,"key":"AttackPotion"},{"floor":33,"key":"Energy Potion"},{"floor":41,"key":"Weak Potion"},{"floor":48,"key":"Swift Potion"}],"is_trial":false,"path_per_floor":["M","M","?","?","M","R","E","M","T","R","M","?","R","M","R","B",null,"M","M","M","$","?","R","E","R","T","R","M","M","M","?","R","B",null,"M","?","?","M","$","R","E","R","T","M","$","M","M","E","R","B",null],"character_chosen":"THE_SILENT","items_purchased":["Sling","Anchor","DollysMirror","The Bomb","Entrench"],"campfire_rested":3,"item_purchase_floors":[21,39,39,39,45],"current_hp_per_floor":[57,57,43,43,43,64,55,55,55,55,58,58,82,82,82,67,83,86,80,61,61,55,55,49,74,74,74,76,70,72,72,72,70,89,86,92,92,78,78,78,83,83,83,84,84,95,92,92,92,97],"gold":64,"neow_bonus":"","is_prod":false,"is_daily":true,"chose_seed":false,"campfire_upgraded":8,"win_rate":0,"timestamp":1541788290,"path_taken":["M","M","?","?","M","R","E","M","T","R","M","?","R","?","R","BOSS","M","M","M","$","?","R","E","R","T","R","M","M","M","?","R","BOSS","M","?","?","M","$","R","E","R","T","M","?","M","M","E","R","BOSS"],"build_version":"2018-11-08","purchased_purges":1,"victory":true,"max_hp_per_floor":[70,70,70,70,70,70,80,80,80,80,83,83,83,83,83,83,83,86,86,86,86,86,86,86,86,86,86,86,86,89,89,89,89,89,92,92,92,92,92,92,92,92,92,92,92,95,98,98,98,98],"card_choices":[{"not_picked":["Anger","Shrug It Off","Clash"],"picked":"SKIP","floor":1},{"not_picked":["Cloak And Dagger","Disarm"],"picked":"Die Die Die","floor":2},{"not_picked":["Outmaneuver","Riddle With Holes","Disarm"],"picked":"SKIP","floor":5},{"not_picked":["Feel No Pain","Wild Strike"],"picked":"Phantasmal Killer","floor":7},{"not_picked":["Reflex","Bloodletting","Slice"],"picked":"SKIP","floor":8},{"not_picked":["Iron Wave","Havoc","Evolve"],"picked":"SKIP","floor":11},{"not_picked":["Sever Soul","Heel Hook","Clash"],"picked":"SKIP","floor":14},{"not_picked":["Adrenaline","Glass Knife"],"picked":"After Image","floor":16},{"not_picked":["Body Slam"],"picked":"SKIP","floor":18},{"not_picked":["Endless Agony"],"picked":"SKIP","floor":19},{"not_picked":["Warcry"],"picked":"SKIP","floor":20},{"not_picked":["Flying Knee"],"picked":"SKIP","floor":24},{"not_picked":["Backstab"],"picked":"SKIP","floor":28},{"not_picked":["Cleave"],"picked":"SKIP","floor":29},{"not_picked":["Sucker Punch"],"picked":"SKIP","floor":30},{"not_picked":["Clothesline"],"picked":"SKIP","floor":35},{"not_picked":["Distraction"],"picked":"SKIP","floor":38},{"not_picked":[],"picked":"After Image","floor":41},{"not_picked":["Clothesline+1"],"picked":"SKIP","floor":44},{"not_picked":["Poisoned Stab+1"],"picked":"SKIP","floor":46},{"not_picked":["Underhanded Strike+1"],"picked":"SKIP","floor":47},{"not_picked":["Wild Strike+1"],"picked":"SKIP","floor":48}],"player_experience":98161,"relics_obtained":[{"floor":7,"key":"Pear"},{"floor":9,"key":"Mummified Hand"},{"floor":24,"key":"Old Coin"},{"floor":26,"key":"Tiny Chest"},{"floor":41,"key":"Bag of Preparation"},{"floor":43,"key":"Whetstone"},{"floor":48,"key":"Snake Skull"}],"event_choices":[{"damage_healed":0,"gold_gain":0,"player_choice":"Entered Light","damage_taken":14,"max_hp_gain":0,"max_hp_loss":0,"event_name":"Shining Light","floor":3,"gold_loss":0,"cards_upgraded":["Doppelganger","Tools of the Trade"]},{"damage_healed":0,"gold_gain":0,"player_choice":"Ignored","damage_taken":0,"max_hp_gain":0,"max_hp_loss":0,"event_name":"Liars Game","floor":4,"gold_loss":0},{"damage_healed":0,"gold_gain":0,"player_choice":"Paid Gold","damage_taken":0,"relics_obtained":["Ninja Scroll"],"max_hp_gain":0,"max_hp_loss":0,"event_name":"WeMeetAgain","floor":12,"gold_loss":102},{"damage_healed":0,"gold_gain":0,"player_choice":"Joined the Cult","damage_taken":6,"max_hp_gain":0,"max_hp_loss":0,"event_name":"Nest","floor":22,"gold_loss":0,"cards_obtained":["RitualDagger"]},{"cards_removed":["Dark Embrace"],"damage_healed":0,"gold_gain":0,"player_choice":"Elegance","damage_taken":0,"max_hp_gain":0,"max_hp_loss":0,"event_name":"Back to Basics","floor":31,"gold_loss":0},{"damage_healed":23,"gold_gain":0,"player_choice":"Writhe","damage_taken":0,"max_hp_gain":0,"max_hp_loss":0,"event_name":"Winding Halls","floor":36,"gold_loss":0,"cards_obtained":["Writhe"]},{"cards_removed":["Brutality"],"damage_healed":0,"gold_gain":0,"player_choice":"Removed Power","damage_taken":0,"max_hp_gain":0,"max_hp_loss":0,"event_name":"Falling","floor":37,"gold_loss":0}],"is_beta":false,"boss_relics":[{"not_picked":["Cursed Key","Orrery"],"picked":"Busted Crown"},{"not_picked":["Lizard Tail","White Beast Statue"],"picked":"Philosopher\u0027s Stone"}],"items_purged_floors":[39],"is_endless":false,"potions_floor_spawned":[5,7,11,14,18,20,29,33,38,41,47,48],"ascension_level":0}