{"gold_per_floor":[113,11,11,186,204,231,245,276,276,302,316,333,333,346,346,444,444,458,471,95,95,95,126,126,151,178,188,204,224,33,50,50,155,155,167,179,22,35,46,46],"floor_reached":40,"playtime":2288,"items_purged":["Doubt","Strike_B"],"score":669,"play_id":"c09befb8-b960-407f-adf9-34105c47288c","local_time":"20181021215517","is_ascension_mode":true,"campfire_choices":[{"data":"Loop","floor":13,"key":"SMITH"},{"data":"Loop","floor":15,"key":"SMITH"},{"floor":24,"key":"REST"},{"data":"Apotheosis","floor":32,"key":"SMITH"}],"neow_cost":"NONE","seed_source_timestamp":60854173421464,"circlet_count":0,"master_deck":["Strike_B","Strike_B","Defend_B","Defend_B","Defend_B","Defend_B","Zap","Dualcast","Ball Lightning","Glacier","Leap","Beam Cell","Coolheaded","Loop+1","Self Repair","Loop+1","Coolheaded","Capacitor","Double Energy","Tempest","Rainbow","Auto Shields","Tempest","Apotheosis+1","Buffer","Defragment+1","Stack+1","Conserve Battery+1","Consume","Go for the Eyes+1","Machine Learning","Storm","Reinforced Body+1","Defragment","Steam Power"],"relics":["Cracked Core","NeowsBlessing","Shuriken","Smiling Mask","Bottled Tornado","Boot","Sozu","PreservedInsect","Bag of Preparation","Regal Pillow","Ornamental Fan","Dream Catcher","ClockworkSouvenir","Fusion Hammer"],"potions_floor_usage":[8,16,16,33],"damage_taken":[{"damage":0,"enemies":"Jaw Worm","floor":1,"turns":1},{"damage":0,"enemies":"Cultist","floor":5,"turns":1},{"damage":0,"enemies":"3 Sentries","floor":6,"turns":1},{"damage":0,"enemies":"Small Slimes","floor":7,"turns":3},{"damage":17,"enemies":"Gremlin Nob","floor":8,"turns":4},{"damage":13,"enemies":"Lagavulin","floor":10,"turns":9},{"damage":2,"enemies":"Blue Slaver","floor":11,"turns":6},{"damage":6,"enemies":"Exordium Thugs","floor":12,"turns":7},{"damage":3,"enemies":"Red Slaver","floor":14,"turns":4},{"damage":13,"enemies":"The Guardian","floor":16,"turns":14},{"damage":9,"enemies":"Spheric Guardian","floor":18,"turns":4},{"damage":19,"enemies":"Chosen","floor":19,"turns":7},{"damage":48,"enemies":"Gremlin Leader","floor":23,"turns":9},{"damage":21,"enemies":"Slavers","floor":25,"turns":5},{"damage":6,"enemies":"Shelled Parasite and Fungi","floor":27,"turns":8},{"damage":20,"enemies":"Snake Plant","floor":28,"turns":6},{"damage":0,"enemies":"Centurion and Healer","floor":29,"turns":4},{"damage":0,"enemies":"Cultist and Chosen","floor":31,"turns":5},{"damage":25,"enemies":"Automaton","floor":33,"turns":12},{"damage":1,"enemies":"Orb Walker","floor":35,"turns":5},{"damage":9,"enemies":"3 Shapes","floor":36,"turns":7},{"damage":0,"enemies":"Spire Growth","floor":38,"turns":5},{"damage":16,"enemies":"Jaw Worm Horde","floor":39,"turns":6},{"damage":60,"enemies":"Reptomancer","floor":40,"turns":2}],"seed_played":"2260914580499921371","potions_obtained":[{"floor":5,"key":"Poison Potion"},{"floor":8,"key":"Block Potion"},{"floor":10,"key":"Ancient Potion"},{"floor":12,"key":"Block Potion"},{"floor":16,"key":"Swift Potion"}],"is_trial":false,"path_per_floor":["M","$","?","?","M","E","M","E","T","E","M","M","R","M","R","B",null,"M","M","$","?","?","E","R","E","T","M","M","M","$","M","R","B",null,"M","M","$","M","M"],"character_chosen":"DEFECT","items_purchased":["Glacier","Leap","PreservedInsect","Apotheosis","ClockworkSouvenir","Defragment","Steam Power"],"campfire_rested":1,"item_purchase_floors":[2,2,20,20,30,37,37],"current_hp_per_floor":[68,68,68,68,68,68,68,58,58,52,57,58,58,55,55,49,69,67,55,55,55,55,17,54,43,43,44,31,41,41,41,41,23,62,68,66,66,66,50,0],"gold":46,"neow_bonus":"THREE_ENEMY_KILL","is_prod":false,"is_daily":false,"chose_seed":false,"campfire_upgraded":3,"win_rate":0,"timestamp":1540151717,"path_taken":["M","$","?","?","M","E","M","E","T","E","M","?","R","M","R","BOSS","M","M","$","?","?","E","R","E","T","M","?","M","$","M","R","BOSS","M","M","$","M","M","E"],"build_version":"2018-10-18","purchased_purges":2,"victory":false,"max_hp_per_floor":[75,75,75,75,75,75,75,75,75,75,75,75,75,75,75,75,75,75,75,75,75,75,75,75,75,75,75,75,75,75,75,75,75,75,75,75,75,75,75,75],"card_choices":[{"not_picked":["Hologram","Darkness"],"picked":"Ball Lightning","floor":1},{"not_picked":["Beam Cell","Darkness"],"picked":"Coolheaded","floor":5},{"not_picked":["Leap","Self Repair"],"picked":"Loop","floor":6},{"not_picked":["Compile Driver","Leap"],"picked":"Self Repair","floor":7},{"not_picked":["Chill","Static Discharge"],"picked":"Loop","floor":8},{"not_picked":["Sweeping Beam","Steam"],"picked":"Coolheaded","floor":10},{"not_picked":["Aggregate","Stack"],"picked":"Capacitor","floor":11},{"not_picked":["Steam Power","Barrage"],"picked":"Double Energy","floor":12},{"not_picked":["Leap","Meteor Strike"],"picked":"Tempest","floor":14},{"not_picked":["Buffer","Fission"],"picked":"Rainbow","floor":16},{"not_picked":["Self Repair","Streamline"],"picked":"Auto Shields","floor":18},{"not_picked":["Compile Driver","Streamline"],"picked":"Tempest","floor":19},{"not_picked":["Gash+1","Leap+1"],"picked":"Buffer","floor":23},{"not_picked":["Buffer","Hologram"],"picked":"Defragment+1","floor":25},{"not_picked":["Ball Lightning","Conserve Battery"],"picked":"Stack+1","floor":27},{"not_picked":["Compile Driver","Reprogram"],"picked":"Conserve Battery+1","floor":28},{"not_picked":["Genetic Algorithm","Recycle"],"picked":"Consume","floor":29},{"not_picked":["Doom and Gloom+1","Turbo"],"picked":"Go for the Eyes+1","floor":31},{"not_picked":["Multi-Cast","All For One"],"picked":"Machine Learning","floor":33},{"not_picked":["Rebound+1","Barrage"],"picked":"Storm","floor":35},{"not_picked":["Streamline","Coolheaded+1"],"picked":"Reinforced Body+1","floor":36},{"not_picked":["Sweeping Beam+1","Gash","Genetic Algorithm+1"],"picked":"SKIP","floor":38},{"not_picked":["Sunder","Ball Lightning+1","Compile Driver"],"picked":"SKIP","floor":39}],"player_experience":288493,"relics_obtained":[{"floor":6,"key":"Shuriken"},{"floor":8,"key":"Smiling Mask"},{"floor":9,"key":"Bottled Tornado"},{"floor":10,"key":"Boot"},{"floor":23,"key":"Regal Pillow"},{"floor":25,"key":"Ornamental Fan"},{"floor":26,"key":"Dream Catcher"}],"event_choices":[{"damage_healed":0,"gold_gain":0,"cards_transformed":["Strike_B"],"player_choice":"Transformed","damage_taken":0,"max_hp_gain":0,"max_hp_loss":0,"event_name":"Transmorgrifier","floor":3,"gold_loss":0,"cards_obtained":["Beam Cell"]},{"damage_healed":0,"gold_gain":175,"player_choice":"AGREE","damage_taken":0,"max_hp_gain":0,"max_hp_loss":0,"event_name":"Liars Game","floor":4,"gold_loss":0,"cards_obtained":["Doubt"]},{"damage_healed":0,"gold_gain":0,"player_choice":"Opened","damage_taken":0,"relics_obtained":["Bag of Preparation"],"max_hp_gain":0,"max_hp_loss":0,"event_name":"The Mausoleum","floor":21,"gold_loss":0},{"damage_healed":0,"gold_gain":0,"player_choice":"Ignored","damage_taken":0,"max_hp_gain":0,"max_hp_loss":0,"event_name":"Vampires","floor":22,"gold_loss":0}],"is_beta":false,"boss_relics":[{"not_picked":["Black Star","Calling Bell"],"picked":"Sozu"},{"not_picked":["Astrolabe","Snecko Eye"],"picked":"Fusion Hammer"}],"items_purged_floors":[20,37],"is_endless":false,"potions_floor_spawned":[5,8,10,12,16,18,19,28,31,33],"killed_by":"Reptomancer","ascension_level":7}