{"gold_per_floor":[118,118,138,238,258,258,291,291,316,44,44,72,72,85,85,188,188,205,205,205],"floor_reached":20,"playtime":846,"items_purged":["Regret"],"score":243,"play_id":"53285f12-b9c5-4451-a658-a78b69e3f996","local_time":"25611108003517","is_ascension_mode":true,"campfire_choices":[{"data":"Whirlwind","floor":6,"key":"SMITH"},{"data":"Shrug It Off","floor":8,"key":"SMITH"},{"data":"Armaments","floor":13,"key":"SMITH"},{"floor":15,"key":"REST"}],"neow_cost":"NONE","seed_source_timestamp":37691743558807,"circlet_count":0,"master_deck":["Strike_R","Strike_R+1","Strike_R+1","Strike_R","Strike_R","Defend_R","Defend_R","Defend_R","Defend_R","Bash","Metallicize","Thunderclap","Whirlwind+1","Shrug It Off+1","Armaments+1","Clothesline","Rage","Juggernaut"],"relics":["Burning Blood","Art of War","Letter Opener","Whetstone","Omamori","Boot","Dream Catcher","Fusion Hammer","Lantern"],"potions_floor_usage":[7,12,16,20],"damage_taken":[{"damage":1,"enemies":"Small Slimes","floor":1,"turns":5},{"damage":4,"enemies":"2 Louse","floor":3,"turns":4},{"damage":6,"enemies":"Cultist","floor":5,"turns":3},{"damage":16,"enemies":"3 Sentries","floor":7,"turns":5},{"damage":23,"enemies":"Lagavulin","floor":12,"turns":7},{"damage":3,"enemies":"Looter","floor":14,"turns":4},{"damage":13,"enemies":"The Guardian","floor":16,"turns":15},{"damage":22,"enemies":"Spheric Guardian","floor":18,"turns":5},{"damage":17,"enemies":"Colosseum Slavers","floor":20,"turns":5},{"damage":51,"enemies":"Colosseum Nobs","floor":20,"turns":4}],"seed_played":"-8191921491362434326","potions_obtained":[{"floor":0,"key":"SneckoOil"},{"floor":0,"key":"Strength Potion"},{"floor":0,"key":"PowerPotion"},{"floor":3,"key":"PowerPotion"},{"floor":14,"key":"Poison Potion"}],"is_trial":false,"path_per_floor":["M","?","M","?","M","R","E","R","T","$","?","E","R","M","R","B",null,"M","?","?"],"character_chosen":"IRONCLAD","items_purchased":["Omamori","Armaments"],"campfire_rested":1,"item_purchase_floors":[10,10],"current_hp_per_floor":[77,77,79,79,79,79,69,69,69,69,62,45,45,48,72,65,76,60,60,0],"gold":205,"neow_bonus":"THREE_SMALL_POTIONS","is_prod":false,"is_daily":false,"chose_seed":false,"campfire_upgraded":3,"win_rate":0,"timestamp":1541612117,"path_taken":["M","?","M","?","?","R","E","R","T","$","?","E","R","M","R","BOSS","M","?","?"],"build_version":"2018-11-01","purchased_purges":1,"victory":false,"max_hp_per_floor":[80,80,80,80,80,80,80,80,80,80,80,80,80,80,80,80,80,80,80,80],"card_choices":[{"not_picked":["Blood for Blood","Carnage"],"picked":"Metallicize","floor":1},{"not_picked":["Bloodletting","Wild Strike"],"picked":"Thunderclap","floor":3},{"not_picked":["Flex","Heavy Blade"],"picked":"Whirlwind","floor":5},{"not_picked":["Iron Wave","Clash"],"picked":"Shrug It Off","floor":7},{"not_picked":["Body Slam","Intimidate"],"picked":"Clothesline","floor":12},{"not_picked":["Pommel Strike","Fire Breathing"],"picked":"Rage","floor":14},{"not_picked":["Dark Embrace","Fiend Fire"],"picked":"Juggernaut","floor":16},{"not_picked":["Whirlwind","Thunderclap","Sever Soul+1"],"picked":"SKIP","floor":18}],"player_experience":81012,"relics_obtained":[{"floor":7,"key":"Letter Opener"},{"floor":9,"key":"Whetstone"},{"floor":12,"key":"Dream Catcher"}],"event_choices":[{"damage_healed":0,"gold_gain":0,"player_choice":"Box","damage_taken":0,"relics_obtained":["Art of War"],"max_hp_gain":0,"max_hp_loss":0,"event_name":"Big Fish","floor":2,"gold_loss":0,"cards_obtained":["Regret"]},{"damage_healed":0,"gold_gain":100,"player_choice":"Pray","damage_taken":0,"max_hp_gain":0,"max_hp_loss":0,"event_name":"Golden Shrine","floor":4,"gold_loss":0},{"damage_healed":0,"gold_gain":0,"player_choice":"Success","damage_taken":7,"relics_obtained":["Boot"],"max_hp_gain":0,"max_hp_loss":0,"event_name":"Scrap Ooze","floor":11,"gold_loss":0},{"damage_healed":0,"gold_gain":0,"player_choice":"Stole Relic","damage_taken":0,"relics_obtained":["Lantern"],"max_hp_gain":0,"max_hp_loss":0,"event_name":"Addict","floor":19,"gold_loss":0,"cards_obtained":["Shame"]},{"damage_healed":0,"gold_gain":0,"player_choice":"Fight","damage_taken":0,"max_hp_gain":0,"max_hp_loss":0,"event_name":"Colosseum","floor":20,"gold_loss":0},{"damage_healed":0,"gold_gain":0,"player_choice":"Fought Nobs","damage_taken":0,"max_hp_gain":0,"max_hp_loss":0,"event_name":"Colosseum","floor":20,"gold_loss":0}],"is_beta":false,"boss_relics":[{"not_picked":["Runic Dome","Velvet Choker"],"picked":"Fusion Hammer"}],"items_purged_floors":[10],"is_endless":false,"potions_floor_spawned":[3,5,14,20],"killed_by":"Colosseum Nobs","ascension_level":7}