{"gold_per_floor":[110,110,123,123,133,133,143,143,143,143,156,431,445,6,6,103,103,116,136,160,8,8,33,33,33,33,33,33,133,153,153],"floor_reached":31,"playtime":1155,"items_purged":[],"score":243,"play_id":"455b040c-4c6b-4979-a484-3ca8c54fcb55","local_time":"20190102045440","is_ascension_mode":false,"campfire_choices":[{"data":"Zap","floor":6.0,"key":"SMITH"},{"data":"Dualcast","floor":8.0,"key":"SMITH"},{"data":"Rip and Tear","floor":10.0,"key":"SMITH"},{"data":"Apotheosis","floor":15.0,"key":"SMITH"},{"floor":24.0,"key":"REST"},{"floor":27.0,"key":"RECALL"}],"neow_cost":"NONE","seed_source_timestamp":40275533844396,"circlet_count":0,"master_deck":["Strike_B","Defend_B","Defend_B","Defend_B","Defend_B","Zap+1","Dualcast+1","Capacitor","Gash","Iron Wave","Rip and Tear+1","Conserve Battery","Ball Lightning","Fission","Regret","Sunder","Seek","Gash","Apotheosis+1","Machine Learning","Streamline+1","BootSequence","Echo Form","Darkness","Go for the Eyes+1"],"special_seed":0,"relics":["Cracked Core","Question Card","DataDisk","Empty Cage","Ancient Tea Set","Frozen Egg 2","Ice Cream"],"potions_floor_usage":[],"damage_taken":[{"damage":10.0,"enemies":"Jaw Worm","floor":1.0,"turns":4.0},{"damage":1.0,"enemies":"Cultist","floor":3.0,"turns":3.0},{"damage":0.0,"enemies":"2 Louse","floor":5.0,"turns":2.0},{"damage":13.0,"enemies":"Lots of Slimes","floor":7.0,"turns":4.0},{"damage":1.0,"enemies":"Red Slaver","floor":11.0,"turns":3.0},{"damage":10.0,"enemies":"2 Fungi Beasts","floor":13.0,"turns":3.0},{"damage":34.0,"enemies":"The Guardian","floor":16.0,"turns":9.0},{"damage":19.0,"enemies":"3 Byrds","floor":18.0,"turns":5.0},{"damage":25.0,"enemies":"2 Thieves","floor":19.0,"turns":3.0},{"damage":15.0,"enemies":"Gremlin Leader","floor":23.0,"turns":5.0},{"damage":4,"enemies":"Colosseum Slavers","floor":28,"turns":3},{"damage":16,"enemies":"Centurion and Healer","floor":30,"turns":5},{"damage":33,"enemies":"Chosen and Byrds","floor":31,"turns":4}],"seed_played":"-7724669864181395694","potions_obtained":[{"floor":5.0,"key":"Energy Potion"},{"floor":7.0,"key":"Fire Potion"},{"floor":13.0,"key":"Energy Potion"},{"floor":16.0,"key":"Poison Potion"},{"floor":18.0,"key":"EssenceOfSteel"}],"is_trial":false,"path_per_floor":["M","?","M","$","M","R","M","R","T","R","M","?","M","$","R","B",null,"M","M","T","$","?","E","R","$","T","R","?","?","M","M"],"character_chosen":"DEFECT","items_purchased":["Seek","DataDisk","Gash","Apotheosis","Echo Form"],"campfire_rested":1,"item_purchase_floors":[14,14,14,14,21],"current_hp_per_floor":[65,65,64,64,64,64,51,51,51,51,50,50,40,40,40,6,75,56,31,31,31,31,16,38,38,38,38,34,34,18,0],"gold":153,"neow_bonus":"THREE_CARDS","is_prod":false,"is_daily":false,"chose_seed":false,"campfire_upgraded":4,"win_rate":0,"timestamp":1546401280,"path_taken":["M","?","M","?","M","R","?","R","T","R","M","?","M","$","R","BOSS","M","?","?","$","?","E","R","$","T","R","?","?","M","?"],"build_version":"2019-01-01","purchased_purges":0,"victory":false,"max_hp_per_floor":[75,75,75,75,75,75,75,75,75,75,75,75,75,75,75,75,75,75,75,75,75,75,75,75,75,75,75,75,75,75,75],"card_choices":[{"not_picked":["Rebound","Chill"],"picked":"Capacitor","floor":0.0},{"not_picked":["Stack","Ball Lightning"],"picked":"Gash","floor":1.0},{"not_picked":["Beam Cell","Rebound"],"picked":"Rip and Tear","floor":3.0},{"not_picked":["Rip and Tear","Barrage"],"picked":"Conserve Battery","floor":5.0},{"not_picked":["Capacitor","Cold Snap"],"picked":"Ball Lightning","floor":7.0},{"not_picked":["Beam Cell","Force Field","Conserve Battery"],"picked":"Fission","floor":11.0},{"not_picked":["Chaos","Beam Cell","Capacitor"],"picked":"Sunder","floor":13.0},{"not_picked":["Reboot","Amplify","Fission"],"picked":"Machine Learning","floor":16.0},{"not_picked":["Chaos","Ball Lightning","Coolheaded"],"picked":"Streamline+1","floor":18.0},{"not_picked":["Static Discharge","Steam","Sweeping Beam"],"picked":"BootSequence","floor":19.0},{"not_picked":["Reprogram","Ball Lightning","Stack"],"picked":"Darkness","floor":23.0},{"not_picked":["Sunder","Reinforced Body+1","Redo+1"],"picked":"Go for the Eyes+1","floor":30}],"player_experience":353716,"relics_obtained":[{"floor":9.0,"key":"Question Card"},{"floor":20.0,"key":"Ancient Tea Set"},{"floor":23.0,"key":"Ice Cream"}],"event_choices":[{"cards_removed":["Strike_B"],"damage_healed":0.0,"max_hp_gain":0.0,"max_hp_loss":0.0,"gold_gain":0.0,"event_name":"NoteForYourself","player_choice":"Took Card","floor":2.0,"gold_loss":0.0,"damage_taken":0.0,"cards_obtained":["Iron Wave"]},{"damage_healed":0.0,"max_hp_gain":0.0,"max_hp_loss":0.0,"gold_gain":275.0,"event_name":"Golden Shrine","player_choice":"Desecrate","floor":12.0,"gold_loss":0.0,"damage_taken":0.0,"cards_obtained":["Regret"]},{"damage_healed":0.0,"max_hp_gain":0.0,"max_hp_loss":0.0,"gold_gain":0.0,"event_name":"The Mausoleum","player_choice":"Opened","floor":22.0,"gold_loss":0.0,"damage_taken":0.0,"relics_obtained":["Frozen Egg 2"]},{"damage_healed":0,"gold_gain":0,"player_choice":"Fight","damage_taken":0,"max_hp_gain":0,"max_hp_loss":0,"event_name":"Colosseum","floor":28,"gold_loss":0},{"damage_healed":0,"gold_gain":0,"player_choice":"Fled From Nobs","damage_taken":0,"max_hp_gain":0,"max_hp_loss":0,"event_name":"Colosseum","floor":28,"gold_loss":0},{"damage_healed":0,"gold_gain":100,"player_choice":"Pray","damage_taken":0,"max_hp_gain":0,"max_hp_loss":0,"event_name":"Golden Shrine","floor":29,"gold_loss":0}],"is_beta":true,"boss_relics":[{"not_picked":["Tiny House","Velvet Choker"],"picked":"Empty Cage"}],"items_purged_floors":[],"is_endless":false,"potions_floor_spawned":[5,7,13,16,18,28],"killed_by":"Chosen and Byrds","ascension_level":0}