{"gold_per_floor":[112,112,129,57,57,57,67,78,78,96,96,96,128,90,102,114],"floor_reached":16,"playtime":502,"items_purged":[],"score":145,"play_id":"99c4160b-9fea-480b-adb8-8e31ad962591","local_time":"20180815092306","is_ascension_mode":true,"campfire_choices":[{"data":"Leg Sweep","floor":6,"key":"SMITH"},{"floor":11,"key":"REST"},{"data":"Bouncing Flask","floor":15,"key":"SMITH"}],"neow_cost":"PERCENT_DAMAGE","seed_source_timestamp":1954328167601,"circlet_count":0,"master_deck":["Defend_G","Defend_G","Defend_G","Defend_G","Defend_G","Strike_G","Strike_G","Strike_G","Strike_G","Survivor","Neutralize","Dagger Spray+1","Bouncing Flask+1","Leg Sweep+1","Blur","Backstab","Deadly Poison"],"relics":["Ring of the Snake","Tough Bandages","NlothsMask","MawBank"],"potions_floor_usage":[10,13,16],"damage_taken":[{"damage":1,"enemies":"Small Slimes","floor":1,"turns":4},{"damage":4,"enemies":"Cultist","floor":3,"turns":4},{"damage":0,"enemies":"2 Louse","floor":7,"turns":2},{"damage":15,"enemies":"Exordium Wildlife","floor":8,"turns":6},{"damage":12,"enemies":"Lots of Slimes","floor":10,"turns":4},{"damage":39,"enemies":"Gremlin Nob","floor":13,"turns":5},{"damage":10,"enemies":"Hexaghost","floor":16,"turns":9}],"seed_played":"2075399861025450769","potions_obtained":[{"floor":7,"key":"Regen Potion"},{"floor":8,"key":"Poison Potion"},{"floor":13,"key":"SneckoOil"}],"is_trial":false,"path_per_floor":["M","?","M","$","?","R","M","M","T","M","R","?","E","?","R"],"character_chosen":"THE_SILENT","items_purchased":["Leg Sweep"],"campfire_rested":1,"item_purchase_floors":[4],"current_hp_per_floor":[44,44,40,40,40,40,40,25,25,13,34,34,9,9,9,0],"gold":114,"neow_bonus":"ONE_RARE_RELIC","is_prod":false,"is_daily":false,"chose_seed":false,"campfire_upgraded":2,"win_rate":0,"timestamp":1534317786,"path_taken":["M","?","M","$","?","R","M","M","T","M","R","?","E","?","R","BOSS"],"build_version":"2018-08-09","purchased_purges":0,"victory":false,"max_hp_per_floor":[70,70,70,70,70,70,70,70,70,70,70,70,70,70,70,70],"card_choices":[{"not_picked":["Flying Knee","Deflect"],"picked":"Dagger Spray","floor":1},{"not_picked":["Flying Knee","Terror"],"picked":"Bouncing Flask","floor":3},{"not_picked":["Acrobatics","Blade Dance"],"picked":"Blur","floor":7},{"not_picked":["Underhanded Strike","Outmaneuver"],"picked":"Backstab","floor":8},{"not_picked":["Leg Sweep","Sucker Punch"],"picked":"Deadly Poison","floor":10},{"not_picked":["Underhanded Strike","Reflex","Dash"],"picked":"SKIP","floor":13}],"player_experience":242013,"relics_obtained":[{"floor":13,"key":"MawBank"}],"event_choices":[{"event_name":"Bonfire Elementals","player_choice":"BASIC","floor":2,"damage_taken":0},{"event_name":"FaceTrader","player_choice":"Trade","floor":5,"damage_taken":0},{"event_name":"Living Wall","player_choice":"Grow","floor":12,"damage_taken":0},{"event_name":"World of Goop","player_choice":"Left","floor":14,"damage_taken":0}],"is_beta":false,"boss_relics":[],"items_purged_floors":[],"is_endless":false,"potions_floor_spawned":[7,8,13],"killed_by":"Hexaghost","ascension_level":9}