{"gold_per_floor":[110,125,144,218,218,253,253,280,359,384,384,146,64,75,75,147,147,161,174,188,188,208,208,235,235,235,263,263,274,287,112,112,186,186,205,221,221,231,39,39,74,86,121,133,145,30,42,74,74,74,74],"floor_reached":52,"playtime":2168,"items_purged":["Caltrops"],"score":2136,"play_id":"94f9f5ef-5b98-49d5-8573-f5eb24cfc806","local_time":"20181129162916","daily_mods":["SealedDeck","DeadlyEvents"],"is_ascension_mode":true,"campfire_choices":[{"data":"Cloak And Dagger","floor":7,"key":"SMITH"},{"data":"1","floor":11,"key":"LIFT"},{"data":"2","floor":15,"key":"LIFT"},{"data":"3","floor":23,"key":"LIFT"},{"data":"Cloak And Dagger","floor":25,"key":"SMITH"},{"floor":32,"key":"REST"},{"floor":40,"key":"REST"},{"floor":42,"key":"REST"},{"floor":45,"key":"REST"},{"floor":49,"key":"REST"}],"neow_cost":"","seed_source_timestamp":0,"circlet_count":0,"master_deck":["AscendersBane","Quick Slash","Leg Sweep","Dodge and Roll","Dagger Throw","Dagger Spray+1","Cloak And Dagger+1","Flying Knee","Backstab+1","Cloak And Dagger+1","Well Laid Plans","Adrenaline","PiercingWail","Deflect+1","Burst","Finisher","Infinite Blades","Malaise","Sucker Punch+1","Escape Plan+1","Cloak And Dagger","Backflip","Footwork"],"relics":["Ring of the Snake","Turnip","Snake Skull","Whetstone","Darkstone Periapt","Girya","Membership Card","Bronze Scales","Black Star","Lantern","Bag of Preparation","Letter Opener","Bag of Marbles","Regal Pillow","Shuriken","Fusion Hammer","War Paint","PreservedInsect","MawBank","Omamori","Centennial Puzzle","Potion Belt","Toxic Egg 2","Kunai"],"potions_floor_usage":[24,33,33,50,51,51,51],"damage_taken":[{"damage":0,"enemies":"Cultist","floor":1,"turns":2},{"damage":0,"enemies":"Small Slimes","floor":2,"turns":2},{"damage":0,"enemies":"2 Louse","floor":3,"turns":2},{"damage":12,"enemies":"Lagavulin","floor":6,"turns":6},{"damage":8,"enemies":"Gremlin Nob","floor":8,"turns":3},{"damage":8,"enemies":"Lagavulin","floor":10,"turns":6},{"damage":0,"enemies":"Looter","floor":14,"turns":2},{"damage":4,"enemies":"Hexaghost","floor":16,"turns":6},{"damage":2,"enemies":"Shell Parasite","floor":18,"turns":3},{"damage":0,"enemies":"Chosen","floor":19,"turns":3},{"damage":0,"enemies":"Snake Plant","floor":20,"turns":3},{"damage":2,"enemies":"Centurion and Healer","floor":22,"turns":6},{"damage":16,"enemies":"Book of Stabbing","floor":24,"turns":4},{"damage":0,"enemies":"Slavers","floor":27,"turns":2},{"damage":0,"enemies":"Shelled Parasite and Fungi","floor":29,"turns":2},{"damage":0,"enemies":"Cultist and Chosen","floor":30,"turns":2},{"damage":1,"enemies":"Collector","floor":33,"turns":5},{"damage":12,"enemies":"3 Shapes","floor":35,"turns":4},{"damage":0,"enemies":"Orb Walker","floor":36,"turns":1},{"damage":0,"enemies":"3 Darklings","floor":38,"turns":1},{"damage":0,"enemies":"Giant Head","floor":41,"turns":2},{"damage":0,"enemies":"4 Shapes","floor":47,"turns":5},{"damage":0,"enemies":"Nemesis","floor":48,"turns":1},{"damage":15,"enemies":"Donu and Deca","floor":50,"turns":8},{"damage":0,"enemies":"Awakened One","floor":51,"turns":10}],"seed_played":"8691434661059532628","potions_obtained":[{"floor":3,"key":"SpeedPotion"},{"floor":8,"key":"Swift Potion"},{"floor":19,"key":"Dexterity Potion"},{"floor":24,"key":"Energy Potion"},{"floor":33,"key":"SpeedPotion"},{"floor":35,"key":"FearPotion"},{"floor":47,"key":"GhostInAJar"},{"floor":48,"key":"PowerPotion"}],"is_trial":true,"path_per_floor":["M","M","M","?","?","E","R","E","T","E","R","$","$","M","R","B",null,"M","M","M","?","M","R","E","R","T","E","?","M","M","$","R","B",null,"M","M","?","M","$","R","E","R","T","?","R","$","M","E","R","B","B",null],"character_chosen":"THE_SILENT","items_purchased":["PiercingWail","Membership Card","Bronze Scales","Shuriken","Cloak And Dagger","War Paint","PreservedInsect","Footwork","Potion Belt"],"campfire_rested":5,"item_purchase_floors":[12,12,13,31,39,39,39,46,46],"current_hp_per_floor":[59,59,59,59,54,42,42,34,34,26,26,26,26,26,26,22,55,53,53,53,53,51,51,35,35,35,35,35,35,35,35,66,65,66,54,54,54,54,54,66,66,66,66,66,66,66,66,66,66,51,51],"gold":74,"neow_bonus":"","is_prod":false,"is_daily":false,"chose_seed":false,"campfire_upgraded":2,"win_rate":0,"timestamp":1543537756,"path_taken":["M","M","M","?","?","E","R","E","T","E","R","?","$","?","R","BOSS","M","?","M","?","M","R","E","R","T","E","?","M","?","$","R","BOSS","M","M","?","M","$","R","E","R","T","?","R","$","M","E","R","BOSS","BOSS"],"build_version":"2018-11-15","purchased_purges":1,"victory":true,"max_hp_per_floor":[66,66,66,66,66,66,66,66,66,66,66,66,66,66,66,66,66,66,66,66,66,66,66,66,66,66,66,66,66,66,66,66,66,66,66,66,66,66,66,66,66,66,66,66,66,66,66,66,66,66,66],"card_choices":[{"not_picked":["Dodge and Roll","Prepared"],"picked":"Well Laid Plans","floor":1},{"not_picked":["Deadly Poison","Noxious Fumes"],"picked":"Caltrops","floor":2},{"not_picked":["Bane","Backflip","Sucker Punch"],"picked":"SKIP","floor":3},{"not_picked":["Choke","Dodge and Roll","Bane"],"picked":"SKIP","floor":6},{"not_picked":["Heel Hook","Poisoned Stab","Grand Finale"],"picked":"SKIP","floor":8},{"not_picked":["Prepared","Outmaneuver"],"picked":"Adrenaline","floor":10},{"not_picked":["Dagger Throw","Infinite Blades"],"picked":"Deflect","floor":14},{"not_picked":["Die Die Die","Doppelganger"],"picked":"Burst","floor":16},{"not_picked":["Deadly Poison","Bane","Deflect"],"picked":"SKIP","floor":18},{"not_picked":["Deadly Poison","Flying Knee","Infinite Blades"],"picked":"SKIP","floor":19},{"not_picked":["Sucker Punch","Flying Knee","Dash"],"picked":"SKIP","floor":20},{"not_picked":["Storm of Steel","Quick Slash","Slice"],"picked":"SKIP","floor":22},{"not_picked":["Dagger Spray","A Thousand Cuts"],"picked":"Finisher","floor":24},{"not_picked":["Skewer","Calculated Gamble"],"picked":"Infinite Blades","floor":27},{"not_picked":["Outmaneuver+1","Deadly Poison","Calculated Gamble"],"picked":"SKIP","floor":29},{"not_picked":["Dagger Spray+1","Bane","Quick Slash+1"],"picked":"SKIP","floor":30},{"not_picked":["Night Terror","Corpse Explosion"],"picked":"Malaise","floor":33},{"not_picked":["Acrobatics","Bane","Dodge and Roll+1"],"picked":"SKIP","floor":35},{"not_picked":["Finisher","Reflex"],"picked":"Sucker Punch+1","floor":36},{"not_picked":["Deflect","Sucker Punch"],"picked":"Escape Plan","floor":38},{"not_picked":["Underhanded Strike","Burst"],"picked":"Backflip","floor":41},{"not_picked":["Poisoned Stab","Dash","Underhanded Strike+1"],"picked":"SKIP","floor":47},{"not_picked":["Footwork+1","Finisher+1","Flying Knee"],"picked":"SKIP","floor":48}],"player_experience":1689151,"relics_obtained":[{"floor":6,"key":"Snake Skull"},{"floor":8,"key":"Whetstone"},{"floor":9,"key":"Darkstone Periapt"},{"floor":10,"key":"Girya"},{"floor":24,"key":"Lantern"},{"floor":24,"key":"Bag of Preparation"},{"floor":26,"key":"Letter Opener"},{"floor":27,"key":"Bag of Marbles"},{"floor":27,"key":"Regal Pillow"},{"floor":41,"key":"MawBank"},{"floor":41,"key":"Omamori"},{"floor":43,"key":"Centennial Puzzle"},{"floor":48,"key":"Toxic Egg 2"},{"floor":48,"key":"Kunai"}],"event_choices":[{"damage_healed":0,"gold_gain":74,"player_choice":"Gained Gold","damage_taken":0,"max_hp_gain":0,"max_hp_loss":0,"event_name":"Golden Wing","floor":4,"gold_loss":0},{"damage_healed":0,"gold_gain":0,"player_choice":"Success","damage_taken":5,"relics_obtained":["Turnip"],"max_hp_gain":0,"max_hp_loss":0,"event_name":"Scrap Ooze","floor":5,"gold_loss":0},{"damage_healed":0,"gold_gain":0,"player_choice":"Simplicity","damage_taken":0,"max_hp_gain":0,"max_hp_loss":0,"event_name":"Back to Basics","floor":21,"gold_loss":0,"cards_upgraded":[]},{"damage_healed":0,"gold_gain":0,"player_choice":"Ignored","damage_taken":0,"max_hp_gain":0,"max_hp_loss":0,"event_name":"Beggar","floor":28,"gold_loss":0},{"cards_removed":["Dagger Spray"],"damage_healed":0,"gold_gain":0,"player_choice":"Removed Attack","damage_taken":0,"max_hp_gain":0,"max_hp_loss":0,"event_name":"Falling","floor":37,"gold_loss":0},{"damage_healed":13,"gold_gain":0,"player_choice":"Writhe","damage_taken":0,"max_hp_gain":0,"max_hp_loss":0,"event_name":"Winding Halls","floor":44,"gold_loss":0,"cards_obtained":["Writhe"]}],"is_beta":false,"boss_relics":[{"not_picked":["White Beast Statue","WristBlade"],"picked":"Black Star"},{"not_picked":["Calling Bell","Astrolabe"],"picked":"Fusion Hammer"}],"items_purged_floors":[31],"is_endless":false,"potions_floor_spawned":[3,8,10,16,19,20,24,30,33,35,47,48],"ascension_level":20}