{"gold_per_floor":[117,117,134,144,144,144,175,192,192,202,212,182,213,39,39,137,137,253,253,268,268],"floor_reached":21,"playtime":897,"items_purged":["Strike_B"],"score":324,"play_id":"15044449-0d08-4338-94b6-3561d1d2522b","local_time":"25620120192540","is_ascension_mode":true,"campfire_choices":[{"data":"Zap","floor":6,"key":"SMITH"},{"data":"Hyperbeam","floor":15,"key":"SMITH"}],"neow_cost":"NONE","seed_source_timestamp":28785471445564,"circlet_count":0,"master_deck":["AscendersBane","Strike_B","Strike_B","Strike_B","Defend_B","Defend_B","Defend_B","Defend_B","Zap+1","Dualcast","Reprogram","Conserve Battery","Cold Snap","Gash","Ball Lightning","Hyperbeam+1","Echo Form","Storm","Seek","Streamline+1","Rebound"],"relics":["Burning Blood","Smiling Mask","infinitespire:Cubic Diamond","Baseball","Solar Panel","Dream Catcher","ReplayTheSpireMod:Onyx Gauntlets","hubris:BottledHeart"],"potions_floor_usage":[7,7,13,13,16],"damage_taken":[{"damage":7,"enemies":"Small Slimes","floor":1,"turns":3},{"damage":0,"enemies":"Cultist","floor":3,"turns":3},{"damage":8,"enemies":"2 Louse","floor":4,"turns":3},{"damage":15,"enemies":"Lagavulin","floor":7,"turns":7},{"damage":3,"enemies":"2 Fungi Beasts","floor":8,"turns":4},{"damage":13,"enemies":"Red Slaver","floor":10,"turns":5},{"damage":13,"enemies":"Exordium Wildlife","floor":11,"turns":5},{"damage":0,"enemies":"Gremlin Nob","floor":13,"turns":2},{"damage":42,"enemies":"Fading Forest","floor":16,"turns":11},{"damage":31,"enemies":"2 Thieves","floor":18,"turns":3},{"damage":0,"enemies":"Spheric Guardian","floor":20,"turns":4},{"damage":6,"enemies":"Cultist and Chosen","floor":21,"turns":5}],"seed_played":"7068512763290982921","potions_obtained":[{"floor":3,"key":"Explosive Potion"},{"floor":4,"key":"FearPotion"},{"floor":11,"key":"FearPotion"},{"floor":12,"key":"Poison Potion"},{"floor":12,"key":"FearPotion"},{"floor":18,"key":"Dexterity Potion"}],"is_trial":false,"path_per_floor":["M","?","M","M","?","R","E","M","T","M","M","?","E","$","R","B",null,"M","?","M","M"],"character_chosen":"DEFECT","items_purchased":["Storm","Block Potion"],"campfire_rested":0,"item_purchase_floors":[14,14],"current_hp_per_floor":[61,61,61,53,53,53,44,47,47,40,35,35,45,45,45,29,64,41,1,1,0],"gold":268,"neow_bonus":"RANDOM_COMMON_RELIC","is_prod":false,"is_daily":false,"chose_seed":false,"campfire_upgraded":2,"win_rate":0,"timestamp":1547987140,"path_taken":["M","?","?","?","?","R","E","M","T","M","M","?","E","$","R","BOSS","M","?","M","M"],"build_version":"2019-01-17v2","purchased_purges":1,"victory":false,"max_hp_per_floor":[75,75,75,75,75,75,75,75,75,75,75,75,75,75,75,75,75,75,1,1,1],"card_choices":[{"not_picked":["Turbo","ReplaySort"],"picked":"Heatsinks","floor":1},{"not_picked":["Steam","BasicCrystalCard"],"picked":"Conserve Battery","floor":3},{"not_picked":["Turbo","Stack"],"picked":"Cold Snap","floor":4},{"not_picked":["Rebound","Coolheaded"],"picked":"Gash","floor":7},{"not_picked":["Lockon","Sweeping Beam","Barrage"],"picked":"SKIP","floor":8},{"not_picked":["Consume","Loop"],"picked":"Ball Lightning","floor":10},{"not_picked":["Redo","Time Bomb"],"picked":"Hyperbeam","floor":11},{"not_picked":["hubris:PowerSurge","Skim"],"picked":"Echo Form","floor":13},{"not_picked":["Machine Learning","Electrodynamics"],"picked":"Seek","floor":16},{"not_picked":["Steam","Gash"],"picked":"Streamline+1","floor":18},{"not_picked":["Consume","Skim"],"picked":"Rebound","floor":20}],"player_experience":259366,"relics_obtained":[{"floor":7,"key":"Baseball"},{"floor":9,"key":"Solar Panel"},{"floor":13,"key":"Dream Catcher"}],"event_choices":[{"damage_healed":0,"gold_gain":0,"cards_transformed":["Heatsinks"],"player_choice":"Transformed","damage_taken":0,"max_hp_gain":0,"max_hp_loss":0,"event_name":"Transmorgrifier","floor":2,"gold_loss":0,"cards_obtained":["Reprogram"]},{"damage_healed":0,"gold_gain":0,"player_choice":"Bought 2 Potions","damage_taken":0,"max_hp_gain":0,"max_hp_loss":0,"event_name":"The Woman in Blue","floor":12,"gold_loss":0}],"is_beta":false,"boss_relics":[{"not_picked":["infinitespire:Cupcake","Orrery"],"picked":"ReplayTheSpireMod:Onyx Gauntlets"}],"items_purged_floors":[14],"is_endless":false,"potions_floor_spawned":[3,4,11,18],"killed_by":"Cultist and Chosen","ascension_level":10}