{"gold_per_floor":[109,9,25,25,25,25,44,70,70,70,98,6,6,31,31,104,104,121,121],"floor_reached":19,"playtime":973,"items_purged":[],"score":320,"play_id":"f9588479-bf84-4538-94cc-7cc7092d956e","local_time":"20190310231126","is_ascension_mode":true,"campfire_choices":[{"data":"Sunder","floor":6.0,"key":"SMITH"},{"data":"Genetic Algorithm","floor":10.0,"key":"SMITH"},{"floor":13.0,"key":"REST"},{"floor":15.0,"key":"REST"}],"neow_cost":"NONE","seed_source_timestamp":0,"circlet_count":0,"master_deck":["AscendersBane","Strike_B","Strike_B","Strike_B","Defend_B","Defend_B","Defend_B","Defend_B","Zap+1","Dualcast","Leap","Sunder+1","Coolheaded","Coolheaded","Seek","Genetic Algorithm+1","BootSequence","Capacitor","Rebound","Multi-Cast","Self Repair"],"special_seed":0,"relics":["Cracked Core","Unceasing Top","Sundial","Oddly Smooth Stone","Odd Mushroom","Nuclear Battery"],"potions_floor_usage":[],"damage_taken":[{"damage":1.0,"enemies":"Cultist","floor":1.0,"turns":3.0},{"damage":6.0,"enemies":"2 Louse","floor":3.0,"turns":3.0},{"damage":0.0,"enemies":"Jaw Worm","floor":7.0,"turns":3.0},{"damage":6.0,"enemies":"3 Sentries","floor":8.0,"turns":7.0},{"damage":33.0,"enemies":"Gremlin Nob","floor":11.0,"turns":4.0},{"damage":21.0,"enemies":"The Mushroom Lair","floor":14.0,"turns":4.0},{"damage":20.0,"enemies":"Hexaghost","floor":16.0,"turns":13.0},{"damage":23,"enemies":"Chosen","floor":18,"turns":6},{"damage":34,"enemies":"Colosseum Slavers","floor":19,"turns":4}],"seed_played":"-7811370965555344377","potions_obtained":[{"floor":7.0,"key":"Block Potion"},{"floor":8.0,"key":"Explosive Potion"},{"floor":14.0,"key":"Swift Potion"}],"is_trial":false,"path_per_floor":["M","$","M","?","?","R","M","E","T","R","E","$","R","?","R","B",null,"M","?"],"character_chosen":"DEFECT","items_purchased":["Sunder","Coolheaded","Capacitor","Block Potion"],"campfire_rested":2,"item_purchase_floors":[2,2,12,12],"current_hp_per_floor":[63,63,57,57,50,50,50,44,44,44,11,11,32,11,32,12,56,33,0],"gold":121,"neow_bonus":"UPGRADE_CARD","is_prod":false,"is_daily":false,"chose_seed":false,"campfire_upgraded":2,"win_rate":0,"timestamp":1552255886,"path_taken":["M","$","?","?","?","R","M","E","T","R","E","$","R","?","R","BOSS","M","?"],"build_version":"2019-01-23","purchased_purges":0,"victory":false,"max_hp_per_floor":[71,71,71,71,71,71,71,71,71,71,71,71,71,71,71,71,71,71,71],"card_choices":[{"not_picked":["Turbo","Capacitor"],"picked":"Leap","floor":1.0},{"not_picked":["Sweeping Beam","Turbo"],"picked":"Coolheaded","floor":3.0},{"not_picked":["BootSequence","Stack"],"picked":"Seek","floor":7.0},{"not_picked":["Lockon","Sunder"],"picked":"Genetic Algorithm","floor":8.0},{"not_picked":["Redo","Aggregate"],"picked":"BootSequence","floor":11.0},{"not_picked":["Coolheaded","Turbo"],"picked":"Rebound","floor":14.0},{"not_picked":["Thunder Strike","Amplify"],"picked":"Multi-Cast","floor":16.0},{"not_picked":["Steam","Gash"],"picked":"Self Repair","floor":18}],"player_experience":600285,"relics_obtained":[{"floor":8.0,"key":"Unceasing Top"},{"floor":9.0,"key":"Sundial"},{"floor":11.0,"key":"Oddly Smooth Stone"},{"floor":14.0,"key":"Odd Mushroom"}],"event_choices":[{"damage_healed":0.0,"max_hp_gain":0.0,"max_hp_loss":0.0,"gold_gain":0.0,"event_name":"The Cleric","player_choice":"Leave","floor":4.0,"gold_loss":0.0,"damage_taken":0.0},{"cards_removed":["Strike_B"],"damage_healed":0.0,"max_hp_gain":0.0,"max_hp_loss":0.0,"gold_gain":0.0,"event_name":"Golden Wing","player_choice":"Card Removal","floor":5.0,"gold_loss":0.0,"damage_taken":7.0},{"damage_healed":0.0,"max_hp_gain":0.0,"max_hp_loss":0.0,"gold_gain":0.0,"event_name":"Mushrooms","player_choice":"Fought Mushrooms","floor":14.0,"gold_loss":0.0,"damage_taken":0.0},{"damage_healed":0,"gold_gain":0,"player_choice":"Fight","damage_taken":0,"max_hp_gain":0,"max_hp_loss":0,"event_name":"Colosseum","floor":19,"gold_loss":0}],"is_beta":false,"boss_relics":[{"not_picked":["Philosopher\u0027s Stone","Snecko Eye"],"picked":"Nuclear Battery"}],"items_purged_floors":[],"is_endless":false,"potions_floor_spawned":[7,8,14],"killed_by":"Colosseum Slavers","ascension_level":17}