{"gold_per_floor":[110,30,47,58,8,8,8,19,46,74,92,102,102,164,176,289,301,323,435,460,484,507,519,558,570,582,594],"floor_reached":27,"playtime":2668,"items_purged":[],"score":225,"play_id":"c76334e4-2d6b-4525-bd12-16da2da31831","local_time":"20190507090016","is_ascension_mode":false,"campfire_choices":[{"data":"Uppercut","floor":6,"key":"SMITH"},{"data":"True Grit","floor":13,"key":"SMITH"},{"floor":15,"key":"REST"},{"floor":23,"key":"REST"}],"neow_cost":"NONE","seed_source_timestamp":61666994639582,"circlet_count":0,"master_deck":["Strike_R","Strike_R","Strike_R","Strike_R","Strike_R","Defend_R","Bash","Body Slam","Body Slam","Uppercut+1","Pommel Strike","Body Slam","Burning Pact","Twin Strike","Perfected Strike","True Grit+1","Shrug It Off","Impervious","Shrug It Off","Sentinel","Pommel Strike","Barricade","Pommel Strike"],"relics":["Burning Blood","Ancient Tea Set","Happy Flower","Odd Mushroom","MawBank","Empty Cage","Darkstone Periapt","Meat on the Bone"],"potions_floor_usage":[10,16,24],"damage_taken":[{"damage":5,"enemies":"2 Louse","floor":1,"turns":3},{"damage":0,"enemies":"Cultist","floor":3,"turns":4},{"damage":11,"enemies":"Jaw Worm","floor":4,"turns":4},{"damage":3,"enemies":"2 Fungi Beasts","floor":8,"turns":3},{"damage":33,"enemies":"The Mushroom Lair","floor":10,"turns":5},{"damage":14,"enemies":"Blue Slaver","floor":11,"turns":3},{"damage":4,"enemies":"Red Slaver","floor":12,"turns":2},{"damage":24,"enemies":"Gremlin Nob","floor":14,"turns":4},{"damage":50,"enemies":"The Guardian","floor":16,"turns":13},{"damage":18,"enemies":"Shell Parasite","floor":18,"turns":5},{"damage":10,"enemies":"2 Thieves","floor":20,"turns":4},{"damage":36,"enemies":"3 Cultists","floor":21,"turns":7},{"damage":13,"enemies":"Snake Plant","floor":22,"turns":3},{"damage":16,"enemies":"Book of Stabbing","floor":24,"turns":6},{"damage":38,"enemies":"Shelled Parasite and Fungi","floor":27,"turns":5}],"seed_played":"-6725981999693510372","potions_obtained":[{"floor":1,"key":"Ancient Potion"},{"floor":8,"key":"Dexterity Potion"},{"floor":14,"key":"Dexterity Potion"},{"floor":22,"key":"SpeedPotion"}],"is_trial":false,"path_per_floor":["M","?","M","M","$","R","$","M","T","?","M","M","R","?","R","B",null,"M","?","M","M","M","R","E","?","T","M"],"character_chosen":"IRONCLAD","items_purchased":["Body Slam"],"campfire_rested":2,"item_purchase_floors":[5],"current_hp_per_floor":[80,80,80,75,75,75,75,78,78,51,43,45,45,27,51,7,80,68,68,64,34,27,51,41,41,41,3],"gold":594,"neow_bonus":"TRANSFORM_CARD","is_prod":false,"is_daily":false,"chose_seed":false,"campfire_upgraded":2,"win_rate":0.0,"timestamp":1557187216,"path_taken":["M","?","?","M","?","R","?","?","T","?","M","M","R","?","R","BOSS","M","?","?","M","M","R","E","?","T","M"],"build_version":"2019-01-23","purchased_purges":0,"victory":false,"max_hp_per_floor":[80,80,80,80,80,80,80,80,80,80,80,80,80,80,80,80,80,80,80,80,80,80,80,80,80,80,80],"card_choices":[{"not_picked":["Evolve","Rampage"],"picked":"Body Slam","floor":1},{"not_picked":["Flex","Hemokinesis"],"picked":"Uppercut","floor":3},{"not_picked":["Seeing Red","Metallicize"],"picked":"Pommel Strike","floor":4},{"not_picked":["Whirlwind","Thunderclap"],"picked":"Burning Pact","floor":8},{"not_picked":["Sever Soul","Sword Boomerang"],"picked":"Twin Strike","floor":10},{"not_picked":["Entrench","Warcry"],"picked":"Perfected Strike","floor":11},{"not_picked":["Evolve","Pommel Strike"],"picked":"True Grit","floor":12},{"not_picked":["Exhume","Sword Boomerang"],"picked":"Shrug It Off","floor":14},{"not_picked":["Double Tap","Demon Form"],"picked":"Impervious","floor":16},{"not_picked":["Heavy Blade","Thunderclap+1"],"picked":"Shrug It Off","floor":18},{"not_picked":["Twin Strike","Flex"],"picked":"Sentinel","floor":20},{"not_picked":["Flex+1","Carnage+1"],"picked":"Pommel Strike","floor":21},{"not_picked":["Carnage","Corruption"],"picked":"Barricade","floor":22},{"not_picked":["Spot Weakness+1","Flex"],"picked":"Pommel Strike","floor":24}],"player_experience":31664,"relics_obtained":[{"floor":9,"key":"Happy Flower"},{"floor":10,"key":"Odd Mushroom"},{"floor":24,"key":"Darkstone Periapt"},{"floor":26,"key":"Meat on the Bone"}],"event_choices":[{"damage_healed":0,"gold_gain":0,"player_choice":"Paid Gold","damage_taken":0,"relics_obtained":["Ancient Tea Set"],"max_hp_gain":0,"max_hp_loss":0,"event_name":"WeMeetAgain","floor":2,"gold_loss":80},{"damage_healed":0,"gold_gain":0,"player_choice":"Fought Mushrooms","damage_taken":0,"max_hp_gain":0,"max_hp_loss":0,"event_name":"Mushrooms","floor":10,"gold_loss":0},{"damage_healed":0,"gold_gain":30,"player_choice":"Searched \u00273\u0027 times","damage_taken":0,"relics_obtained":["MawBank"],"max_hp_gain":0,"max_hp_loss":0,"event_name":"Dead Adventurer","floor":14,"gold_loss":0},{"damage_healed":0,"gold_gain":100,"player_choice":"Pray","damage_taken":0,"max_hp_gain":0,"max_hp_loss":0,"event_name":"Golden Shrine","floor":19,"gold_loss":0},{"damage_healed":0,"gold_gain":0,"player_choice":"Ignored","damage_taken":0,"max_hp_gain":0,"max_hp_loss":0,"event_name":"Vampires","floor":25,"gold_loss":0}],"is_beta":false,"boss_relics":[{"not_picked":["Runic Dome","Tiny House"],"picked":"Empty Cage"}],"items_purged_floors":[],"is_endless":false,"potions_floor_spawned":[1,8,14,22],"killed_by":"Shelled Parasite and Fungi","ascension_level":0}