{"gold_per_floor":[113,131,131,56,56,56,69,69,99,99,130,12,22,22],"floor_reached":14,"playtime":393,"items_purged":["Strike_B"],"score":176,"play_id":"097038d5-a222-434d-9200-cbbae99b6237","local_time":"20190313232552","is_ascension_mode":true,"campfire_choices":[{"data":"Zap","floor":6.0,"key":"SMITH"},{"data":"Dualcast","floor":8.0,"key":"SMITH"}],"neow_cost":"TEN_PERCENT_HP_LOSS","seed_source_timestamp":0,"circlet_count":0,"master_deck":["AscendersBane","Strike_B","Strike_B","Defend_B","Defend_B","Defend_B","Defend_B","Zap+1","Dualcast+1","Core Surge+1","Heatsinks","Recycle","Chaos"],"special_seed":0,"relics":["Cracked Core","FaceOfCleric","Tiny Chest","Calipers"],"potions_floor_usage":[14],"damage_taken":[{"damage":1.0,"enemies":"2 Louse","floor":1.0,"turns":3.0},{"damage":2.0,"enemies":"Jaw Worm","floor":2.0,"turns":3.0},{"damage":0.0,"enemies":"Cultist","floor":7.0,"turns":3.0},{"damage":40.0,"enemies":"Lagavulin","floor":11.0,"turns":8.0},{"damage":2.0,"enemies":"2 Fungi Beasts","floor":13.0,"turns":3.0},{"damage":7,"enemies":"Gremlin Nob","floor":14,"turns":3}],"seed_played":"5251366318498884433","potions_obtained":[{"floor":11.0,"key":"Explosive Potion"}],"is_trial":false,"path_per_floor":["M","M","?","$","?","R","M","R","T","?","E","$","M","E"],"character_chosen":"DEFECT","items_purchased":["Chaos","FocusPotion"],"campfire_rested":0,"item_purchase_floors":[12,12],"current_hp_per_floor":[63,61,54,54,54,54,55,55,55,55,16,16,15,8],"gold":22,"neow_bonus":"THREE_RARE_CARDS","is_prod":false,"is_daily":false,"chose_seed":true,"campfire_upgraded":2,"win_rate":0,"timestamp":1552490752,"path_taken":["M","M","?","$","?","R","?","R","T","?","E","?","M","E"],"build_version":"2019-01-23","purchased_purges":1,"victory":false,"max_hp_per_floor":[64,64,64,64,64,64,65,65,65,65,66,66,67,67],"card_choices":[{"not_picked":["Reboot","Fission"],"picked":"Core Surge","floor":0.0},{"not_picked":["Go for the Eyes","Beam Cell","Gash"],"picked":"SKIP","floor":1.0},{"not_picked":["Steam","Stack","Turbo"],"picked":"SKIP","floor":2.0},{"not_picked":["Coolheaded","Creative AI"],"picked":"Heatsinks","floor":7.0},{"not_picked":["Hello World","Skim"],"picked":"Recycle","floor":11.0},{"not_picked":["Gash","Conserve Battery","Sunder"],"picked":"SKIP","floor":13.0},{"not_picked":["Gash","Conserve Battery","Sunder"],"picked":"SKIP","floor":13.0}],"player_experience":2817288,"relics_obtained":[{"floor":9.0,"key":"Tiny Chest"},{"floor":11.0,"key":"Calipers"}],"event_choices":[{"cards_removed":["Strike_B"],"damage_healed":0.0,"max_hp_gain":0.0,"max_hp_loss":0.0,"gold_gain":0.0,"event_name":"Golden Wing","player_choice":"Card Removal","floor":3.0,"gold_loss":0.0,"damage_taken":7.0},{"damage_healed":0.0,"max_hp_gain":0.0,"max_hp_loss":0.0,"gold_gain":0.0,"event_name":"FaceTrader","player_choice":"Trade","floor":5.0,"gold_loss":0.0,"damage_taken":0.0,"relics_obtained":["FaceOfCleric"]},{"damage_healed":0.0,"max_hp_gain":0.0,"max_hp_loss":0.0,"gold_gain":0.0,"event_name":"Accursed Blacksmith","player_choice":"Forge","floor":10.0,"gold_loss":0.0,"damage_taken":0.0,"cards_upgraded":["Core Surge"]}],"is_beta":false,"boss_relics":[],"items_purged_floors":[4],"is_endless":false,"potions_floor_spawned":[11,13],"killed_by":"Gremlin Nob","ascension_level":20}