{"gold_per_floor":[117,192,192,205,224,224,241,241,271,22,57,75,0,0,0,76,76,90,100,113,2,19,19,19],"floor_reached":24,"playtime":1808,"items_purged":["Strike_G"],"score":337,"play_id":"c70b2a22-68f5-463e-8d10-cb23540aecb3","local_time":"20180713082304","is_ascension_mode":true,"campfire_choices":[{"data":"Cloak And Dagger","floor":6,"key":"SMITH"},{"data":"Neutralize","floor":8,"key":"SMITH"},{"floor":15,"key":"REST"},{"floor":23,"key":"REST"}],"neow_cost":"","seed_source_timestamp":2326941637746,"circlet_count":0,"master_deck":["Defend_G","Defend_G","Defend_G","Defend_G","Defend_G+1","Strike_G","Strike_G","Strike_G","Strike_G","Survivor","Neutralize+1","AscendersBane","Sucker Punch+1","Cloak And Dagger+1","Backstab","Bouncing Flask","Corpse Explosion","PiercingWail","Dagger Throw","Blur","Well Laid Plans+1","Leg Sweep","Bane"],"relics":["Ring of the Snake","Tiny Chest","Frozen Egg 2","Ninja Scroll","Fusion Hammer"],"potions_floor_usage":[11],"damage_taken":[{"damage":0,"enemies":"2 Louse","floor":1,"turns":3},{"damage":7,"enemies":"Jaw Worm","floor":4,"turns":6},{"damage":0,"enemies":"Small Slimes","floor":5,"turns":5},{"damage":0,"enemies":"2 Fungi Beasts","floor":7,"turns":5},{"damage":13,"enemies":"3 Sentries","floor":11,"turns":14},{"damage":0,"enemies":"Blue Slaver","floor":12,"turns":2},{"damage":30,"enemies":"The Guardian","floor":16,"turns":14},{"damage":0,"enemies":"3 Byrds","floor":18,"turns":2},{"damage":0,"enemies":"Chosen","floor":19,"turns":4},{"damage":19,"enemies":"Centurion and Healer","floor":20,"turns":5},{"damage":6,"enemies":"Snake Plant","floor":22,"turns":5},{"damage":52,"enemies":"Gremlin Leader","floor":24,"turns":10}],"seed_played":"1432304923937253248","potions_obtained":[{"floor":5,"key":"GamblersBrew"},{"floor":7,"key":"Dexterity Potion"},{"floor":16,"key":"Strength Potion"}],"is_trial":false,"path_per_floor":["M","?","?","M","M","R","M","R","T","$","E","M","$","?","R","B",null,"M","M","M","$","M","R"],"character_chosen":"THE_SILENT","items_purchased":["Frozen Egg 2","Well Laid Plans+1","Leg Sweep"],"campfire_rested":2,"item_purchase_floors":[10,21,21],"current_hp_per_floor":[59,48,35,28,28,28,28,28,28,28,15,15,15,15,34,4,51,51,51,32,32,26,45,0],"gold":19,"neow_bonus":"","is_prod":false,"is_daily":false,"chose_seed":false,"campfire_upgraded":2,"win_rate":0,"timestamp":1531495384,"path_taken":["M","?","?","M","M","R","M","R","T","?","E","?","$","?","R","BOSS","M","M","?","$","M","R","E"],"build_version":"2018-07-12","purchased_purges":1,"victory":false,"max_hp_per_floor":[66,66,66,66,66,66,66,66,66,66,66,66,66,66,66,66,66,66,66,66,66,66,66,66],"card_choices":[{"not_picked":["Riddle With Holes","Blade Dance"],"picked":"Sucker Punch","floor":1},{"not_picked":["Dagger Spray","Acrobatics"],"picked":"Cloak And Dagger","floor":4},{"not_picked":["Underhanded Strike","Blade Dance","Distraction"],"picked":"SKIP","floor":5},{"not_picked":["Prepared","Poisoned Stab","Caltrops"],"picked":"SKIP","floor":7},{"not_picked":["Deadly Poison","Concentrate"],"picked":"Backstab","floor":11},{"not_picked":["Blade Dance","Quick Slash"],"picked":"Bouncing Flask","floor":12},{"not_picked":["Tools of the Trade+1","Storm of Steel"],"picked":"Corpse Explosion","floor":16},{"not_picked":["Dagger Throw","Terror"],"picked":"PiercingWail","floor":18},{"not_picked":["Skewer","Slice+1"],"picked":"Dagger Throw","floor":19},{"not_picked":["Bouncing Flask","Predator"],"picked":"Blur","floor":20},{"not_picked":["Flying Knee","Poisoned Stab"],"picked":"Bane","floor":22}],"player_experience":748487,"relics_obtained":[{"floor":9,"key":"Tiny Chest"},{"floor":11,"key":"Ninja Scroll"}],"event_choices":[{"event_name":"World of Goop","player_choice":"Gather Gold","floor":2,"damage_taken":0},{"event_name":"Shining Light","player_choice":"Entered Light","floor":3,"damage_taken":0},{"event_name":"Golden Idol","player_choice":"Ignored","floor":14,"damage_taken":0}],"boss_relics":[{"not_picked":["Coffee Dripper","Empty Cage"],"picked":"Fusion Hammer"}],"items_purged_floors":[13],"is_endless":false,"potions_floor_spawned":[5,7,16,19,22],"killed_by":"Gremlin Leader","ascension_level":14}