{"path_per_floor":["M","M","?","M","M","E","R","E","T","R","M","$","M","M","R","B",null,"M","M","?","M","?","R","M","R","T","M","M","?","R","M","R"],"character_chosen":"THE_SILENT","items_purchased":["Secret Technique"],"gold_per_floor":[109,129,129,142,167,207,207,242,242,242,257,72,63,84,84,208,208,223,246,246,261,186,186,199,199,225,246,260,260,260,275,275],"floor_reached":33,"campfire_rested":2,"playtime":2214,"current_hp_per_floor":[65,65,65,64,64,50,50,37,37,37,45,45,41,39,39,9,65,65,51,51,36,36,36,36,36,36,36,7,7,26,26,45],"items_purged":[],"gold":275,"score":314,"play_id":"a19051f0-a16f-4046-8ec6-57abeabee7e9","is_prod":false,"is_daily":false,"is_ascension_mode":false,"campfire_upgraded":5,"path_taken":["M","M","?","M","?","E","R","E","T","R","M","$","M","M","R","BOSS","M","M","?","M","?","R","M","R","T","M","M","?","R","M","R","BOSS"],"build_version":"2018-02-22-PROD2","purchased_purges":0,"victory":false,"master_deck":["Defend_G","Defend_G","Defend_G","Defend_G+1","Defend_G","Strike_G","Strike_G","Strike_G","Strike_G","Survivor","Neutralize","Tactician","PiercingWail+1","Noxious Fumes+1","Poisoned Stab+1","Poisoned Stab","Distraction","Bullet Time","Noxious Fumes+1","Secret Technique","Crippling Poison","Bouncing Flask+1","Adrenaline","Malaise","PiercingWail+1","Bouncing Flask+1","Dodge and Roll","Poisoned Stab+1","Noxious Fumes+1","Noxious Fumes","Acrobatics+1"],"max_hp_per_floor":[70,70,65,65,65,65,65,65,65,65,65,65,65,65,65,65,65,65,65,65,65,65,65,65,65,65,65,65,65,65,65,65],"relics":["Ring of the Snake","Golden Idol","Molten Egg 2","Gremlin Horn","Snake Skull","Sozu","War Paint"],"card_choices":[{"not_picked":["All Out Attack","Dagger Throw"],"picked":"PiercingWail"},{"not_picked":["Quick Slash","Dagger Spray"],"picked":"Noxious Fumes"},{"not_picked":["Outmaneuver","Dagger Throw"],"picked":"Poisoned Stab"},{"not_picked":["Acrobatics","Backflip"],"picked":"Poisoned Stab"},{"not_picked":["Endless Agony","Outmaneuver"],"picked":"Distraction"},{"not_picked":["Flying Knee","Die Die Die"],"picked":"Bullet Time"},{"not_picked":["PiercingWail","Quick Slash"],"picked":"Noxious Fumes"},{"not_picked":["Outmaneuver","Quick Slash"],"picked":"Crippling Poison"},{"not_picked":["Caltrops","Bane"],"picked":"Bouncing Flask"},{"not_picked":["Phantasmal Killer","Tools of the Trade"],"picked":"Adrenaline"},{"not_picked":["Outmaneuver","Dash"],"picked":"Malaise"},{"not_picked":["Underhanded Strike","Leg Sweep"],"picked":"PiercingWail"},{"not_picked":["Outmaneuver","Deflect"],"picked":"Bouncing Flask"},{"not_picked":["Quick Slash","Wraith Form"],"picked":"Dodge and Roll"},{"not_picked":["Underhanded Strike","Outmaneuver"],"picked":"Poisoned Stab"},{"not_picked":["Underhanded Strike","Infinite Blades"],"picked":"Noxious Fumes"},{"not_picked":["Poisoned Stab","Quick Slash"],"picked":"Acrobatics"}],"player_experience":43361,"potions_floor_usage":[28],"damage_taken":[{"damage":5.0,"enemies":"Jaw Worm","floor":1.0,"turns":11.0},{"damage":0.0,"enemies":"2 Louse","floor":2.0,"turns":4.0},{"damage":1.0,"enemies":"Small Slimes","floor":4.0,"turns":4.0},{"damage":0.0,"enemies":"2 Fungi Beasts","floor":5.0,"turns":4.0},{"damage":14.0,"enemies":"3 Sentries","floor":6.0,"turns":8.0},{"damage":28.0,"enemies":"Gremlin Nob","floor":8.0,"turns":5.0},{"damage":4.0,"enemies":"Gremlin Gang","floor":11.0,"turns":4.0},{"damage":4.0,"enemies":"Exordium Thugs","floor":13.0,"turns":4.0},{"damage":2.0,"enemies":"Large Slime","floor":14.0,"turns":6.0},{"damage":30.0,"enemies":"The Guardian","floor":16.0,"turns":8.0},{"damage":0.0,"enemies":"Spheric Guardian","floor":18.0,"turns":2.0},{"damage":14.0,"enemies":"Chosen","floor":19.0,"turns":4.0},{"damage":15,"enemies":"3 Cultists","floor":21,"turns":5},{"damage":0,"enemies":"Snecko","floor":24,"turns":4},{"damage":0,"enemies":"Snake Plant","floor":27,"turns":3},{"damage":29,"enemies":"Cultist and Chosen","floor":28,"turns":5},{"damage":0,"enemies":"Centurion and Healer","floor":31,"turns":4},{"damage":56,"enemies":"Champ","floor":33,"turns":7}],"event_choices":[{"event_name":"Golden Idol","player_choice":"Lose Max HP","floor":3.0,"damage_taken":0.0},{"event_name":"The Lab","player_choice":"Got Potions","floor":20,"damage_taken":0},{"event_name":"Beggar","player_choice":"Gave Gold","floor":22,"damage_taken":0},{"event_name":"The Library","player_choice":"Read","floor":29,"damage_taken":0}],"boss_relics":[],"potions_floor_spawned":[1,4,8,11,14,16,19,21,24,31],"seed_played":"1966255158677445496","killed_by":"Champ","ascension_level":0,"is_trial":false}