{"gold_per_floor":[111,111,123,136,211,211,229,229,229,244,39,39,69,69,69,148,148,159,7,17,17],"floor_reached":21,"playtime":786,"items_purged":[],"score":313,"play_id":"66db2da7-8e31-4026-a531-5cef8cac6459","local_time":"20180928212412","is_ascension_mode":true,"campfire_choices":[{"data":"Sword Boomerang","floor":6,"key":"SMITH"},{"data":"Body Slam","floor":8,"key":"SMITH"},{"data":"Chrysalis","floor":12,"key":"SMITH"},{"data":"Battle Trance","floor":15,"key":"SMITH"}],"neow_cost":"NONE","seed_source_timestamp":90053241077015,"circlet_count":0,"master_deck":["Strike_R","Strike_R","Strike_R","Strike_R","Strike_R","Defend_R","Defend_R","Defend_R","Defend_R+1","Bash+1","AscendersBane","Wild Strike","Sword Boomerang+1","Battle Trance+1","Body Slam+1","Chrysalis+1","Exhume","Immolate","Clothesline+1","Flex"],"relics":["Burning Blood","Boot","Darkstone Periapt","Pear","Mark of Pain","Vajra"],"potions_floor_usage":[],"damage_taken":[{"damage":9,"enemies":"Jaw Worm","floor":1,"turns":4},{"damage":1,"enemies":"Cultist","floor":3,"turns":3},{"damage":3,"enemies":"Small Slimes","floor":4,"turns":2},{"damage":8,"enemies":"Blue Slaver","floor":7,"turns":2},{"damage":0,"enemies":"3 Louse","floor":10,"turns":2},{"damage":13,"enemies":"Lagavulin","floor":13,"turns":7},{"damage":36,"enemies":"Slime Boss","floor":16,"turns":11},{"damage":21,"enemies":"2 Thieves","floor":18,"turns":4},{"damage":4,"enemies":"3 Byrds","floor":20,"turns":4},{"damage":57,"enemies":"Cultist and Chosen","floor":21,"turns":8}],"seed_played":"-4270886793956164124","potions_obtained":[{"floor":4,"key":"FearPotion"},{"floor":7,"key":"Ancient Potion"},{"floor":13,"key":"SteroidPotion"}],"is_trial":false,"path_per_floor":["M","?","M","M","?","R","M","R","T","M","$","R","E","$","R","B",null,"M","$","M"],"character_chosen":"IRONCLAD","items_purchased":["Chrysalis","Vajra"],"campfire_rested":0,"item_purchase_floors":[11,19],"current_hp_per_floor":[65,42,47,50,39,39,37,37,37,43,43,43,46,46,46,16,68,53,53,55,0],"gold":17,"neow_bonus":"RANDOM_COMMON_RELIC","is_prod":false,"is_daily":false,"chose_seed":false,"campfire_upgraded":4,"win_rate":0,"timestamp":1538162652,"path_taken":["M","?","M","M","?","R","M","R","T","M","$","R","E","$","R","BOSS","M","$","M","M"],"build_version":"2018-09-27","purchased_purges":0,"victory":false,"max_hp_per_floor":[75,75,75,75,75,75,75,75,75,75,75,75,85,85,85,85,85,85,85,85,85],"card_choices":[{"not_picked":["Cleave","Warcry"],"picked":"Wild Strike","floor":1},{"not_picked":["Whirlwind","Bludgeon"],"picked":"Sword Boomerang","floor":3},{"not_picked":["Shrug It Off","Thunderclap"],"picked":"Battle Trance","floor":4},{"not_picked":["Pommel Strike","Cleave"],"picked":"Body Slam","floor":7},{"not_picked":["Combust","Havoc","Burning Pact"],"picked":"SKIP","floor":10},{"not_picked":["Bloodletting","Shrug It Off"],"picked":"Exhume","floor":13},{"not_picked":["Feed","Juggernaut"],"picked":"Immolate","floor":16},{"not_picked":["Reckless Charge","Blood for Blood+1"],"picked":"Clothesline+1","floor":18},{"not_picked":["Perfected Strike","Exhume"],"picked":"Flex","floor":20}],"player_experience":275716,"relics_obtained":[{"floor":9,"key":"Darkstone Periapt"},{"floor":13,"key":"Pear"}],"event_choices":[{"event_name":"Shining Light","player_choice":"Entered Light","floor":2,"damage_taken":0},{"event_name":"World of Goop","player_choice":"Gather Gold","floor":5,"damage_taken":0}],"is_beta":false,"boss_relics":[{"not_picked":["Runic Dome","Runic Cube"],"picked":"Mark of Pain"}],"items_purged_floors":[],"is_endless":false,"potions_floor_spawned":[4,7,13,16,20],"killed_by":"Cultist and Chosen","ascension_level":15}