{"gold_per_floor":[117,267,26,26,26,57,57,57,84,120,145,164,164,204,204,300,300,321,85,98,3,28,28,43,43,114,114,164,79,79,97,97,188,188,202,202,1,66,46,46,80,98,125,125,169,169,169,185,185,185,185,185,185,34,72,72],"floor_reached":57,"playtime":3313,"items_purged":["Doubt","Doubt","Strike_G"],"score":2994,"play_id":"87511308-8304-44f8-95cb-981effecc362","local_time":"20190305020040","is_ascension_mode":true,"campfire_choices":[{"data":"Crippling Poison","floor":7.0,"key":"SMITH"},{"data":"Neutralize","floor":13.0,"key":"SMITH"},{"data":"Corpse Explosion","floor":15.0,"key":"SMITH"},{"floor":23.0,"key":"REST"},{"data":"Night Terror","floor":25.0,"key":"SMITH"},{"data":"Deflect","floor":32.0,"key":"SMITH"},{"data":"Wraith Form v2","floor":40.0,"key":"SMITH"},{"data":"Well Laid Plans","floor":44.0,"key":"SMITH"},{"floor":46.0,"key":"DIG"},{"floor":49.0,"key":"RECALL"},{"floor":53.0,"key":"DIG"}],"neow_cost":"NONE","seed_source_timestamp":663228424700,"circlet_count":0,"master_deck":["AscendersBane","Defend_G","Defend_G","Defend_G","Defend_G","Defend_G","Strike_G","Strike_G","Strike_G","Survivor","Neutralize+1","Crippling Poison+1","Backstab","Terror","Corpse Explosion+1","Deflect+1","Night Terror+1","Masterful Stab+1","Discovery+1","Leg Sweep+1","Deadly Poison+1","Wraith Form v2+1","Concentrate+1","Well Laid Plans+1","Impatience+1","Madness+1","Chrysalis+1","Acrobatics+1","Dark Shackles+1"],"special_seed":0,"relics":["Ring of the Snake","NeowsBlessing","Juzu Bracelet","Golden Idol","Sundial","Bag of Marbles","Oddly Smooth Stone","Art of War","Calling Bell","Boot","Toxic Egg 2","FossilizedHelix","Tiny Chest","Molten Egg 2","Orichalcum","FaceOfCleric","Coffee Dripper","Shovel","Peace Pipe","Unceasing Top","Dodecahedron","Centennial Puzzle","Mercury Hourglass","StoneCalendar"],"potions_floor_usage":[56],"damage_taken":[{"damage":0.0,"enemies":"2 Louse","floor":1.0,"turns":1.0},{"damage":0.0,"enemies":"3 Sentries","floor":6.0,"turns":2.0},{"damage":0.0,"enemies":"Lagavulin","floor":10.0,"turns":1.0},{"damage":0.0,"enemies":"Jaw Worm","floor":11.0,"turns":2.0},{"damage":0.0,"enemies":"Small Slimes","floor":12.0,"turns":2.0},{"damage":18.0,"enemies":"Gremlin Nob","floor":14.0,"turns":4.0},{"damage":0.0,"enemies":"The Guardian","floor":16.0,"turns":10.0},{"damage":19.0,"enemies":"2 Thieves","floor":18.0,"turns":5.0},{"damage":24.0,"enemies":"Spheric Guardian","floor":20.0,"turns":6.0},{"damage":5.0,"enemies":"Snecko","floor":22.0,"turns":7.0},{"damage":0.0,"enemies":"Chosen and Byrds","floor":24.0,"turns":4.0},{"damage":0.0,"enemies":"Centurion and Healer","floor":31.0,"turns":5.0},{"damage":27.0,"enemies":"Champ","floor":33.0,"turns":15.0},{"damage":0.0,"enemies":"Orb Walker","floor":35.0,"turns":4.0},{"damage":0.0,"enemies":"2 Orb Walkers","floor":38.0,"turns":3.0},{"damage":0.0,"enemies":"Giant Head","floor":41.0,"turns":13.0},{"damage":0.0,"enemies":"3 Shapes","floor":42.0,"turns":4.0},{"damage":12.0,"enemies":"Reptomancer","floor":45.0,"turns":8.0},{"damage":3.0,"enemies":"Writhing Mass","floor":48.0,"turns":7.0},{"damage":29.0,"enemies":"Donu and Deca","floor":50.0,"turns":19.0},{"damage":5.0,"enemies":"Awakened One","floor":51.0,"turns":18.0},{"damage":14.0,"enemies":"Shield and Spear","floor":55.0,"turns":8.0},{"damage":40,"enemies":"The Heart","floor":56,"turns":14}],"seed_played":"2363587998053894514","potions_obtained":[{"floor":1.0,"key":"AttackPotion"},{"floor":6.0,"key":"Weak Potion"},{"floor":11.0,"key":"Dexterity Potion"},{"floor":18.0,"key":"LiquidBronze"},{"floor":22.0,"key":"AttackPotion"},{"floor":24.0,"key":"Regen Potion"},{"floor":39.0,"key":"PowerPotion"},{"floor":41.0,"key":"SpeedPotion"}],"is_trial":false,"path_per_floor":["M","?","$","?","?","E","R","?","T","E","M","M","R","E","R","B",null,"M","$","M","$","M","R","M","R","T","?","?","?","?","M","R","B",null,"M","T","$","?","?","R","E","M","T","R","E","R","?","M","R","B","B",null,"R","$","E","B",null],"character_chosen":"THE_SILENT","items_purchased":["Juzu Bracelet","Tiny Chest","Discovery+1","Well Laid Plans","Acrobatics+1","Dark Shackles+1"],"campfire_rested":1,"item_purchase_floors":[3,19,21,37,54,54],"current_hp_per_floor":[59,59,59,52,52,52,52,57,57,57,57,57,57,39,39,39,59,40,40,16,16,11,30,30,30,30,30,30,30,30,45,45,19,53,54,54,54,55,55,55,56,57,57,57,46,46,36,34,34,6,2,55,55,55,42,3],"gold":72,"neow_bonus":"THREE_ENEMY_KILL","is_prod":false,"is_daily":false,"chose_seed":false,"campfire_upgraded":7,"win_rate":0,"timestamp":1551722440,"path_taken":["M","?","$","?","?","E","R","?","T","E","M","M","R","E","R","BOSS","M","$","M","$","M","R","M","R","T","?","?","?","?","M","R","BOSS","M","?","$","?","?","R","E","M","T","R","E","R","?","M","R","BOSS","BOSS","R","$","E","BOSS"],"build_version":"2019-01-23","purchased_purges":3,"victory":true,"max_hp_per_floor":[66,66,66,66,60,60,60,65,65,65,65,65,65,65,65,65,65,65,65,65,65,65,65,65,65,65,62,62,62,62,63,63,64,64,65,65,65,66,66,66,67,68,68,68,69,69,69,70,70,71,72,72,72,72,73,74],"card_choices":[{"not_picked":["Setup","Dodge and Roll"],"picked":"Crippling Poison","floor":1.0},{"not_picked":["Slice","Prepared"],"picked":"Backstab","floor":6.0},{"not_picked":["Caltrops","Underhanded Strike"],"picked":"Terror","floor":10.0},{"not_picked":["Prepared","Cloak And Dagger"],"picked":"Corpse Explosion","floor":11.0},{"not_picked":["Quick Slash","Dodge and Roll","Outmaneuver"],"picked":"SKIP","floor":12.0},{"not_picked":["Quick Slash","Dodge and Roll","Outmaneuver"],"picked":"SKIP","floor":12.0},{"not_picked":["Bane","Corpse Explosion"],"picked":"Deflect","floor":14.0},{"not_picked":["Doppelganger","Glass Knife"],"picked":"Night Terror","floor":16.0},{"not_picked":["Sucker Punch","Caltrops"],"picked":"Masterful Stab+1","floor":18.0},{"not_picked":["Dash","Slice","Sucker Punch"],"picked":"SKIP","floor":20.0},{"not_picked":["Envenom","Dagger Spray","All Out Attack"],"picked":"SKIP","floor":22.0},{"not_picked":["Caltrops","Quick Slash"],"picked":"Leg Sweep+1","floor":24.0},{"not_picked":["Bane+1","Dagger Throw+1"],"picked":"Deadly Poison+1","floor":31.0},{"not_picked":["Burst+1","After Image"],"picked":"Wraith Form v2","floor":33.0},{"not_picked":["Flying Knee+1","Blade Dance+1"],"picked":"Concentrate+1","floor":35.0},{"not_picked":["Dagger Spray+1","Bane+1","Sucker Punch+1"],"picked":"SKIP","floor":41.0},{"not_picked":["Underhanded Strike+1","Unload+1","Bane+1"],"picked":"SKIP","floor":42.0},{"not_picked":["All Out Attack+1","Deadly Poison+1","Flying Knee+1"],"picked":"SKIP","floor":45.0},{"not_picked":["Thinking Ahead+1","HandOfGreed+1"],"picked":"Impatience+1","floor":47.0},{"not_picked":["Dramatic Entrance+1","Transmutation+1"],"picked":"Madness+1","floor":47.0},{"not_picked":["Secret Weapon+1","Good Instincts+1"],"picked":"Chrysalis+1","floor":47.0},{"not_picked":["Deadly Poison+1","Dagger Throw+1","Eviscerate+1"],"picked":"SKIP","floor":48.0},{"not_picked":["Dodge and Roll+1","A Thousand Cuts","Bane+1"],"picked":"SKIP","floor":55.0}],"player_experience":2730758,"relics_obtained":[{"floor":6.0,"key":"Sundial"},{"floor":9.0,"key":"Bag of Marbles"},{"floor":10.0,"key":"Oddly Smooth Stone"},{"floor":14.0,"key":"Art of War"},{"floor":17.0,"key":"Boot"},{"floor":17.0,"key":"Toxic Egg 2"},{"floor":17.0,"key":"FossilizedHelix"},{"floor":26.0,"key":"Molten Egg 2"},{"floor":36.0,"key":"Shovel"},{"floor":38.0,"key":"Peace Pipe"},{"floor":41.0,"key":"Unceasing Top"},{"floor":45.0,"key":"Dodecahedron"},{"floor":46.0,"key":"Centennial Puzzle"},{"floor":53.0,"key":"Mercury Hourglass"},{"floor":55.0,"key":"StoneCalendar"}],"event_choices":[{"damage_healed":0.0,"max_hp_gain":0.0,"max_hp_loss":0.0,"gold_gain":150.0,"event_name":"Liars Game","player_choice":"AGREE","floor":2.0,"gold_loss":0.0,"damage_taken":0.0,"cards_obtained":["Doubt"]},{"cards_removed":["Strike_G"],"damage_healed":0.0,"max_hp_gain":0.0,"max_hp_loss":0.0,"gold_gain":0.0,"event_name":"Golden Wing","player_choice":"Card Removal","floor":4.0,"gold_loss":0.0,"damage_taken":7.0},{"damage_healed":0.0,"max_hp_gain":0.0,"max_hp_loss":6.0,"gold_gain":0.0,"event_name":"Golden Idol","player_choice":"Lose Max HP","floor":5.0,"gold_loss":0.0,"damage_taken":0.0,"relics_obtained":["Golden Idol"]},{"damage_healed":0.0,"max_hp_gain":5.0,"max_hp_loss":0.0,"gold_gain":0.0,"event_name":"Big Fish","player_choice":"Donut","floor":8.0,"gold_loss":0.0,"damage_taken":0.0},{"cards_removed":["Parasite","Clumsy"],"damage_healed":0.0,"max_hp_gain":0.0,"max_hp_loss":0.0,"gold_gain":0.0,"event_name":"Fountain of Cleansing","player_choice":"Removed Curses","floor":27.0,"gold_loss":0.0,"damage_taken":0.0},{"damage_healed":0.0,"max_hp_gain":0.0,"max_hp_loss":0.0,"gold_gain":50.0,"event_name":"Nest","player_choice":"Stole From Cult","floor":28.0,"gold_loss":0.0,"damage_taken":0.0},{"damage_healed":0.0,"max_hp_gain":0.0,"max_hp_loss":0.0,"gold_gain":0.0,"event_name":"Addict","player_choice":"Obtained Relic","floor":29.0,"gold_loss":85.0,"damage_taken":0.0,"relics_obtained":["Orichalcum"]},{"damage_healed":0.0,"max_hp_gain":0.0,"max_hp_loss":0.0,"gold_gain":0.0,"event_name":"FaceTrader","player_choice":"Trade","floor":30.0,"gold_loss":0.0,"damage_taken":0.0,"relics_obtained":["FaceOfCleric"]},{"damage_healed":0.0,"max_hp_gain":0.0,"max_hp_loss":0.0,"gold_gain":0.0,"event_name":"Mysterious Sphere","player_choice":"Fight","floor":38.0,"gold_loss":0.0,"damage_taken":0.0},{"damage_healed":0.0,"max_hp_gain":0.0,"max_hp_loss":0.0,"gold_gain":0.0,"event_name":"The Woman in Blue","player_choice":"Bought 1 Potion","floor":39.0,"gold_loss":0.0,"damage_taken":0.0},{"damage_healed":0.0,"max_hp_gain":0.0,"max_hp_loss":0.0,"gold_gain":0.0,"event_name":"SensoryStone","player_choice":"Memory 3","floor":47.0,"gold_loss":0.0,"damage_taken":10.0}],"is_beta":false,"boss_relics":[{"not_picked":["Busted Crown","Philosopher\u0027s Stone"],"picked":"Calling Bell"},{"not_picked":["Tiny House","Fusion Hammer"],"picked":"Coffee Dripper"}],"items_purged_floors":[3,19,37],"is_endless":false,"potions_floor_spawned":[1,6,11,12,18,22,24,41,42],"ascension_level":20}