{"gold_per_floor":[118,138,138,9,24,24,59,59,84,104,104,104,119,135,135,135],"floor_reached":16,"playtime":724,"items_purged":["Strike_G"],"score":204,"play_id":"1e81e908-caa8-4ace-8247-cd1263b9e7c0","local_time":"20190309171040","is_ascension_mode":true,"campfire_choices":[{"data":"All Out Attack","floor":6.0,"key":"SMITH"},{"data":"Acrobatics","floor":8.0,"key":"SMITH"},{"data":"Concentrate","floor":12.0,"key":"SMITH"},{"data":"Underhanded Strike","floor":15.0,"key":"SMITH"}],"neow_cost":"NONE","seed_source_timestamp":5918478085200,"circlet_count":0,"master_deck":["AscendersBane","Defend_G","Defend_G","Defend_G","Defend_G","Defend_G","Strike_G","Strike_G","Strike_G","Survivor","Neutralize","Backflip","Concentrate+1","Acrobatics+1","Underhanded Strike+1","All Out Attack+1","Escape Plan","Well Laid Plans","Terror"],"special_seed":0,"relics":["Orrery","Smiling Mask","Strawberry"],"potions_floor_usage":[],"damage_taken":[{"damage":6.0,"enemies":"Small Slimes","floor":1.0,"turns":5.0},{"damage":0.0,"enemies":"2 Louse","floor":2.0,"turns":4.0},{"damage":3.0,"enemies":"Cultist","floor":5.0,"turns":4.0},{"damage":2.0,"enemies":"Lagavulin","floor":7.0,"turns":5.0},{"damage":9.0,"enemies":"3 Louse","floor":10.0,"turns":3.0},{"damage":0.0,"enemies":"2 Fungi Beasts","floor":13.0,"turns":3.0},{"damage":0.0,"enemies":"Lots of Slimes","floor":14.0,"turns":1.0},{"damage":50,"enemies":"Slime Boss","floor":16,"turns":7}],"seed_played":"-5053007122797645774","potions_obtained":[{"floor":1.0,"key":"FearPotion"}],"is_trial":false,"path_per_floor":["M","M","?","$","M","R","E","R","T","M","?","R","M","M","R","B"],"character_chosen":"THE_SILENT","items_purchased":["AttackPotion"],"campfire_rested":0,"item_purchase_floors":[4],"current_hp_per_floor":[53,53,53,53,50,50,48,48,55,46,46,46,46,46,46,0],"gold":135,"neow_bonus":"BOSS_RELIC","is_prod":false,"is_daily":false,"chose_seed":false,"campfire_upgraded":4,"win_rate":0,"timestamp":1552122640,"path_taken":["M","M","?","$","M","R","E","R","T","M","?","R","M","?","R","BOSS"],"build_version":"2019-01-23","purchased_purges":1,"victory":false,"max_hp_per_floor":[66,66,66,66,66,66,66,66,73,73,73,73,73,73,73,73],"card_choices":[{"not_picked":["Distraction","Deadly Poison"],"picked":"Backflip","floor":0.0},{"not_picked":["Riddle With Holes","Poisoned Stab"],"picked":"Concentrate","floor":0.0},{"not_picked":["Prepared","Well Laid Plans"],"picked":"Acrobatics","floor":0.0},{"not_picked":["Cloak And Dagger","Dagger Throw"],"picked":"Underhanded Strike","floor":0.0},{"not_picked":["Leg Sweep","Flying Knee"],"picked":"All Out Attack","floor":1.0},{"not_picked":["Sucker Punch","PiercingWail"],"picked":"Escape Plan","floor":2.0},{"not_picked":["Masterful Stab","Prepared","Deadly Poison"],"picked":"SKIP","floor":5.0},{"not_picked":["Dagger Spray","Blur","Storm of Steel"],"picked":"SKIP","floor":7.0},{"not_picked":["Infinite Blades","Accuracy","Flying Knee"],"picked":"SKIP","floor":10.0},{"not_picked":["Infinite Blades","Accuracy","Flying Knee"],"picked":"SKIP","floor":10.0},{"not_picked":["Slice","Deadly Poison"],"picked":"Well Laid Plans","floor":13.0},{"not_picked":["Outmaneuver","Slice"],"picked":"Terror","floor":14.0}],"player_experience":2762192,"relics_obtained":[{"floor":7.0,"key":"Smiling Mask"},{"floor":9.0,"key":"Strawberry"}],"event_choices":[{"damage_healed":0.0,"max_hp_gain":0.0,"max_hp_loss":0.0,"gold_gain":0.0,"event_name":"Liars Game","player_choice":"Ignored","floor":3.0,"gold_loss":0.0,"damage_taken":0.0},{"cards_removed":["Strike_G"],"damage_healed":0.0,"max_hp_gain":0.0,"max_hp_loss":0.0,"gold_gain":0.0,"event_name":"Bonfire Elementals","player_choice":"Offered Basic","floor":11.0,"gold_loss":0.0,"damage_taken":0.0}],"is_beta":false,"boss_relics":[],"items_purged_floors":[4],"is_endless":false,"potions_floor_spawned":[1],"killed_by":"Slime Boss","ascension_level":20}