{"gold_per_floor":[363,363,87,101,111,111,180,180,180,213,213,232,261,182,182,253,253,264,264,276,276,476,476,511,511,511,546,156,174,191,35,35,108,108,127,141,193,206,91,91,123,123,204,218,218,15,15,30,30,30],"floor_reached":51,"playtime":2273,"items_purged":["Parasite","Strike_R","Strike_R"],"score":1274,"play_id":"7ef03f2a-2c4a-463d-b4fe-d7f7070d5f0e","local_time":"20181016225818","is_ascension_mode":true,"campfire_choices":[{"data":"True Grit","floor":6.0,"key":"SMITH"},{"data":"Bash","floor":8.0,"key":"SMITH"},{"data":"Armaments","floor":11.0,"key":"SMITH"},{"data":"Inflame","floor":15.0,"key":"SMITH"},{"data":"Immolate","floor":23.0,"key":"SMITH"},{"floor":25.0,"key":"REST"},{"data":"True Grit","floor":32.0,"key":"SMITH"},{"data":"Demon Form","floor":40,"key":"SMITH"},{"data":"Uppercut","floor":45,"key":"SMITH"},{"data":"Feel No Pain","floor":47,"key":"SMITH"},{"floor":49,"key":"REST"}],"neow_cost":"CURSE","seed_source_timestamp":53431543533510,"circlet_count":0,"master_deck":["Strike_R","Strike_R","Defend_R","Defend_R","Defend_R","Defend_R","Bash+1","AscendersBane","Clothesline","True Grit+1","Feel No Pain+1","Headbutt","Reckless Charge","Armaments+1","True Grit+1","Twin Strike","Inflame+1","Immolate+1","Spot Weakness+1","Infernal Blade+1","Fiend Fire","Discovery+1","Flame Barrier+1","Metallicize","Shockwave+1","Demon Form+1","Havoc+1","Shrug It Off+1","Uppercut+1","Offering+1","Exhume+1","Power Through+1","Flame Barrier+1","Blind+1","Finesse+1","Twin Strike+1"],"special_seed":0,"relics":["Burning Blood","Pen Nib","Membership Card","The Courier","Matryoshka","Oddly Smooth Stone","Black Star","Darkstone Periapt","Toxic Egg 2","Meat on the Bone","Smiling Mask","Art of War","Omamori","Potion Belt","Bronze Scales","Bird Faced Urn","Lee\u0027s Waffle","Snecko Eye","Peace Pipe","Happy Flower","Lantern","Centennial Puzzle","PreservedInsect","Letter Opener"],"potions_floor_usage":[41,50,50,50,50],"damage_taken":[{"damage":1.0,"enemies":"Cultist","floor":1.0,"turns":3.0},{"damage":8.0,"enemies":"Jaw Worm","floor":4.0,"turns":4.0},{"damage":0.0,"enemies":"2 Louse","floor":5.0,"turns":3.0},{"damage":28.0,"enemies":"3 Sentries","floor":10.0,"turns":10.0},{"damage":1.0,"enemies":"Red Slaver","floor":12.0,"turns":4.0},{"damage":14.0,"enemies":"Lagavulin","floor":13.0,"turns":9.0},{"damage":36.0,"enemies":"The Guardian","floor":16.0,"turns":10.0},{"damage":6.0,"enemies":"Chosen","floor":18.0,"turns":5.0},{"damage":16.0,"enemies":"2 Thieves","floor":20.0,"turns":4.0},{"damage":49.0,"enemies":"Gremlin Leader","floor":24.0,"turns":9.0},{"damage":37.0,"enemies":"Book of Stabbing","floor":27.0,"turns":5.0},{"damage":21.0,"enemies":"3 Cultists","floor":29.0,"turns":5.0},{"damage":22.0,"enemies":"Snecko","floor":30.0,"turns":6.0},{"damage":32.0,"enemies":"Champ","floor":33.0,"turns":10.0},{"damage":0.0,"enemies":"3 Darklings","floor":35.0,"turns":1.0},{"damage":3.0,"enemies":"3 Shapes","floor":36.0,"turns":6.0},{"damage":18,"enemies":"Mysterious Sphere","floor":37,"turns":6},{"damage":2,"enemies":"Maw","floor":38,"turns":8},{"damage":24,"enemies":"2 Orb Walkers","floor":41,"turns":3},{"damage":21,"enemies":"3 Darklings","floor":44,"turns":3},{"damage":1,"enemies":"Spire Growth","floor":48,"turns":3},{"damage":35,"enemies":"Donu and Deca","floor":50,"turns":8}],"seed_played":"5742781282685847905","potions_obtained":[{"floor":4.0,"key":"AttackPotion"},{"floor":12.0,"key":"AttackPotion"},{"floor":13.0,"key":"EntropicBrew"},{"floor":20.0,"key":"Fruit Juice"},{"floor":27.0,"key":"FearPotion"},{"floor":29.0,"key":"BloodPotion"},{"floor":35.0,"key":"Fire Potion"},{"floor":36.0,"key":"SkillPotion"},{"floor":41,"key":"PowerPotion"},{"floor":48,"key":"Strength Potion"}],"is_trial":false,"path_per_floor":["M","T","$","M","M","R","?","R","T","E","R","M","E","$","R","B",null,"M","?","M","?","?","R","E","R","T","E","$","M","M","$","R","B",null,"M","M","?","M","$","R","E","?","T","M","R","$","R","M","R","B"],"character_chosen":"IRONCLAD","items_purchased":["Membership Card","True Grit","Feel No Pain","Inflame","Potion Belt","SkillPotion","Fiend Fire","Discovery+1","Bronze Scales","Bird Faced Urn","BloodPotion","Shockwave+1","Strength Potion","PowerPotion","Lee\u0027s Waffle","Happy Flower","Offering+1","Power Through+1","Flame Barrier+1","LiquidBronze","Blind+1","Finesse+1"],"campfire_rested":2,"item_purchase_floors":[3,3,3,14,28,28,28,28,28,28,28,31,31,31,31,39,39,46,46,46,46,46],"current_hp_per_floor":[73,73,72,70,72,72,72,72,72,50,50,55,47,47,47,17,58,58,58,48,48,53,53,17,40,40,21,21,27,25,84,84,60,78,84,84,76,84,84,84,70,70,70,57,57,57,57,64,84,61],"gold":30,"neow_bonus":"TWO_FIFTY_GOLD","is_prod":false,"is_daily":false,"chose_seed":false,"campfire_upgraded":9,"win_rate":0,"timestamp":1539755898,"path_taken":["M","?","$","M","M","R","?","R","T","E","R","M","E","$","R","BOSS","M","?","M","?","?","R","E","R","T","E","$","M","M","$","R","BOSS","M","M","?","M","$","R","E","?","T","M","R","$","R","M","R","BOSS"],"build_version":"2018-10-11","purchased_purges":3,"victory":true,"max_hp_per_floor":[75,75,72,72,72,72,72,72,72,72,72,72,72,72,72,72,72,72,72,72,72,77,77,77,77,77,77,77,77,77,84,84,84,84,84,84,84,84,84,84,84,84,84,84,84,84,84,84,84,84],"card_choices":[{"not_picked":["Armaments","Flex"],"picked":"Clothesline","floor":1.0},{"not_picked":["Dropkick","Carnage"],"picked":"Headbutt","floor":4.0},{"not_picked":["Whirlwind","Evolve"],"picked":"Reckless Charge","floor":5.0},{"not_picked":["Evolve","Warcry"],"picked":"Armaments","floor":10.0},{"not_picked":["Thunderclap","Rupture"],"picked":"True Grit","floor":12.0},{"not_picked":["Havoc","Bloodletting"],"picked":"Twin Strike","floor":13.0},{"not_picked":["Barricade","Juggernaut"],"picked":"Immolate","floor":16.0},{"not_picked":["True Grit","Cleave+1","Armaments"],"picked":"SKIP","floor":18.0},{"not_picked":["Entrench","True Grit","Inflame"],"picked":"SKIP","floor":20.0},{"not_picked":["Searing Blow","Bloodletting"],"picked":"Spot Weakness","floor":24.0},{"not_picked":["Clash","Brutality"],"picked":"Infernal Blade+1","floor":27.0},{"not_picked":["Inflame","Flex+1"],"picked":"Flame Barrier+1","floor":29.0},{"not_picked":["Perfected Strike","Body Slam"],"picked":"Metallicize","floor":30.0},{"not_picked":["Brutality","Dark Embrace"],"picked":"Demon Form","floor":33.0},{"not_picked":["Rage+1","Dual Wield+1"],"picked":"Havoc+1","floor":35.0},{"not_picked":["Power Through+1","Heavy Blade"],"picked":"Shrug It Off+1","floor":36.0},{"not_picked":["Flex+1","Warcry+1"],"picked":"Uppercut","floor":37},{"not_picked":["Headbutt","Cleave","Clothesline"],"picked":"SKIP","floor":38},{"not_picked":["Sword Boomerang","Pommel Strike"],"picked":"Exhume+1","floor":41},{"not_picked":["Intimidate+1","Armaments+1","Wild Strike"],"picked":"SKIP","floor":44},{"not_picked":["Armaments+1","Havoc+1"],"picked":"Twin Strike+1","floor":48}],"player_experience":1372764,"relics_obtained":[{"floor":2.0,"key":"Pen Nib"},{"floor":9.0,"key":"The Courier"},{"floor":10.0,"key":"Matryoshka"},{"floor":13.0,"key":"Oddly Smooth Stone"},{"floor":24.0,"key":"Darkstone Periapt"},{"floor":24.0,"key":"Toxic Egg 2"},{"floor":26.0,"key":"Meat on the Bone"},{"floor":26.0,"key":"Smiling Mask"},{"floor":27.0,"key":"Art of War"},{"floor":27.0,"key":"Omamori"},{"floor":37,"key":"Peace Pipe"},{"floor":41,"key":"Lantern"},{"floor":41,"key":"Centennial Puzzle"},{"floor":43,"key":"PreservedInsect"},{"floor":43,"key":"Letter Opener"}],"event_choices":[{"event_name":"Golden Wing","player_choice":"Gained Gold","floor":7.0,"damage_taken":0.0},{"event_name":"Wheel of Change","player_choice":"Card Removal","floor":19.0,"damage_taken":0.0},{"event_name":"Vampires","player_choice":"Ignored","floor":21.0,"damage_taken":0.0},{"event_name":"Wheel of Change","player_choice":"Gold","floor":22.0,"damage_taken":0.0},{"event_name":"Mysterious Sphere","player_choice":"Fight","floor":37,"damage_taken":0},{"event_name":"SensoryStone","player_choice":"Memory 1","floor":42,"damage_taken":0}],"is_beta":false,"boss_relics":[{"not_picked":["Philosopher\u0027s Stone","Ectoplasm"],"picked":"Black Star"},{"not_picked":["Runic Pyramid","Pandora\u0027s Box"],"picked":"Snecko Eye"}],"items_purged_floors":[3,14,46],"is_endless":false,"potions_floor_spawned":[4,12,13,16,20,27,29,35,36,41,48],"ascension_level":15}