{"gold_per_floor":[119,119,138,198,273,273,273,273,273,306,321,58,58,74,74,145,145,158,158,158,158,4,4],"floor_reached":23,"playtime":575,"items_purged":["Strike_R"],"score":370,"play_id":"7589f33e-f70f-41f1-82c2-86c9d0e203e4","local_time":"20181008194103","is_ascension_mode":true,"campfire_choices":[{"data":"Armaments","floor":6.0,"key":"SMITH"},{"data":"Bash","floor":8.0,"key":"SMITH"},{"data":"Anger","floor":13,"key":"SMITH"},{"data":"True Grit","floor":15,"key":"SMITH"}],"neow_cost":"NONE","seed_source_timestamp":43119866046079,"circlet_count":0,"master_deck":["Strike_R","Strike_R","Strike_R","Defend_R","Defend_R","Defend_R","Defend_R","Bash+1","AscendersBane","Twin Strike","Rage","Heavy Blade","Armaments+1","Anger+1","Flame Barrier","True Grit+1","Immolate","Shrug It Off","Decay","J.A.X.","Intimidate"],"special_seed":0,"relics":["Burning Blood","Ancient Tea Set","Pen Nib","PreservedInsect","Eternal Feather"],"potions_floor_usage":[11,16,21],"damage_taken":[{"damage":3.0,"enemies":"2 Louse","floor":1.0,"turns":4.0},{"damage":6.0,"enemies":"Cultist","floor":3.0,"turns":3.0},{"damage":56,"enemies":"Gremlin Nob","floor":10,"turns":5},{"damage":1,"enemies":"Jaw Worm","floor":11,"turns":4},{"damage":0,"enemies":"Blue Slaver","floor":14,"turns":2},{"damage":6,"enemies":"The Guardian","floor":16,"turns":14},{"damage":40,"enemies":"3 Byrds","floor":18,"turns":5},{"damage":32,"enemies":"Colosseum Slavers","floor":21,"turns":5},{"damage":15,"enemies":"Gremlin Leader","floor":23,"turns":2}],"seed_played":"-2152035340651981844","potions_obtained":[{"floor":10,"key":"Regen Potion"},{"floor":11,"key":"Regen Potion"},{"floor":16,"key":"Poison Potion"},{"floor":18,"key":"Ancient Potion"}],"is_trial":false,"path_per_floor":["M","?","M","?","?","R","?","R","T","E","M","$","R","M","R","B",null,"M","?","?","?","$"],"character_chosen":"IRONCLAD","items_purchased":["Flame Barrier","PreservedInsect","Intimidate"],"campfire_rested":0,"item_purchase_floors":[12,12,22],"current_hp_per_floor":[71,71,71,71,60,60,65,65,65,15,32,32,32,38,38,53,73,39,39,39,13,13,0],"gold":4,"neow_bonus":"THREE_CARDS","is_prod":false,"is_daily":false,"chose_seed":false,"campfire_upgraded":4,"win_rate":0,"timestamp":1539052863,"path_taken":["M","?","M","?","?","R","?","R","T","E","M","$","R","M","R","BOSS","M","?","?","?","$","E"],"build_version":"2018-10-04v2","purchased_purges":1,"victory":false,"max_hp_per_floor":[75,75,75,75,75,75,80,80,80,80,80,80,80,80,80,80,80,80,80,80,80,80,80],"card_choices":[{"not_picked":["Headbutt","Warcry"],"picked":"Twin Strike","floor":0.0},{"not_picked":["Havoc","Body Slam"],"picked":"Rage","floor":1.0},{"not_picked":["Warcry","Seeing Red"],"picked":"Armaments","floor":3.0},{"not_picked":["Sentinel","Barricade"],"picked":"Anger","floor":10},{"not_picked":["Armaments","Iron Wave","Headbutt"],"picked":"SKIP","floor":11},{"not_picked":["Body Slam","Evolve"],"picked":"True Grit","floor":14},{"not_picked":["Offering","Bludgeon"],"picked":"Immolate","floor":16},{"not_picked":["Power Through","Body Slam"],"picked":"Shrug It Off","floor":18}],"player_experience":1306652,"relics_obtained":[{"floor":9.0,"key":"Ancient Tea Set"},{"floor":10,"key":"Pen Nib"}],"event_choices":[{"event_name":"Transmorgrifier","player_choice":"Transform","floor":2.0,"damage_taken":0.0},{"event_name":"Golden Wing","player_choice":"Gained Gold","floor":4.0,"damage_taken":0.0},{"event_name":"World of Goop","player_choice":"Gather Gold","floor":5.0,"damage_taken":0.0},{"event_name":"Big Fish","player_choice":"Donut","floor":7.0,"damage_taken":0.0},{"event_name":"Forgotten Altar","player_choice":"Smashed Altar","floor":19,"damage_taken":0},{"event_name":"Drug Dealer","player_choice":"Got JAX","floor":20,"damage_taken":0},{"event_name":"Colosseum","player_choice":"Fight","floor":21,"damage_taken":0},{"event_name":"Colosseum","player_choice":"Fled From Nobs","floor":21,"damage_taken":0}],"is_beta":false,"boss_relics":[{"not_picked":["Runic Cube","White Beast Statue"],"picked":"Eternal Feather"}],"items_purged_floors":[22],"is_endless":false,"potions_floor_spawned":[10,11,16,18,21],"killed_by":"Gremlin Leader","ascension_level":20}