{"gold_per_floor":[112,127,127,127,2,2,34,34,34,46,46,76,135,169,169,265,265,276,191,191,116,134,134,160,171,171,171,204,215,115,125,125,229,229,242,287,306,306,134,159,171,271,296,316,341,341,95,123,123,123,123,123,123,149,149],"floor_reached":56,"playtime":3852,"items_purged":["Strike_B","Ball Lightning","Pain","Dualcast"],"score":1707,"play_id":"8ecd2522-ee2f-4bfd-abf8-6504adc51fb9","local_time":"20190314164720","is_ascension_mode":true,"campfire_choices":[{"data":"Zap","floor":6.0,"key":"SMITH"},{"data":"Coolheaded","floor":8.0,"key":"SMITH"},{"data":"Defragment","floor":15.0,"key":"SMITH"},{"data":"Defragment","floor":23.0,"key":"SMITH"},{"data":"Heatsinks","floor":32.0,"key":"SMITH"},{"floor":46,"key":"DIG"},{"floor":49,"key":"RECALL"},{"data":"Deep Breath","floor":52,"key":"SMITH"}],"neow_cost":"NONE","seed_source_timestamp":0,"circlet_count":0,"master_deck":["Zap+1","Coolheaded+1","Beam Cell+1","Recycle","Defragment+1","Compile Driver","Core Surge","Steam Power+1","Conserve Battery+1","Conserve Battery+1","Defragment+1","Sunder","Heatsinks+1","Coolheaded","Creative AI","Echo Form","Defragment+1","Turbo","Deep Breath+1"],"special_seed":0,"relics":["Cracked Core","NeowsBlessing","Ancient Tea Set","Ice Cream","Dream Catcher","War Paint","PreservedInsect","Astrolabe","Dodecahedron","Meat on the Bone","Bird Faced Urn","Shovel","Mummified Hand","Empty Cage","Girya","WarpedTongs","Pear","Emotion Chip","FossilizedHelix","Incense Burner","Unceasing Top"],"potions_floor_usage":[55,55,55],"damage_taken":[{"damage":0.0,"enemies":"2 Louse","floor":1.0,"turns":1.0},{"damage":0.0,"enemies":"Small Slimes","floor":2.0,"turns":1.0},{"damage":0.0,"enemies":"3 Sentries","floor":7.0,"turns":1.0},{"damage":0.0,"enemies":"Jaw Worm","floor":10.0,"turns":2.0},{"damage":0.0,"enemies":"Lagavulin","floor":12.0,"turns":5.0},{"damage":15.0,"enemies":"3 Sentries","floor":13.0,"turns":6.0},{"damage":0.0,"enemies":"Gremlin Nob","floor":14.0,"turns":3.0},{"damage":0.0,"enemies":"Slime Boss","floor":16.0,"turns":6.0},{"damage":0.0,"enemies":"Chosen","floor":18.0,"turns":3.0},{"damage":2.0,"enemies":"Spheric Guardian","floor":22.0,"turns":4.0},{"damage":6.0,"enemies":"Slavers","floor":24.0,"turns":3.0},{"damage":5.0,"enemies":"Snake Plant","floor":25.0,"turns":3.0},{"damage":0.0,"enemies":"Book of Stabbing","floor":28.0,"turns":4.0},{"damage":3.0,"enemies":"Sentry and Sphere","floor":29.0,"turns":4.0},{"damage":0.0,"enemies":"3 Cultists","floor":31.0,"turns":5.0},{"damage":0.0,"enemies":"Champ","floor":33.0,"turns":7.0},{"damage":13.0,"enemies":"3 Shapes","floor":35.0,"turns":3.0},{"damage":36.0,"enemies":"2 Orb Walkers","floor":36.0,"turns":6.0},{"damage":1.0,"enemies":"3 Darklings","floor":37.0,"turns":5.0},{"damage":3.0,"enemies":"Giant Head","floor":40.0,"turns":4.0},{"damage":0.0,"enemies":"Writhing Mass","floor":41.0,"turns":4.0},{"damage":0.0,"enemies":"Mind Bloom Boss Battle","floor":42.0,"turns":3.0},{"damage":10.0,"enemies":"4 Shapes","floor":44.0,"turns":3.0},{"damage":0,"enemies":"Nemesis","floor":45,"turns":5},{"damage":0,"enemies":"Giant Head","floor":48,"turns":3},{"damage":0,"enemies":"Donu and Deca","floor":50,"turns":6},{"damage":0,"enemies":"Shield and Spear","floor":54,"turns":6},{"damage":13,"enemies":"The Heart","floor":55,"turns":6}],"seed_played":"-9106288275025393719","potions_obtained":[{"floor":2.0,"key":"SkillPotion"},{"floor":14.0,"key":"Swift Potion"},{"floor":16.0,"key":"LiquidBronze"},{"floor":18.0,"key":"GamblersBrew"},{"floor":29.0,"key":"SkillPotion"},{"floor":31.0,"key":"FocusPotion"},{"floor":35.0,"key":"Explosive Potion"},{"floor":45,"key":"PowerPotion"},{"floor":48,"key":"FocusPotion"}],"is_trial":false,"path_per_floor":["M","M","?","?","$","R","E","R","T","M","?","E","?","E","R","B",null,"M","?","?","?","M","R","E","M","T","T","E","M","$","M","R","B",null,"M","?","M","?","$","E","M","?","T","M","E","R","$","E","R","B",null,"R","$","E","B",null],"character_chosen":"DEFECT","items_purchased":["Ball Lightning","Turbo","Deep Breath"],"campfire_rested":0,"item_purchase_floors":[5,39,47],"current_hp_per_floor":[75,75,68,53,53,53,53,53,53,53,58,58,43,43,43,43,80,80,80,80,80,78,78,72,67,67,67,73,80,80,80,80,80,80,79,62,80,80,80,90,90,90,90,90,90,90,90,90,90,90,90,90,90,90,90],"gold":149,"neow_bonus":"THREE_ENEMY_KILL","is_prod":false,"is_daily":false,"chose_seed":false,"campfire_upgraded":6,"win_rate":0,"timestamp":1552553240,"path_taken":["M","M","?","?","$","R","E","R","T","M","?","E","?","E","R","BOSS","M","?","?","?","?","R","E","M","T","?","E","M","$","M","R","BOSS","M","?","M","?","$","E","?","?","T","M","E","R","$","E","R","BOSS","R","$","E","BOSS"],"build_version":"2019-01-23","purchased_purges":4,"victory":true,"max_hp_per_floor":[75,75,75,75,75,75,75,75,75,75,80,80,80,80,80,80,80,80,80,80,80,80,80,80,80,80,80,80,80,80,80,80,80,80,80,80,80,80,80,90,90,90,90,90,90,90,90,90,90,90,90,90,90,90,90],"card_choices":[{"not_picked":["Go for the Eyes","Hello World"],"picked":"Coolheaded","floor":1.0},{"not_picked":["Conserve Battery","Stack"],"picked":"Beam Cell","floor":2.0},{"not_picked":["Hello World","Sweeping Beam"],"picked":"Recycle","floor":7.0},{"not_picked":["Lockon","Auto Shields","Steam"],"picked":"SKIP","floor":10.0},{"not_picked":["Lockon","Auto Shields","Steam"],"picked":"SKIP","floor":10.0},{"not_picked":["Hologram","Machine Learning"],"picked":"Defragment","floor":12.0},{"not_picked":["Compile Driver","Stack","Static Discharge"],"picked":"SKIP","floor":14.0},{"not_picked":["Stack","Static Discharge"],"picked":"Compile Driver","floor":14.0},{"not_picked":["Rainbow","Amplify"],"picked":"Core Surge","floor":16.0},{"not_picked":["Conserve Battery","Barrage"],"picked":"Defragment","floor":18.0},{"not_picked":["Leap","Redo"],"picked":"Sunder","floor":22.0},{"not_picked":["Skim","Self Repair"],"picked":"Heatsinks","floor":24.0},{"not_picked":["Chill","Beam Cell"],"picked":"Coolheaded","floor":25.0},{"not_picked":["Barrage","Melter"],"picked":"Creative AI","floor":28.0},{"not_picked":["Reinforced Body","White Noise","Steam Power"],"picked":"SKIP","floor":29.0},{"not_picked":["Streamline+1","Gash","Reinforced Body"],"picked":"SKIP","floor":31.0},{"not_picked":["Biased Cognition","Core Surge"],"picked":"Echo Form","floor":33.0},{"not_picked":["Stack","Leap+1","FTL+1"],"picked":"SKIP","floor":35.0},{"not_picked":["Cold Snap","Compile Driver+1"],"picked":"Defragment+1","floor":36.0},{"not_picked":["Steam+1","Force Field","Lockon+1"],"picked":"SKIP","floor":37.0},{"not_picked":["Steam+1","Force Field","Lockon+1"],"picked":"SKIP","floor":37.0},{"not_picked":["Streamline","Core Surge","Conserve Battery+1"],"picked":"SKIP","floor":40.0},{"not_picked":["Streamline","Darkness+1","Tempest"],"picked":"SKIP","floor":41.0},{"not_picked":["Doom and Gloom+1","Stack","Undo"],"picked":"SKIP","floor":44.0},{"not_picked":["Hello World","Reinforced Body","Tempest"],"picked":"SKIP","floor":45},{"not_picked":["Hyperbeam","Rebound","Steam"],"picked":"SKIP","floor":48},{"not_picked":["Streamline","Stack","Buffer"],"picked":"SKIP","floor":54}],"player_experience":2827297,"relics_obtained":[{"floor":7.0,"key":"Ancient Tea Set"},{"floor":9.0,"key":"Ice Cream"},{"floor":12.0,"key":"Dream Catcher"},{"floor":13.0,"key":"War Paint"},{"floor":14.0,"key":"PreservedInsect"},{"floor":24.0,"key":"Meat on the Bone"},{"floor":26.0,"key":"Bird Faced Urn"},{"floor":27.0,"key":"Shovel"},{"floor":28.0,"key":"Mummified Hand"},{"floor":36.0,"key":"Girya"},{"floor":40.0,"key":"Pear"},{"floor":42.0,"key":"Emotion Chip"},{"floor":45,"key":"FossilizedHelix"},{"floor":46,"key":"Incense Burner"},{"floor":48,"key":"Unceasing Top"}],"event_choices":[{"cards_removed":["Strike_B"],"damage_healed":0.0,"max_hp_gain":0.0,"max_hp_loss":0.0,"gold_gain":0.0,"event_name":"Golden Wing","player_choice":"Card Removal","floor":3.0,"gold_loss":0.0,"damage_taken":7.0},{"damage_healed":0.0,"max_hp_gain":0.0,"max_hp_loss":0.0,"gold_gain":0.0,"event_name":"Shining Light","player_choice":"Entered Light","floor":4.0,"gold_loss":0.0,"damage_taken":15.0,"cards_upgraded":["Beam Cell","Strike_B"]},{"damage_healed":0.0,"max_hp_gain":5.0,"max_hp_loss":0.0,"gold_gain":0.0,"event_name":"Big Fish","player_choice":"Donut","floor":11.0,"gold_loss":0.0,"damage_taken":0.0},{"damage_healed":0.0,"max_hp_gain":0.0,"max_hp_loss":0.0,"gold_gain":30.0,"event_name":"Dead Adventurer","player_choice":"Searched \u00273\u0027 times","floor":13.0,"gold_loss":0.0,"damage_taken":0.0},{"damage_healed":0.0,"max_hp_gain":0.0,"max_hp_loss":0.0,"gold_gain":0.0,"event_name":"Addict","player_choice":"Obtained Relic","floor":19.0,"gold_loss":85.0,"damage_taken":0.0,"relics_obtained":["Dodecahedron"]},{"damage_healed":0.0,"max_hp_gain":0.0,"max_hp_loss":0.0,"gold_gain":0.0,"event_name":"Cursed Tome","player_choice":"Ignored","floor":20.0,"gold_loss":0.0,"damage_taken":0.0},{"cards_removed":["Defend_B"],"damage_healed":0.0,"max_hp_gain":0.0,"max_hp_loss":0.0,"gold_gain":0.0,"event_name":"Beggar","player_choice":"Gave Gold","floor":21.0,"gold_loss":75.0,"damage_taken":0.0},{"damage_healed":0.0,"max_hp_gain":0.0,"max_hp_loss":0.0,"gold_gain":0.0,"event_name":"Mysterious Sphere","player_choice":"Fight","floor":36.0,"gold_loss":0.0,"damage_taken":0.0},{"damage_healed":0.0,"max_hp_gain":0.0,"max_hp_loss":0.0,"gold_gain":0.0,"event_name":"Accursed Blacksmith","player_choice":"Rummage","floor":38.0,"gold_loss":0.0,"damage_taken":0.0,"relics_obtained":["WarpedTongs"],"cards_obtained":["Pain"]},{"damage_healed":0.0,"max_hp_gain":0.0,"max_hp_loss":0.0,"gold_gain":0.0,"event_name":"MindBloom","player_choice":"Fight","floor":42.0,"gold_loss":0.0,"damage_taken":0.0}],"is_beta":false,"boss_relics":[{"not_picked":["Fusion Hammer","Runic Dome"],"picked":"Astrolabe"},{"not_picked":["Velvet Choker","Tiny House"],"picked":"Empty Cage"}],"items_purged_floors":[5,30,39,47],"is_endless":false,"potions_floor_spawned":[2,14,16,18,22,29,31,35,37,40,45,48,54],"ascension_level":1}