{"gold_per_floor":[114,114,114,127,143,168,168,168,195,7,7,39,39,73,73,148,148,159,159,173,173,20,20,37,65,88,102,129,141,16,16,16,89,89,100,116,116,41,60,60,79,79,79,79,92,127,227,259,259,259],"floor_reached":51,"playtime":2422,"items_purged":["Strike_G","Strike_G","Parasite"],"score":1432,"play_id":"ff2f6e2e-a275-4b48-9f09-724779624e1e","local_time":"20190109165131","is_ascension_mode":true,"campfire_choices":[{"data":"Footwork","floor":7.0,"key":"SMITH"},{"data":"Poisoned Stab","floor":13,"key":"SMITH"},{"data":"Crippling Poison","floor":15,"key":"SMITH"},{"floor":23,"key":"REST"},{"floor":32,"key":"REST"},{"data":"Footwork","floor":40,"key":"SMITH"},{"floor":42,"key":"REST"},{"floor":44,"key":"REST"},{"floor":49,"key":"REST"}],"neow_cost":"NONE","seed_source_timestamp":29508296303860,"circlet_count":0,"master_deck":["AscendersBane","Survivor","Neutralize+1","Cloak And Dagger","Backflip","Poisoned Stab+1","Footwork+1","Blur","Dash","Backflip","Crippling Poison+1","Glass Knife+1","Poisoned Stab+1","Backstab+1","Outmaneuver","PiercingWail","Dodge and Roll","Dagger Spray+1","PiercingWail","PiercingWail","Cloak And Dagger","Die Die Die+1","Quick Slash+1","Reflex","After Image","Dash+1","Glass Knife+1","Backstab+1","Decay","Footwork+1","Parasite","Dodge and Roll+1","PiercingWail+1","Cloak And Dagger+1","Burst+1","Prepared+1","Acrobatics+1"],"special_seed":0,"relics":["Ring of the Snake","NeowsBlessing","CultistMask","Centennial Puzzle","Strawberry","Molten Egg 2","Oddly Smooth Stone","Sozu","Orichalcum","Snake Skull","Dead Branch","Pandora\u0027s Box","Toxic Egg 2","Happy Flower","FossilizedHelix","Omamori"],"potions_floor_usage":[16],"damage_taken":[{"damage":0.0,"enemies":"Jaw Worm","floor":1.0,"turns":1.0},{"damage":0.0,"enemies":"Small Slimes","floor":4.0,"turns":1.0},{"damage":0.0,"enemies":"Cultist","floor":5.0,"turns":1.0},{"damage":23.0,"enemies":"3 Sentries","floor":6.0,"turns":11.0},{"damage":11.0,"enemies":"Lagavulin","floor":12.0,"turns":13.0},{"damage":1,"enemies":"3 Sentries","floor":14,"turns":14},{"damage":24,"enemies":"Hexaghost","floor":16,"turns":15},{"damage":10,"enemies":"Spheric Guardian","floor":18,"turns":4},{"damage":4,"enemies":"2 Thieves","floor":20,"turns":4},{"damage":3,"enemies":"Snake Plant","floor":24,"turns":4},{"damage":21,"enemies":"Gremlin Leader","floor":25,"turns":9},{"damage":7,"enemies":"Snecko","floor":27,"turns":5},{"damage":9,"enemies":"Slavers","floor":28,"turns":5},{"damage":0,"enemies":"Centurion and Healer","floor":29,"turns":6},{"damage":23,"enemies":"Automaton","floor":33,"turns":14},{"damage":0,"enemies":"Orb Walker","floor":35,"turns":3},{"damage":4,"enemies":"3 Shapes","floor":36,"turns":3},{"damage":0,"enemies":"Writhing Mass","floor":39,"turns":7},{"damage":51,"enemies":"Transient","floor":41,"turns":5},{"damage":0,"enemies":"Jaw Worm Horde","floor":45,"turns":6},{"damage":11,"enemies":"Reptomancer","floor":46,"turns":10},{"damage":0,"enemies":"Mind Bloom Boss Battle","floor":47,"turns":5},{"damage":0,"enemies":"Nemesis","floor":48,"turns":7},{"damage":11,"enemies":"Donu and Deca","floor":50,"turns":9}],"seed_played":"1369320062243395756","potions_obtained":[{"floor":5.0,"key":"LiquidBronze"},{"floor":6.0,"key":"Fire Potion"},{"floor":14,"key":"Energy Potion"}],"is_trial":false,"path_per_floor":["M","?","?","M","M","E","R","?","T","$","?","E","R","E","R","B",null,"M","?","M","?","$","R","M","E","T","M","E","M","$","?","R","B",null,"M","M","?","$","M","R","M","R","T","R","M","E","?","E","R","B",null],"character_chosen":"THE_SILENT","items_purchased":["Blur","Dash","Dodge and Roll","Footwork"],"campfire_rested":5,"item_purchase_floors":[10,10,22,38],"current_hp_per_floor":[59,59,59,59,59,36,36,36,43,43,61,50,50,49,49,25,61,51,51,47,47,47,68,65,44,44,37,28,28,28,28,49,26,59,59,55,55,55,55,55,4,25,25,46,46,35,35,35,56,45],"gold":259,"neow_bonus":"THREE_ENEMY_KILL","is_prod":false,"is_daily":false,"chose_seed":false,"campfire_upgraded":4,"win_rate":0,"timestamp":1547081491,"path_taken":["M","?","?","M","?","E","R","?","T","$","?","E","R","E","R","BOSS","M","?","M","?","$","R","?","E","T","M","E","M","$","?","R","BOSS","M","?","?","$","M","R","?","R","T","R","M","E","?","E","R","BOSS"],"build_version":"2019-01-03v4","purchased_purges":3,"victory":true,"max_hp_per_floor":[66,66,66,66,66,66,66,66,73,73,73,73,73,73,73,73,73,73,73,73,73,73,73,73,73,73,73,73,73,70,70,70,70,70,70,70,70,70,70,70,70,70,70,70,70,70,70,70,70,70],"card_choices":[{"not_picked":["Prepared","Skewer"],"picked":"Cloak And Dagger","floor":1.0},{"not_picked":["Prepared","Reflex"],"picked":"Backflip","floor":4.0},{"not_picked":["Cloak And Dagger","Dagger Spray"],"picked":"Poisoned Stab","floor":5.0},{"not_picked":["Quick Slash","Choke"],"picked":"Footwork","floor":6.0},{"not_picked":["PiercingWail","Calculated Gamble"],"picked":"Backflip","floor":12},{"not_picked":["Concentrate","Skewer+1"],"picked":"Crippling Poison","floor":14},{"not_picked":["Doppelganger","Wraith Form v2"],"picked":"Glass Knife+1","floor":16},{"not_picked":["Deflect","Dagger Throw+1"],"picked":"Poisoned Stab+1","floor":18},{"not_picked":["Dodge and Roll","Deadly Poison"],"picked":"PiercingWail","floor":20},{"not_picked":["Poisoned Stab+1","Storm of Steel"],"picked":"Dagger Spray+1","floor":24},{"not_picked":["Deadly Poison","Escape Plan"],"picked":"PiercingWail","floor":25},{"not_picked":["Storm of Steel","Dagger Throw+1","Sucker Punch+1"],"picked":"SKIP","floor":27},{"not_picked":["Tactician+1","Choke+1"],"picked":"PiercingWail","floor":28},{"not_picked":["Dagger Throw+1","Dagger Spray+1"],"picked":"Cloak And Dagger","floor":29},{"not_picked":["Phantasmal Killer","Bullet Time"],"picked":"Die Die Die+1","floor":33},{"not_picked":["Poisoned Stab+1","Outmaneuver"],"picked":"Backstab+1","floor":35},{"not_picked":["Distraction","Sucker Punch+1","Deadly Poison+1"],"picked":"SKIP","floor":36},{"not_picked":["Blur","Caltrops"],"picked":"Dodge and Roll+1","floor":39},{"not_picked":["Finisher+1","Predator+1"],"picked":"PiercingWail+1","floor":41},{"not_picked":["Masterful Stab+1","Acrobatics+1"],"picked":"Cloak And Dagger+1","floor":45},{"not_picked":["Finisher+1","Outmaneuver+1"],"picked":"Burst+1","floor":46},{"not_picked":["Quick Slash+1","Underhanded Strike+1"],"picked":"Prepared+1","floor":47},{"not_picked":["Phantasmal Killer+1","Dagger Spray+1"],"picked":"Acrobatics+1","floor":48}],"player_experience":1973934,"relics_obtained":[{"floor":6.0,"key":"Centennial Puzzle"},{"floor":9.0,"key":"Strawberry"},{"floor":12,"key":"Molten Egg 2"},{"floor":14,"key":"Oddly Smooth Stone"},{"floor":25,"key":"Orichalcum"},{"floor":26,"key":"Snake Skull"},{"floor":28,"key":"Dead Branch"},{"floor":43,"key":"Toxic Egg 2"},{"floor":46,"key":"Happy Flower"},{"floor":47,"key":"FossilizedHelix"},{"floor":48,"key":"Omamori"}],"event_choices":[{"damage_healed":0.0,"max_hp_gain":0.0,"max_hp_loss":0.0,"gold_gain":0.0,"event_name":"Golden Wing","player_choice":"Ignored","floor":2.0,"gold_loss":0.0,"damage_taken":0.0},{"damage_healed":0.0,"max_hp_gain":0.0,"max_hp_loss":0.0,"gold_gain":0.0,"event_name":"FaceTrader","player_choice":"Trade","floor":3.0,"gold_loss":0.0,"damage_taken":0.0,"relics_obtained":["CultistMask"]},{"damage_healed":0.0,"max_hp_gain":0.0,"max_hp_loss":0.0,"gold_gain":0.0,"event_name":"Golden Idol","player_choice":"Ignored","floor":8.0,"gold_loss":0.0,"damage_taken":0.0},{"damage_healed":18.0,"max_hp_gain":0.0,"max_hp_loss":0.0,"gold_gain":0.0,"event_name":"Mushrooms","player_choice":"Healed and dodged fight","floor":11.0,"gold_loss":0.0,"damage_taken":0.0,"cards_obtained":["Parasite"]},{"damage_healed":0,"gold_gain":0,"cards_transformed":["Strike_G","Strike_G"],"player_choice":"Became Test Subject","damage_taken":0,"max_hp_gain":0,"max_hp_loss":0,"event_name":"Drug Dealer","floor":19,"gold_loss":0,"cards_obtained":["Backstab","Outmaneuver"]},{"damage_healed":0,"gold_gain":0,"player_choice":"Upgraded","damage_taken":0,"max_hp_gain":0,"max_hp_loss":0,"event_name":"Upgrade Shrine","floor":21,"gold_loss":0,"cards_upgraded":["Neutralize"]},{"cards_removed":["Strike_G"],"damage_healed":0,"gold_gain":0,"player_choice":"Purged","damage_taken":0,"max_hp_gain":0,"max_hp_loss":0,"event_name":"Purifier","floor":31,"gold_loss":0},{"damage_healed":0,"gold_gain":0,"player_choice":"Cursed","damage_taken":0,"max_hp_gain":0,"max_hp_loss":0,"event_name":"Wheel of Change","floor":37,"gold_loss":0,"cards_obtained":["Decay"]},{"damage_healed":0,"gold_gain":0,"player_choice":"Fight","damage_taken":0,"max_hp_gain":0,"max_hp_loss":0,"event_name":"MindBloom","floor":47,"gold_loss":0}],"is_beta":false,"boss_relics":[{"not_picked":["Orrery","Snecko Eye"],"picked":"Sozu"},{"not_picked":["Runic Dome","White Beast Statue"],"picked":"Pandora\u0027s Box"}],"items_purged_floors":[10,22,30],"is_endless":false,"potions_floor_spawned":[5,6,14,24,25,29,35,36,45,48],"ascension_level":15}