{"gold_per_floor":[118,118,135,145,145,145,175,175,257,277,312,227,227,279,279,351,351,368,418,418,237,248,248,262,296,320,353,353,382,394,440,452,538,550,574,412,427,474,488,488,788,788,788,801,816,845,845,138,138,138,138],"floor_reached":52,"playtime":3062,"items_purged":[],"score":1978,"play_id":"0a708a8b-5c01-440f-a5d7-77994985dfd5","local_time":"20180916212613","daily_mods":["Draft"],"is_ascension_mode":true,"campfire_choices":[{"data":"Fusion","floor":6,"key":"SMITH"},{"data":"Hologram","floor":13,"key":"SMITH"},{"data":"Hologram","floor":15,"key":"SMITH"},{"data":"Coolheaded","floor":23,"key":"SMITH"},{"floor":28,"key":"REST"},{"data":"Go for the Eyes","floor":30,"key":"SMITH"},{"data":"Beam Cell","floor":32,"key":"SMITH"},{"data":"Buffer","floor":40,"key":"SMITH"},{"data":"Streamline","floor":42,"key":"SMITH"},{"data":"Coolheaded","floor":47,"key":"SMITH"},{"data":"Capacitor","floor":49,"key":"SMITH"}],"neow_cost":"","seed_source_timestamp":0,"circlet_count":0,"master_deck":["AscendersBane","Leap","FTL","Streamline+1","Ball Lightning","Cold Snap","Steam","FTL","Compile Driver","Ball Lightning","Go for the Eyes+1","Loop","Hologram+1","Fusion+1","Steam","Leap","Beam Cell+1","Sweeping Beam","Hologram+1","Coolheaded+1","Self Repair","Seek","Stack","Compile Driver","Ball Lightning+1","Echo Form","Buffer+1","Coolheaded+1","Machine Learning","Stack+1","Glacier","Reinforced Body","Compile Driver","Capacitor+1"],"special_seed":0,"relics":["Cracked Core","Orichalcum","Darkstone Periapt","Bottled Lightning","Juzu Bracelet","Sozu","Blood Vial","Matryoshka","PreservedInsect","Bag of Marbles","Ornamental Fan","MawBank","Strawberry","Nuclear Battery","Happy Flower","FossilizedHelix","Pantograph","Cables","Oddly Smooth Stone","Shuriken","OrangePellets"],"potions_floor_usage":[7,51,51],"damage_taken":[{"damage":3.0,"enemies":"Jaw Worm","floor":1.0,"turns":3.0},{"damage":0.0,"enemies":"Small Slimes","floor":3.0,"turns":2.0},{"damage":0.0,"enemies":"2 Louse","floor":4.0,"turns":2.0},{"damage":8,"enemies":"3 Sentries","floor":7,"turns":5},{"damage":0,"enemies":"2 Fungi Beasts","floor":10,"turns":3},{"damage":9,"enemies":"Lagavulin","floor":11,"turns":5},{"damage":10,"enemies":"Hexaghost","floor":16,"turns":8},{"damage":8,"enemies":"Chosen","floor":18,"turns":4},{"damage":0,"enemies":"3 Byrds","floor":22,"turns":4},{"damage":12,"enemies":"Snake Plant","floor":24,"turns":4},{"damage":14,"enemies":"Gremlin Leader","floor":25,"turns":6},{"damage":17,"enemies":"Book of Stabbing","floor":27,"turns":5},{"damage":0,"enemies":"Gremlin Leader","floor":29,"turns":4},{"damage":16,"enemies":"Slavers","floor":31,"turns":3},{"damage":49,"enemies":"Collector","floor":33,"turns":10},{"damage":1,"enemies":"Orb Walker","floor":35,"turns":2},{"damage":17,"enemies":"3 Darklings","floor":37,"turns":6},{"damage":8,"enemies":"Mysterious Sphere","floor":38,"turns":9},{"damage":0,"enemies":"Maw","floor":39,"turns":8},{"damage":9,"enemies":"4 Shapes","floor":44,"turns":8},{"damage":0,"enemies":"Reptomancer","floor":45,"turns":6},{"damage":0,"enemies":"2 Orb Walkers","floor":46,"turns":4},{"damage":13,"enemies":"Awakened One","floor":50,"turns":13},{"damage":12,"enemies":"Donu and Deca","floor":51,"turns":10}],"seed_played":"2646244264799175162","potions_obtained":[{"floor":1.0,"key":"SteroidPotion"},{"floor":4.0,"key":"Regen Potion"},{"floor":7,"key":"Regen Potion"},{"floor":16,"key":"FocusPotion"}],"is_trial":true,"path_per_floor":["M","?","M","M","?","R","E","$","T","M","E","$","R","?","R","B",null,"M","?","?","$","M","R","M","E","T","E","R","E","R","E","R","B",null,"M","$","M","?","M","R","?","R","T","M","M","E","R","$","R","B","B"],"character_chosen":"DEFECT","items_purchased":["Self Repair","Blood Vial","Happy Flower","Shuriken","Reinforced Body","Compile Driver","OrangePellets","Capacitor"],"campfire_rested":1,"item_purchase_floors":[12,21,36,48,48,48,48,48],"current_hp_per_floor":[61,56,56,56,56,56,62,62,62,62,53,53,53,53,53,50,66,65,65,65,65,71,71,66,54,54,46,67,71,71,69,69,29,66,67,67,59,60,69,69,69,69,69,76,78,78,78,78,78,72,78],"gold":138,"neow_bonus":"","is_prod":false,"is_daily":false,"chose_seed":false,"campfire_upgraded":10,"win_rate":0,"timestamp":1537158373,"path_taken":["M","?","M","M","?","R","E","$","T","M","E","$","R","?","R","BOSS","M","?","?","$","M","R","M","E","T","E","R","E","R","E","R","BOSS","M","$","M","?","M","R","?","R","T","M","M","E","R","?","R","BOSS","BOSS"],"build_version":"2018-09-06","purchased_purges":0,"victory":true,"max_hp_per_floor":[71,71,71,71,71,71,71,71,71,71,71,71,71,71,71,71,71,71,71,71,71,71,71,71,71,71,71,71,71,71,78,78,78,78,78,78,78,78,78,78,78,78,78,78,78,78,78,78,78,78,78],"card_choices":[{"not_picked":["Skim","Turbo"],"picked":"Leap","floor":0.0},{"not_picked":["Heatsinks","Conserve Battery"],"picked":"FTL","floor":0.0},{"not_picked":["Rebound","Coolheaded"],"picked":"Streamline","floor":0.0},{"not_picked":["Turbo","Darkness"],"picked":"Ball Lightning","floor":0.0},{"not_picked":["Redo","Rebound"],"picked":"Cold Snap","floor":0.0},{"not_picked":["Fusion","Tempest"],"picked":"Steam","floor":0.0},{"not_picked":["Compile Driver","Beam Cell"],"picked":"FTL","floor":0.0},{"not_picked":["Cold Snap","Barrage"],"picked":"Compile Driver","floor":0.0},{"not_picked":["Hologram","Stack"],"picked":"Ball Lightning","floor":0.0},{"not_picked":["Defragment","Steam Power"],"picked":"Go for the Eyes","floor":0.0},{"not_picked":["Rebound","Streamline"],"picked":"Loop","floor":0.0},{"not_picked":["Streamline","Consume"],"picked":"Hologram","floor":0.0},{"not_picked":["Go for the Eyes","Melter"],"picked":"Fusion","floor":0.0},{"not_picked":["Streamline","Go for the Eyes"],"picked":"Steam","floor":0.0},{"not_picked":["Beam Cell","Heatsinks"],"picked":"Leap","floor":0.0},{"not_picked":["Streamline","Turbo"],"picked":"Beam Cell","floor":1.0},{"not_picked":["Steam","Skim","Hologram"],"picked":"SKIP","floor":3.0},{"not_picked":["Darkness","Compile Driver"],"picked":"Sweeping Beam","floor":4.0},{"not_picked":["Compile Driver","Streamline"],"picked":"Hologram","floor":7},{"not_picked":["Streamline","Steam Power"],"picked":"Coolheaded","floor":10},{"not_picked":["Streamline","Multi-Cast","Melter"],"picked":"SKIP","floor":11},{"not_picked":["Creative AI","Machine Learning"],"picked":"Seek","floor":16},{"not_picked":["Sweeping Beam","Recycle+1"],"picked":"Stack","floor":18},{"not_picked":["Turbo","Conserve Battery"],"picked":"Compile Driver","floor":22},{"not_picked":["Reinforced Body","Melter","Redo"],"picked":"SKIP","floor":24},{"not_picked":["Chaos+1","Streamline"],"picked":"Ball Lightning+1","floor":25},{"not_picked":["Compile Driver","Skim"],"picked":"Echo Form","floor":27},{"not_picked":["Barrage","Coolheaded","Biased Cognition"],"picked":"SKIP","floor":29},{"not_picked":["Compile Driver","Double Energy","Leap"],"picked":"SKIP","floor":31},{"not_picked":["Hyperbeam","Echo Form"],"picked":"Buffer","floor":33},{"not_picked":["Streamline","Rip and Tear+1","Coolheaded"],"picked":"SKIP","floor":35},{"not_picked":["Streamline","Rip and Tear+1"],"picked":"Coolheaded","floor":35},{"not_picked":["Heatsinks","Sweeping Beam","Gash"],"picked":"SKIP","floor":37},{"not_picked":["Go for the Eyes","Beam Cell"],"picked":"Machine Learning","floor":39},{"not_picked":["Melter","Hologram"],"picked":"Stack+1","floor":44},{"not_picked":["Beam Cell","White Noise+1","Gash+1"],"picked":"SKIP","floor":45},{"not_picked":["Aggregate","Turbo"],"picked":"Glacier","floor":46}],"player_experience":1148725,"relics_obtained":[{"floor":7,"key":"Darkstone Periapt"},{"floor":9,"key":"Bottled Lightning"},{"floor":11,"key":"Juzu Bracelet"},{"floor":25,"key":"Matryoshka"},{"floor":26,"key":"PreservedInsect"},{"floor":26,"key":"Bag of Marbles"},{"floor":27,"key":"Ornamental Fan"},{"floor":29,"key":"MawBank"},{"floor":31,"key":"Strawberry"},{"floor":38,"key":"FossilizedHelix"},{"floor":43,"key":"Pantograph"},{"floor":43,"key":"Cables"},{"floor":46,"key":"Oddly Smooth Stone"}],"event_choices":[{"event_name":"Scrap Ooze","player_choice":"success","floor":2.0,"damage_taken":5.0},{"event_name":"Transmorgrifier","player_choice":"Skipped","floor":5,"damage_taken":0},{"event_name":"Golden Wing","player_choice":"Gained Gold","floor":14,"damage_taken":0},{"event_name":"Golden Shrine","player_choice":"Pray","floor":19,"damage_taken":0},{"event_name":"Match and Keep!","player_choice":"0 cards matched","floor":20,"damage_taken":0},{"event_name":"Mysterious Sphere","player_choice":"Fight","floor":38,"damage_taken":0},{"event_name":"Wheel of Change","player_choice":"Gold","floor":41,"damage_taken":0}],"is_beta":false,"boss_relics":[{"not_picked":["Fusion Hammer","Astrolabe"],"picked":"Sozu"},{"not_picked":["Philosopher\u0027s Stone","Snecko Eye"],"picked":"Nuclear Battery"}],"items_purged_floors":[],"is_endless":false,"potions_floor_spawned":[1,4,7,16,22,25,33,35,37,45,46],"ascension_level":20}