{"gold_per_floor":[114,159,234,284,301,301,321,347,370,370,305,320,88,117,117,191,191,201,101,113,40,40,69,89,114,114,142,155,103,116,132,132,206,206,219,219,233,233,251,251,286,286,312,341,341,351,6,0,0,0],"floor_reached":51,"playtime":2215,"items_purged":["Strike_R","Strike_R"],"score":1359,"play_id":"c0578a86-f3f1-45bd-9c1c-b6bc8d9bce1e","local_time":"20190202160401","is_ascension_mode":true,"campfire_choices":[{"data":"Uppercut","floor":6.0,"key":"SMITH"},{"data":"Bash","floor":10.0,"key":"SMITH"},{"data":"Armaments","floor":15.0,"key":"SMITH"},{"data":"True Grit","floor":32.0,"key":"SMITH"},{"data":"Spot Weakness","floor":40.0,"key":"SMITH"},{"data":"Sword Boomerang","floor":42.0,"key":"SMITH"},{"data":"Spot Weakness","floor":45,"key":"SMITH"},{"data":"Evolve","floor":49,"key":"SMITH"}],"neow_cost":"NONE","seed_source_timestamp":116645852388308,"circlet_count":0,"master_deck":["AscendersBane","Strike_R","Strike_R+1","Defend_R","Defend_R","Defend_R","Bash+1","Uppercut+1","Armaments+1","Clothesline+1","Offering","Anger","Immolate","Shrug It Off","True Grit+1","Spot Weakness+1","Metallicize","Reaper","Spot Weakness+1","Pommel Strike","Feel No Pain+1","Offering","Second Wind","Shrug It Off","Sword Boomerang+1","Power Through","Exhume","Evolve+1","True Grit"],"special_seed":0,"relics":["Burning Blood","NeowsBlessing","Bag of Preparation","Question Card","Whetstone","Happy Flower","Blood Vial","Red Skull","Sundial","Velvet Choker","Torii","Mummified Hand","Pen Nib","Vajra","Empty Cage","Potion Belt","Dream Catcher","Juzu Bracelet","Medical Kit","Red Mask"],"potions_floor_usage":[50,50],"damage_taken":[{"damage":0.0,"enemies":"Cultist","floor":1.0,"turns":1.0},{"damage":0.0,"enemies":"Jaw Worm","floor":5.0,"turns":1.0},{"damage":0.0,"enemies":"2 Louse","floor":7.0,"turns":1.0},{"damage":35.0,"enemies":"3 Sentries","floor":8.0,"turns":8.0},{"damage":11.0,"enemies":"Gremlin Gang","floor":12.0,"turns":5.0},{"damage":16.0,"enemies":"Lagavulin","floor":14.0,"turns":3.0},{"damage":27.0,"enemies":"Hexaghost","floor":16.0,"turns":6.0},{"damage":6.0,"enemies":"Shell Parasite","floor":18.0,"turns":2.0},{"damage":15.0,"enemies":"3 Byrds","floor":20.0,"turns":4.0},{"damage":26.0,"enemies":"Slavers","floor":23.0,"turns":4.0},{"damage":8.0,"enemies":"Shelled Parasite and Fungi","floor":24.0,"turns":3.0},{"damage":8.0,"enemies":"Book of Stabbing","floor":25.0,"turns":4.0},{"damage":16.0,"enemies":"Slavers","floor":27.0,"turns":6.0},{"damage":20.0,"enemies":"Snake Plant","floor":28.0,"turns":3.0},{"damage":16.0,"enemies":"Centurion and Healer","floor":30.0,"turns":6.0},{"damage":1.0,"enemies":"Snecko","floor":31.0,"turns":5.0},{"damage":76.0,"enemies":"Champ","floor":33.0,"turns":10.0},{"damage":12.0,"enemies":"Orb Walker","floor":35.0,"turns":3.0},{"damage":20.0,"enemies":"3 Shapes","floor":37.0,"turns":6.0},{"damage":43.0,"enemies":"3 Darklings","floor":39.0,"turns":5.0},{"damage":47.0,"enemies":"Giant Head","floor":41.0,"turns":7.0},{"damage":32,"enemies":"Nemesis","floor":44,"turns":7},{"damage":29,"enemies":"Maw","floor":46,"turns":6},{"damage":58,"enemies":"Donu and Deca","floor":50,"turns":10}],"seed_played":"4359176200742681440","potions_obtained":[{"floor":7.0,"key":"Weak Potion"},{"floor":8.0,"key":"SteroidPotion"},{"floor":20.0,"key":"Strength Potion"},{"floor":27.0,"key":"Weak Potion"},{"floor":44,"key":"Explosive Potion"}],"is_trial":false,"path_per_floor":["M","T","T","?","M","R","M","E","T","R","?","M","$","E","R","B",null,"M","$","M","$","?","E","M","E","T","E","M","$","M","M","R","B",null,"M","?","M","?","M","R","E","R","T","E","R","M","$","?","R","B",null],"character_chosen":"IRONCLAD","items_purchased":["Red Skull","Spot Weakness","Block Potion","Evolve","Medical Kit","Block Potion","True Grit"],"campfire_rested":0,"item_purchase_floors":[13,21,29,47,47,47,47],"current_hp_per_floor":[74,74,74,74,75,75,75,46,46,46,46,43,43,35,35,16,60,62,62,55,55,55,37,37,37,37,51,57,57,63,75,75,25,63,59,59,67,67,75,75,66,66,66,64,64,62,62,62,62,60],"gold":0,"neow_bonus":"THREE_ENEMY_KILL","is_prod":false,"is_daily":false,"chose_seed":false,"campfire_upgraded":8,"win_rate":0,"timestamp":1549152241,"path_taken":["M","?","?","?","?","R","M","E","T","R","?","M","?","E","R","BOSS","M","$","M","$","?","E","?","E","T","E","M","?","M","M","R","BOSS","M","?","M","?","?","R","E","R","T","E","R","M","$","?","R","BOSS"],"build_version":"2019-01-23","purchased_purges":2,"victory":true,"max_hp_per_floor":[75,75,75,75,75,75,75,75,75,75,75,75,75,75,75,75,75,75,75,75,75,75,75,75,75,75,75,75,75,75,75,75,75,75,75,75,75,75,75,75,75,75,75,75,75,75,75,75,75,75],"card_choices":[{"not_picked":["Armaments","True Grit"],"picked":"Uppercut","floor":1.0},{"not_picked":["Second Wind","Corruption","Dropkick"],"picked":"Armaments","floor":5.0},{"not_picked":["Evolve","Battle Trance","Havoc"],"picked":"Clothesline","floor":7.0},{"not_picked":["Armaments","Iron Wave","Fiend Fire"],"picked":"Offering","floor":8.0},{"not_picked":["Clash","Battle Trance","Rampage"],"picked":"Anger","floor":12.0},{"not_picked":["Sever Soul","Armaments","Wild Strike","Perfected Strike"],"picked":"SKIP","floor":14.0},{"not_picked":["Barricade","Dark Embrace","Juggernaut"],"picked":"Immolate","floor":16.0},{"not_picked":["Perfected Strike","Entrench","Rampage"],"picked":"Shrug It Off","floor":18.0},{"not_picked":["Fire Breathing","Cleave","Thunderclap"],"picked":"True Grit","floor":20.0},{"not_picked":["Flex","Barricade","Iron Wave"],"picked":"Metallicize","floor":23.0},{"not_picked":["Havoc","Iron Wave","Heavy Blade","Warcry"],"picked":"SKIP","floor":24.0},{"not_picked":["Twin Strike","Wild Strike","Armaments"],"picked":"Reaper","floor":25.0},{"not_picked":["Warcry+1","Iron Wave","Infernal Blade"],"picked":"Spot Weakness","floor":27.0},{"not_picked":["Combust","Burning Pact","Spot Weakness+1"],"picked":"Pommel Strike","floor":28.0},{"not_picked":["Anger","Havoc","Pummel+1"],"picked":"Feel No Pain+1","floor":30.0},{"not_picked":["Rage","Fiend Fire","Warcry","Dropkick"],"picked":"SKIP","floor":31.0},{"not_picked":["Fiend Fire","Dark Embrace","Immolate"],"picked":"Offering","floor":33.0},{"not_picked":["Anger","Twin Strike","Warcry+1"],"picked":"Second Wind","floor":35.0},{"not_picked":["Warcry+1","True Grit","Iron Wave"],"picked":"Shrug It Off","floor":37.0},{"not_picked":["Bloodletting","Entrench+1","Clash","Bludgeon"],"picked":"SKIP","floor":39.0},{"not_picked":["Iron Wave","Rampage","Carnage"],"picked":"Sword Boomerang","floor":41.0},{"not_picked":["Iron Wave","Burning Pact","Combust"],"picked":"Power Through","floor":44},{"not_picked":["Pommel Strike","Combust+1","Perfected Strike"],"picked":"Exhume","floor":46}],"player_experience":2134263,"relics_obtained":[{"floor":2.0,"key":"Bag of Preparation"},{"floor":3.0,"key":"Question Card"},{"floor":8.0,"key":"Whetstone"},{"floor":9.0,"key":"Happy Flower"},{"floor":14.0,"key":"Sundial"},{"floor":23.0,"key":"Torii"},{"floor":25.0,"key":"Mummified Hand"},{"floor":26.0,"key":"Pen Nib"},{"floor":27.0,"key":"Vajra"},{"floor":41.0,"key":"Potion Belt"},{"floor":43.0,"key":"Dream Catcher"},{"floor":44,"key":"Juzu Bracelet"}],"event_choices":[{"damage_healed":0.0,"max_hp_gain":0.0,"max_hp_loss":0.0,"gold_gain":50.0,"event_name":"Golden Shrine","player_choice":"Pray","floor":4.0,"gold_loss":0.0,"damage_taken":0.0},{"damage_healed":0.0,"max_hp_gain":0.0,"max_hp_loss":0.0,"gold_gain":0.0,"event_name":"WeMeetAgain","player_choice":"Paid Gold","floor":11.0,"gold_loss":65.0,"damage_taken":0.0,"relics_obtained":["Blood Vial"]},{"damage_healed":0.0,"max_hp_gain":0.0,"max_hp_loss":0.0,"gold_gain":0.0,"event_name":"N\u0027loth","player_choice":"Ignored","floor":22.0,"gold_loss":0.0,"damage_taken":0.0},{"damage_healed":0.0,"max_hp_gain":0.0,"max_hp_loss":0.0,"gold_gain":0.0,"event_name":"SensoryStone","player_choice":"Memory 1","floor":36.0,"gold_loss":0.0,"damage_taken":0.0},{"damage_healed":0.0,"max_hp_gain":0.0,"max_hp_loss":0.0,"gold_gain":0.0,"event_name":"Lab","player_choice":"Got Potions","floor":38.0,"gold_loss":0.0,"damage_taken":0.0},{"damage_healed":0,"gold_gain":0,"player_choice":"Paid","damage_taken":0,"relics_obtained":["Red Mask"],"max_hp_gain":0,"max_hp_loss":0,"event_name":"Tomb of Lord Red Mask","floor":48,"gold_loss":6}],"is_beta":false,"boss_relics":[{"not_picked":["Astrolabe","Orrery"],"picked":"Velvet Choker"},{"not_picked":["Eternal Feather","Runic Pyramid"],"picked":"Empty Cage"}],"items_purged_floors":[13,19],"is_endless":false,"potions_floor_spawned":[7,8,20,27,28,31,33,35,44],"ascension_level":15}