{"gold_per_floor":[117,117,127,102,102,102,102,116,116,116,116,142,142,158,158,233,233,250,250,4,17,27,27,27,27,27,27,43,43,74,25,25,104,104,121,121,133,58,58],"floor_reached":39,"playtime":1511,"items_purged":["Strike_G"],"score":656,"play_id":"6ffc62bf-fd5c-40bd-b925-b21d40f656b7","local_time":"20181022154332","is_ascension_mode":true,"campfire_choices":[{"data":"Neutralize","floor":6.0,"key":"SMITH"},{"data":"Sucker Punch","floor":7.0,"key":"SMITH"},{"data":"Cloak And Dagger","floor":10.0,"key":"SMITH"},{"data":"Bouncing Flask","floor":13.0,"key":"SMITH"},{"floor":15.0,"key":"REST"},{"floor":23,"key":"REST"},{"data":"After Image","floor":25,"key":"SMITH"},{"floor":27,"key":"REST"},{"floor":32,"key":"REST"}],"neow_cost":"NONE","seed_source_timestamp":27516934419451,"circlet_count":0,"master_deck":["Defend_G","Defend_G","Defend_G","Defend_G","Defend_G","Strike_G","Strike_G","Survivor+1","Neutralize+1","AscendersBane","Cloak And Dagger+1","Sucker Punch+1","Poisoned Stab+1","After Image+1","Bouncing Flask+1","A Thousand Cuts","Blur","Flying Knee","Eviscerate","Noxious Fumes","Dagger Spray","Backflip","Dodge and Roll+1","Venomology","Cloak And Dagger+1"],"special_seed":0,"relics":["Ring of the Snake","WingedGreaves","Omamori","Snake Skull","Black Star","Happy Flower","Sundial","Red Mask","Cursed Key","Incense Burner"],"potions_floor_usage":[16,30,33,33,37,39,39],"damage_taken":[{"damage":0.0,"enemies":"2 Louse","floor":1.0,"turns":4.0},{"damage":4.0,"enemies":"Small Slimes","floor":3.0,"turns":4.0},{"damage":0.0,"enemies":"Cultist","floor":8.0,"turns":3.0},{"damage":22.0,"enemies":"3 Sentries","floor":12.0,"turns":11.0},{"damage":0.0,"enemies":"Exordium Wildlife","floor":14.0,"turns":3.0},{"damage":31,"enemies":"Slime Boss","floor":16,"turns":9},{"damage":10,"enemies":"Shell Parasite","floor":18,"turns":6},{"damage":25,"enemies":"3 Byrds","floor":21,"turns":5},{"damage":14,"enemies":"Centurion and Healer","floor":22,"turns":7},{"damage":5,"enemies":"Snecko","floor":28,"turns":4},{"damage":7,"enemies":"Masked Bandits","floor":30,"turns":3},{"damage":50,"enemies":"Automaton","floor":33,"turns":11},{"damage":8,"enemies":"3 Shapes","floor":35,"turns":6},{"damage":23,"enemies":"Mind Bloom Boss Battle","floor":36,"turns":8},{"damage":0,"enemies":"Orb Walker","floor":37,"turns":4},{"damage":31,"enemies":"Transient","floor":39,"turns":5}],"seed_played":"2973141572465154137","potions_obtained":[{"floor":12.0,"key":"Swift Potion"},{"floor":16,"key":"Fire Potion"},{"floor":22,"key":"SteroidPotion"}],"is_trial":false,"path_per_floor":["M","?","M","$","T","R","R","M","T","R","?","E","R","M","R","B",null,"M","?","$","M","M","R","?","R","T","R","M","?","?","$","R","B",null,"M","?","M","$"],"character_chosen":"THE_SILENT","items_purchased":["Poisoned Stab","Happy Flower","Noxious Fumes","Dagger Spray","PowerPotion"],"campfire_rested":4,"item_purchase_floors":[4,20,20,20,31],"current_hp_per_floor":[65,65,61,61,61,61,61,61,61,61,39,17,17,17,38,7,56,46,46,46,21,7,28,28,28,28,49,44,44,37,37,58,8,56,48,25,25,25,0],"gold":58,"neow_bonus":"TEN_PERCENT_HP_BONUS","is_prod":false,"is_daily":false,"chose_seed":false,"campfire_upgraded":5,"win_rate":0,"timestamp":1540248212,"path_taken":["M","?","M","?","?","R","R","?","T","R","?","E","R","M","R","BOSS","M","?","$","M","M","R","?","R","T","R","M","?","?","$","R","BOSS","M","?","M","$","?"],"build_version":"2018-10-18","purchased_purges":1,"victory":false,"max_hp_per_floor":[72,72,72,72,72,72,72,72,72,72,72,72,72,72,72,72,72,72,72,72,72,72,72,72,72,72,72,72,72,72,72,72,72,72,72,72,72,72,72],"card_choices":[{"not_picked":["Backflip","Sucker Punch"],"picked":"Cloak And Dagger","floor":1.0},{"not_picked":["Cloak And Dagger","Acrobatics"],"picked":"Sucker Punch","floor":3.0},{"not_picked":["PiercingWail","Deflect"],"picked":"After Image","floor":8.0},{"not_picked":["Deadly Poison","Accuracy"],"picked":"Bouncing Flask","floor":12.0},{"not_picked":["Blade Dance","Heel Hook","Outmaneuver"],"picked":"SKIP","floor":14.0},{"not_picked":["After Image","Unload"],"picked":"A Thousand Cuts","floor":16},{"not_picked":["Skewer","Flechettes"],"picked":"Blur","floor":18},{"not_picked":["Accuracy","Dodge and Roll","Outmaneuver"],"picked":"SKIP","floor":21},{"not_picked":["All Out Attack","Slice","Masterful Stab"],"picked":"SKIP","floor":22},{"not_picked":["Deadly Poison+1","Quick Slash"],"picked":"Backflip","floor":28},{"not_picked":["Riddle With Holes","Noxious Fumes"],"picked":"Dodge and Roll+1","floor":30},{"not_picked":["A Thousand Cuts","Doppelganger"],"picked":"Venomology","floor":33},{"not_picked":["Quick Slash","Noxious Fumes","Outmaneuver"],"picked":"SKIP","floor":35},{"not_picked":["Prepared","Dagger Spray"],"picked":"Cloak And Dagger+1","floor":37}],"player_experience":1424342,"relics_obtained":[{"floor":5.0,"key":"WingedGreaves"},{"floor":9.0,"key":"Omamori"},{"floor":12.0,"key":"Snake Skull"},{"floor":26,"key":"Sundial"},{"floor":30,"key":"Red Mask"},{"floor":36,"key":"Incense Burner"}],"event_choices":[{"damage_healed":0.0,"max_hp_gain":0.0,"max_hp_loss":0.0,"gold_gain":0.0,"event_name":"Scrap Ooze","player_choice":"Fled","floor":2.0,"gold_loss":0.0,"damage_taken":0.0},{"damage_healed":0.0,"max_hp_gain":0.0,"max_hp_loss":0.0,"gold_gain":0.0,"event_name":"Shining Light","player_choice":"Entered Light","floor":11.0,"gold_loss":0.0,"damage_taken":22.0,"cards_upgraded":["Poisoned Stab","Survivor"]},{"damage_healed":0,"gold_gain":0,"cards_transformed":["Strike_G","Strike_G"],"player_choice":"Became Test Subject","damage_taken":0,"max_hp_gain":0,"max_hp_loss":0,"event_name":"Drug Dealer","floor":19,"gold_loss":0,"cards_obtained":["Flying Knee","Eviscerate"]},{"damage_healed":0,"gold_gain":0,"player_choice":"Ignored","damage_taken":0,"max_hp_gain":0,"max_hp_loss":0,"event_name":"N\u0027loth","floor":24,"gold_loss":0},{"damage_healed":0,"gold_gain":0,"player_choice":"Ignored","damage_taken":0,"max_hp_gain":0,"max_hp_loss":0,"event_name":"Vampires","floor":29,"gold_loss":0},{"damage_healed":0,"gold_gain":0,"player_choice":"Fought Bandits","damage_taken":0,"max_hp_gain":0,"max_hp_loss":0,"event_name":"Masked Bandits","floor":30,"gold_loss":0},{"damage_healed":0,"gold_gain":0,"player_choice":"Fight","damage_taken":0,"max_hp_gain":0,"max_hp_loss":0,"event_name":"MindBloom","floor":36,"gold_loss":0}],"is_beta":false,"boss_relics":[{"not_picked":["Snecko Eye","HoveringKite"],"picked":"Black Star"},{"not_picked":["White Beast Statue","Orrery"],"picked":"Cursed Key"}],"items_purged_floors":[38],"is_endless":false,"potions_floor_spawned":[12,16,22],"killed_by":"Transient","ascension_level":15}