{"gold_per_floor":[118,138,83,99,109,135,135,150,150,183,183,183,183,183,183,257,257,267,267,284,296,296,296,313,313,337,337,353,380,380,413,413,486,486,501,326,326,326,339,373,391,391,466,227,227,257,257,257,257,257,257],"floor_reached":52,"playtime":2797,"items_purged":["Dash"],"score":2087,"play_id":"eecfa2fd-2060-406c-95bb-1a517ec8aae9","local_time":"20181005141249","daily_mods":["SealedDeck"],"is_ascension_mode":true,"campfire_choices":[{"floor":7.0,"key":"REST"},{"data":"Cloak And Dagger","floor":11.0,"key":"SMITH"},{"floor":13.0,"key":"REST"},{"data":"Noxious Fumes","floor":15,"key":"SMITH"},{"data":"Envenom","floor":23,"key":"SMITH"},{"floor":25,"key":"REST"},{"data":"Footwork","floor":27,"key":"SMITH"},{"data":"Finisher","floor":30,"key":"SMITH"},{"data":"After Image","floor":32,"key":"SMITH"},{"data":"Blur","floor":42,"key":"SMITH"},{"data":"Escape Plan","floor":45,"key":"SMITH"},{"data":"Backflip","floor":49,"key":"SMITH"}],"neow_cost":"","seed_source_timestamp":0,"circlet_count":0,"master_deck":["AscendersBane","Deflect","Noxious Fumes+1","Cloak And Dagger+1","Escape Plan+1","Backflip+1","Dagger Spray","Cloak And Dagger+1","Finisher+1","Escape Plan+1","Blur+1","Footwork+1","Envenom+1","Backflip","After Image+1","Concentrate+1","PiercingWail+1","A Thousand Cuts+1"],"special_seed":0,"relics":["Ring of the Snake","War Paint","Snake Skull","Ancient Tea Set","Sozu","MutagenicStrength","Gremlin Horn","Art of War","Pear","Bag of Preparation","Vajra","FaceOfCleric","Unceasing Top","Omamori","Toxic Egg 2","Juzu Bracelet","Happy Flower"],"potions_floor_usage":[51,51],"damage_taken":[{"damage":0.0,"enemies":"Cultist","floor":1.0,"turns":4.0},{"damage":0.0,"enemies":"Small Slimes","floor":2.0,"turns":2.0},{"damage":0.0,"enemies":"2 Louse","floor":4.0,"turns":3.0},{"damage":0.0,"enemies":"Looter","floor":5.0,"turns":3.0},{"damage":52.0,"enemies":"Gremlin Nob","floor":6.0,"turns":5.0},{"damage":5.0,"enemies":"Large Slime","floor":8.0,"turns":7.0},{"damage":11.0,"enemies":"3 Sentries","floor":10.0,"turns":7.0},{"damage":6,"enemies":"Hexaghost","floor":16,"turns":10},{"damage":5,"enemies":"2 Thieves","floor":18,"turns":4},{"damage":0,"enemies":"Chosen","floor":20,"turns":4},{"damage":12,"enemies":"Shelled Parasite and Fungi","floor":21,"turns":6},{"damage":0,"enemies":"Centurion and Healer","floor":24,"turns":5},{"damage":0,"enemies":"Snecko","floor":28,"turns":3},{"damage":0,"enemies":"Gremlin Leader","floor":29,"turns":3},{"damage":0,"enemies":"Slavers","floor":31,"turns":4},{"damage":0,"enemies":"Automaton","floor":33,"turns":8},{"damage":10,"enemies":"3 Shapes","floor":35,"turns":4},{"damage":0,"enemies":"Mind Bloom Boss Battle","floor":38,"turns":7},{"damage":0,"enemies":"Orb Walker","floor":39,"turns":4},{"damage":5,"enemies":"2 Orb Walkers","floor":40,"turns":6},{"damage":0,"enemies":"Reptomancer","floor":41,"turns":3},{"damage":31,"enemies":"Nemesis","floor":46,"turns":9},{"damage":18,"enemies":"Time Eater","floor":50,"turns":11},{"damage":27,"enemies":"Awakened One","floor":51,"turns":7}],"seed_played":"-1762382445685001117","potions_obtained":[{"floor":2.0,"key":"Fire Potion"},{"floor":8.0,"key":"Dexterity Potion"},{"floor":16,"key":"PowerPotion"}],"is_trial":true,"path_per_floor":["M","M","$","M","M","E","R","M","T","E","R","?","R","?","R","B",null,"M","?","M","M","T","R","M","R","T","R","M","E","R","E","R","B",null,"M","$","?","?","M","E","M","R","T","$","R","E","?","?","R","B","B"],"character_chosen":"THE_SILENT","items_purchased":["Dexterity Potion","Vajra","Juzu Bracelet"],"campfire_rested":3,"item_purchase_floors":[3,36,44],"current_hp_per_floor":[59,59,59,59,59,7,26,21,21,10,10,10,29,29,29,23,55,50,50,50,38,38,38,38,57,57,57,57,67,67,67,67,67,74,64,64,64,65,66,62,63,63,63,63,63,33,33,66,66,49,23],"gold":257,"neow_bonus":"","is_prod":false,"is_daily":false,"chose_seed":false,"campfire_upgraded":9,"win_rate":0,"timestamp":1538773969,"path_taken":["M","M","$","M","M","E","R","M","T","E","R","?","R","?","R","BOSS","M","?","?","M","?","R","M","R","T","R","M","E","R","E","R","BOSS","M","$","?","?","?","E","M","R","T","$","R","E","?","?","R","BOSS","BOSS"],"build_version":"2018-10-04","purchased_purges":1,"victory":true,"max_hp_per_floor":[66,66,66,66,66,66,66,66,66,66,66,66,66,66,66,66,66,66,66,66,66,66,66,66,66,66,66,66,76,76,76,76,76,76,76,76,76,77,78,79,80,80,80,80,80,81,81,66,66,67,68],"card_choices":[{"not_picked":["PiercingWail","Prepared","Cloak And Dagger"],"picked":"SKIP","floor":1.0},{"not_picked":["Flechettes","PiercingWail"],"picked":"Blur","floor":2.0},{"not_picked":["Deadly Poison","Slice","Catalyst"],"picked":"SKIP","floor":4.0},{"not_picked":["Underhanded Strike","Reflex"],"picked":"Footwork","floor":5.0},{"not_picked":["Flechettes","Venomology","Heel Hook"],"picked":"SKIP","floor":6.0},{"not_picked":["Expertise","Sucker Punch","Acrobatics"],"picked":"SKIP","floor":8.0},{"not_picked":["Cloak And Dagger","Concentrate","Noxious Fumes"],"picked":"SKIP","floor":10.0},{"not_picked":["Tools of the Trade","Doppelganger"],"picked":"Envenom","floor":16},{"not_picked":["Well Laid Plans","Dodge and Roll+1"],"picked":"Backflip","floor":18},{"not_picked":["Deflect","Dodge and Roll+1","Crippling Poison"],"picked":"SKIP","floor":20},{"not_picked":["Setup","Acrobatics","Noxious Fumes"],"picked":"SKIP","floor":21},{"not_picked":["Choke","Caltrops","Slice"],"picked":"SKIP","floor":24},{"not_picked":["Acrobatics+1","Caltrops","Tactician"],"picked":"SKIP","floor":28},{"not_picked":["Tactician","Acrobatics","PiercingWail"],"picked":"SKIP","floor":29},{"not_picked":["Deadly Poison","All Out Attack"],"picked":"After Image","floor":31},{"not_picked":["Outmaneuver","Underhanded Strike","Sucker Punch"],"picked":"SKIP","floor":35},{"not_picked":["Heel Hook","Acrobatics"],"picked":"Concentrate+1","floor":38},{"not_picked":["Well Laid Plans+1","Backflip"],"picked":"PiercingWail+1","floor":39},{"not_picked":["Predator","Backstab","Dagger Throw"],"picked":"SKIP","floor":40},{"not_picked":["Flying Knee+1","Sucker Punch","PiercingWail"],"picked":"SKIP","floor":41},{"not_picked":["Backflip+1","PiercingWail+1"],"picked":"A Thousand Cuts","floor":46}],"player_experience":1278582,"relics_obtained":[{"floor":6.0,"key":"War Paint"},{"floor":9.0,"key":"Snake Skull"},{"floor":10.0,"key":"Ancient Tea Set"},{"floor":22,"key":"Gremlin Horn"},{"floor":26,"key":"Art of War"},{"floor":29,"key":"Pear"},{"floor":31,"key":"Bag of Preparation"},{"floor":38,"key":"Unceasing Top"},{"floor":40,"key":"Omamori"},{"floor":43,"key":"Toxic Egg 2"},{"floor":46,"key":"Happy Flower"}],"event_choices":[{"event_name":"Liars Game","player_choice":"disagreed","floor":12.0,"damage_taken":0.0},{"event_name":"Scrap Ooze","player_choice":"unsuccessful","floor":14,"damage_taken":0},{"event_name":"Drug Dealer","player_choice":"Inject Mutagens","floor":19,"damage_taken":0},{"event_name":"FaceTrader","player_choice":"Trade","floor":37,"damage_taken":0},{"event_name":"MindBloom","player_choice":"Fight","floor":38,"damage_taken":0},{"event_name":"Accursed Blacksmith","player_choice":"Forge","floor":47,"damage_taken":0},{"event_name":"The Moai Head","player_choice":"Heal","floor":48,"damage_taken":0}],"is_beta":false,"boss_relics":[{"not_picked":["Eternal Feather","White Beast Statue"],"picked":"Sozu"},{"not_picked":["Calling Bell","Velvet Choker","Philosopher\u0027s Stone"]}],"items_purged_floors":[44],"is_endless":false,"potions_floor_spawned":[2,4,5,8,16,20,24,28,38,40],"ascension_level":20}