{"gold_per_floor":[116,116,131,144,156,156,175,185,266,298,223,240,266,280,280,354,354,309,309,309,309,14,14,14,14,14,14,14,14,14,14,14,14,14,14,14,14,0,0,0,0,0,0,0,0,0,0,0,0,0],"floor_reached":50,"playtime":1802,"items_purged":[],"score":991,"play_id":"1c743681-6258-40bf-a49f-07836a42633b","local_time":"20190401211945","is_ascension_mode":true,"campfire_choices":[{"data":"Combust","floor":6.0,"key":"SMITH"},{"data":"Armaments","floor":15.0,"key":"SMITH"},{"floor":24.0,"key":"REST"},{"floor":32.0,"key":"REST"},{"floor":40.0,"key":"REST"},{"floor":45.0,"key":"REST"},{"floor":49.0,"key":"REST"}],"neow_cost":"NONE","seed_source_timestamp":48284854269553,"circlet_count":0,"master_deck":["AscendersBane","Strike_R+1","Strike_R+1","Strike_R+1","Strike_R+1","Strike_R+1","Defend_R+1","Defend_R+1","Defend_R+1","Defend_R+1","Bash+1","Iron Wave+1","Headbutt","Combust+1","Shrug It Off","Disarm","Havoc","Anger","Armaments+1","Rampage","Reckless Charge","Flame Barrier","Offering","Iron Wave+1","Metallicize","Spot Weakness","Battle Trance","Shrug It Off","Battle Trance","True Grit+1","Corruption","Offering","Clothesline+1","Feel No Pain","Shockwave+1","Twin Strike+1"],"special_seed":0,"relics":["Burning Blood","NeowsBlessing","Letter Opener","Shuriken","Turnip","Ectoplasm","PreservedInsect","Omamori","Pen Nib","Torii","Philosopher\u0027s Stone","Red Mask","Question Card","Meat on the Bone","Molten Egg 2","FossilizedHelix"],"potions_floor_usage":[],"damage_taken":[{"damage":0.0,"enemies":"Jaw Worm","floor":1.0,"turns":1.0},{"damage":0.0,"enemies":"Small Slimes","floor":3.0,"turns":1.0},{"damage":0.0,"enemies":"2 Louse","floor":4.0,"turns":1.0},{"damage":19.0,"enemies":"Lots of Slimes","floor":5.0,"turns":3.0},{"damage":8.0,"enemies":"Blue Slaver","floor":7.0,"turns":6.0},{"damage":11.0,"enemies":"3 Louse","floor":8.0,"turns":6.0},{"damage":9.0,"enemies":"3 Sentries","floor":10.0,"turns":5.0},{"damage":11.0,"enemies":"Exordium Wildlife","floor":12.0,"turns":4.0},{"damage":27.0,"enemies":"Gremlin Nob","floor":13.0,"turns":4.0},{"damage":4.0,"enemies":"2 Fungi Beasts","floor":14.0,"turns":4.0},{"damage":9.0,"enemies":"Slime Boss","floor":16.0,"turns":7.0},{"damage":31.0,"enemies":"2 Thieves","floor":18.0,"turns":4.0},{"damage":10.0,"enemies":"Shell Parasite","floor":20.0,"turns":3.0},{"damage":8.0,"enemies":"Book of Stabbing","floor":23.0,"turns":3.0},{"damage":21.0,"enemies":"Slavers","floor":27.0,"turns":5.0},{"damage":6.0,"enemies":"Snecko","floor":28.0,"turns":4.0},{"damage":10.0,"enemies":"Snake Plant","floor":30.0,"turns":4.0},{"damage":7.0,"enemies":"3 Cultists","floor":31.0,"turns":5.0},{"damage":42.0,"enemies":"Collector","floor":33.0,"turns":8.0},{"damage":10.0,"enemies":"3 Darklings","floor":35.0,"turns":6.0},{"damage":11.0,"enemies":"3 Shapes","floor":36.0,"turns":8.0},{"damage":8.0,"enemies":"Jaw Worm Horde","floor":42.0,"turns":4.0},{"damage":31.0,"enemies":"Nemesis","floor":44.0,"turns":7.0},{"damage":28.0,"enemies":"Reptomancer","floor":46.0,"turns":5.0},{"damage":6.0,"enemies":"Mind Bloom Boss Battle","floor":47.0,"turns":9.0},{"damage":76,"enemies":"Time Eater","floor":50,"turns":7}],"seed_played":"5962734934664964948","potions_obtained":[{"floor":3.0,"key":"Regen Potion"},{"floor":5.0,"key":"EntropicBrew"},{"floor":7.0,"key":"SpeedPotion"},{"floor":20.0,"key":"AttackPotion"},{"floor":23.0,"key":"BloodPotion"},{"floor":31.0,"key":"Block Potion"},{"floor":35.0,"key":"Fire Potion"},{"floor":44.0,"key":"SteroidPotion"}],"is_trial":false,"path_per_floor":["M","?","M","M","M","R","M","M","T","E","$","M","E","M","R","B",null,"M","?","M","?","$","E","R","$","T","E","M","?","M","M","R","B",null,"M","M","?","?","$","R","?","M","T","E","R","E","?","?","R","B"],"character_chosen":"IRONCLAD","items_purchased":["Anger","Armaments","PreservedInsect","Spot Weakness","Battle Trance"],"campfire_rested":5,"item_purchase_floors":[11,11,22,22,22],"current_hp_per_floor":[74,51,57,63,50,50,63,58,58,55,55,50,29,31,31,28,63,38,38,34,34,34,32,54,54,54,46,46,32,28,27,49,13,60,56,51,51,51,51,73,75,73,73,48,70,48,48,48,70,0],"gold":0,"neow_bonus":"THREE_ENEMY_KILL","is_prod":false,"is_daily":false,"chose_seed":false,"campfire_upgraded":2,"win_rate":0,"timestamp":1554178785,"path_taken":["M","?","M","M","M","R","M","M","T","E","$","M","E","M","R","BOSS","M","?","M","?","$","E","R","$","T","E","M","?","M","?","R","BOSS","M","M","?","?","?","R","?","M","T","E","R","E","?","?","R","BOSS"],"build_version":"2019-01-23","purchased_purges":0,"victory":false,"max_hp_per_floor":[75,75,75,75,75,75,75,75,75,75,75,75,75,75,75,75,75,75,75,75,75,75,75,75,75,75,75,75,75,75,75,75,75,75,75,75,75,75,75,75,75,75,75,75,75,75,75,75,75,75],"card_choices":[{"not_picked":["Flex","True Grit"],"picked":"Iron Wave","floor":1.0},{"not_picked":["Shrug It Off","Havoc"],"picked":"Headbutt","floor":3.0},{"not_picked":["Headbutt","Exhume"],"picked":"Combust","floor":4.0},{"not_picked":["Thunderclap","Body Slam"],"picked":"Shrug It Off","floor":5.0},{"not_picked":["Headbutt","Feel No Pain"],"picked":"Disarm","floor":7.0},{"not_picked":["Headbutt","Sword Boomerang"],"picked":"Havoc","floor":8.0},{"not_picked":["Havoc","Berserk","Heavy Blade"],"picked":"SKIP","floor":10.0},{"not_picked":["Warcry","Carnage"],"picked":"Rampage","floor":12.0},{"not_picked":["Clash","Wild Strike"],"picked":"Reckless Charge","floor":13.0},{"not_picked":["True Grit","Flex"],"picked":"Flame Barrier","floor":14.0},{"not_picked":["Impervious","Bludgeon"],"picked":"Offering","floor":16.0},{"not_picked":["Thunderclap+1","Flex"],"picked":"Iron Wave+1","floor":18.0},{"not_picked":["Flex","Anger"],"picked":"Metallicize","floor":20.0},{"not_picked":["Anger","Sentinel"],"picked":"Shrug It Off","floor":23.0},{"not_picked":["Reckless Charge","Flame Barrier"],"picked":"Battle Trance","floor":27.0},{"not_picked":["Cleave","Anger+1","Clothesline"],"picked":"SKIP","floor":28.0},{"not_picked":["Combust","Anger"],"picked":"True Grit+1","floor":30.0},{"not_picked":["Pommel Strike","True Grit"],"picked":"Corruption","floor":31.0},{"not_picked":["Bludgeon","Demon Form"],"picked":"Offering","floor":33.0},{"not_picked":["Havoc","Thunderclap","Armaments"],"picked":"SKIP","floor":35.0},{"not_picked":["Flex+1","Havoc","Perfected Strike"],"picked":"SKIP","floor":36.0},{"not_picked":["Intimidate","Armaments"],"picked":"Clothesline+1","floor":42.0},{"not_picked":["Havoc","Shockwave","Cleave+1"],"picked":"Feel No Pain","floor":44.0},{"not_picked":["Whirlwind","Headbutt+1","Seeing Red"],"picked":"Shockwave+1","floor":46.0},{"not_picked":["Havoc","Rupture","Armaments+1"],"picked":"Twin Strike+1","floor":47.0}],"player_experience":2406691,"relics_obtained":[{"floor":9.0,"key":"Letter Opener"},{"floor":10.0,"key":"Shuriken"},{"floor":13.0,"key":"Turnip"},{"floor":23.0,"key":"Omamori"},{"floor":26.0,"key":"Pen Nib"},{"floor":27.0,"key":"Torii"},{"floor":43.0,"key":"Question Card"},{"floor":44.0,"key":"Meat on the Bone"},{"floor":46.0,"key":"Molten Egg 2"},{"floor":47.0,"key":"FossilizedHelix"}],"event_choices":[{"damage_healed":0.0,"max_hp_gain":0.0,"max_hp_loss":0.0,"gold_gain":0.0,"event_name":"Shining Light","player_choice":"Entered Light","floor":2.0,"gold_loss":0.0,"damage_taken":23.0,"cards_upgraded":["Iron Wave","Bash"]},{"damage_healed":0.0,"max_hp_gain":0.0,"max_hp_loss":0.0,"gold_gain":0.0,"event_name":"Back to Basics","player_choice":"Simplicity","floor":19.0,"gold_loss":0.0,"damage_taken":0.0,"cards_upgraded":["Strike_R","Strike_R","Strike_R","Strike_R","Strike_R","Defend_R","Defend_R","Defend_R","Defend_R"]},{"damage_healed":0.0,"max_hp_gain":0.0,"max_hp_loss":0.0,"gold_gain":0.0,"event_name":"The Mausoleum","player_choice":"Ignored","floor":21.0,"gold_loss":0.0,"damage_taken":0.0},{"damage_healed":0.0,"max_hp_gain":0.0,"max_hp_loss":0.0,"gold_gain":0.0,"event_name":"Knowing Skull","player_choice":"POTION ","floor":29.0,"potions_obtained":["EssenceOfSteel"],"gold_loss":0.0,"damage_taken":14.0,"cards_obtained":[]},{"damage_healed":0.0,"max_hp_gain":0.0,"max_hp_loss":0.0,"gold_gain":0.0,"event_name":"SensoryStone","player_choice":"Memory 1","floor":37.0,"gold_loss":0.0,"damage_taken":0.0},{"damage_healed":0.0,"max_hp_gain":0.0,"max_hp_loss":0.0,"gold_gain":0.0,"event_name":"Tomb of Lord Red Mask","player_choice":"Paid","floor":38.0,"gold_loss":14.0,"damage_taken":0.0,"relics_obtained":["Red Mask"]},{"damage_healed":15.0,"max_hp_gain":0.0,"max_hp_loss":0.0,"gold_gain":0.0,"event_name":"Winding Halls","player_choice":"Writhe","floor":41.0,"gold_loss":0.0,"damage_taken":0.0,"cards_obtained":["Writhe"]},{"damage_healed":0.0,"max_hp_gain":0.0,"max_hp_loss":0.0,"gold_gain":0.0,"event_name":"MindBloom","player_choice":"Fight","floor":47.0,"gold_loss":0.0,"damage_taken":0.0},{"damage_healed":0.0,"max_hp_gain":0.0,"max_hp_loss":0.0,"gold_gain":0.0,"event_name":"SecretPortal","player_choice":"Ignored","floor":48.0,"gold_loss":0.0,"damage_taken":0.0}],"is_beta":false,"boss_relics":[{"not_picked":["Lizard Tail","Black Star"],"picked":"Ectoplasm"},{"not_picked":["Fusion Hammer","Empty Cage"],"picked":"Philosopher\u0027s Stone"}],"items_purged_floors":[],"is_endless":false,"potions_floor_spawned":[3,5,7,8,13,20,23,31,35,42,44],"killed_by":"Time Eater","ascension_level":15}