{"gold_per_floor":[16,33,33,45,61,61,71,98,124,124,141,141,151,177,177,253,253,266,282,282,300,312,312,345,345,371,371],"floor_reached":27,"playtime":1668,"items_purged":[],"score":474,"play_id":"61938575-d451-4e80-a732-32c413a2e4c0","local_time":"20190410211937","is_ascension_mode":true,"campfire_choices":[{"data":"Whirlwind","floor":6,"key":"SMITH"},{"floor":12,"key":"REST"},{"data":"Uppercut","floor":15,"key":"SMITH"},{"floor":23,"key":"REST"},{"floor":25,"key":"REST"}],"neow_cost":"NO_GOLD","seed_source_timestamp":1866693308644000,"circlet_count":0,"master_deck":["AscendersBane","Strike_R+1","Strike_R","Strike_R+1","Strike_R","Defend_R","Defend_R","Defend_R","Defend_R","Bash","Thunderclap","Uppercut+1","Burning Pact","Battle Trance","Whirlwind+1","Shrug It Off","Dropkick","Spot Weakness","Headbutt","Disarm","Exhume","Second Wind+1","Flex+1","Decay","Feel No Pain+1","Twin Strike","Warcry"],"relics":["Burning Blood","Mango","Centennial Puzzle","Bag of Marbles","Red Skull","Runic Pyramid","Whetstone","Smiling Mask"],"potions_floor_usage":[8,13,24,24],"damage_taken":[{"damage":16,"enemies":"Jaw Worm","floor":1,"turns":5},{"damage":6,"enemies":"Cultist","floor":2,"turns":4},{"damage":4,"enemies":"Small Slimes","floor":4,"turns":3},{"damage":10,"enemies":"Red Slaver","floor":5,"turns":2},{"damage":27,"enemies":"Exordium Thugs","floor":7,"turns":3},{"damage":47,"enemies":"Lagavulin","floor":8,"turns":6},{"damage":3,"enemies":"Looter","floor":11,"turns":3},{"damage":0,"enemies":"Large Slime","floor":13,"turns":2},{"damage":16,"enemies":"Hexaghost","floor":16,"turns":8},{"damage":40,"enemies":"Spheric Guardian","floor":18,"turns":6},{"damage":3,"enemies":"Chosen","floor":19,"turns":4},{"damage":30,"enemies":"Snecko","floor":21,"turns":6},{"damage":4,"enemies":"Centurion and Healer","floor":22,"turns":4},{"damage":32,"enemies":"Slavers","floor":24,"turns":3},{"damage":60,"enemies":"Book of Stabbing","floor":27,"turns":4}],"seed_played":"-7549274281610624624","potions_obtained":[{"floor":7,"key":"Explosive Potion"},{"floor":8,"key":"Strength Potion"},{"floor":11,"key":"Block Potion"},{"floor":13,"key":"BloodPotion"},{"floor":16,"key":"Strength Potion"},{"floor":19,"key":"PowerPotion"}],"is_trial":false,"path_per_floor":["M","M","?","M","M","R","M","E","T","?","M","R","M","T","R","B",null,"M","M","?","M","M","R","E","R","T","E"],"character_chosen":"IRONCLAD","items_purchased":[],"campfire_rested":3,"item_purchase_floors":[],"current_hp_per_floor":[72,72,72,74,70,70,49,8,8,8,11,37,43,43,43,33,75,41,44,44,20,22,48,22,48,48,0],"gold":371,"neow_bonus":"ONE_RARE_RELIC","is_prod":false,"is_daily":false,"chose_seed":false,"campfire_upgraded":2,"win_rate":0,"timestamp":1554927577,"path_taken":["M","M","?","M","?","R","M","E","T","?","M","R","?","?","R","BOSS","M","M","?","M","M","R","E","R","T","E"],"build_version":"2019-01-23","purchased_purges":0,"victory":false,"max_hp_per_floor":[89,89,89,89,89,89,89,89,89,89,89,89,89,89,89,89,89,89,89,89,89,89,89,89,89,89,89],"card_choices":[{"not_picked":["Headbutt","Fire Breathing"],"picked":"Thunderclap","floor":1},{"not_picked":["Shockwave","Corruption"],"picked":"Uppercut","floor":2},{"not_picked":["Sentinel","Clothesline"],"picked":"Battle Trance","floor":4},{"not_picked":["Bloodletting","Ghostly Armor"],"picked":"Whirlwind","floor":5},{"not_picked":["Rupture","Iron Wave"],"picked":"Shrug It Off","floor":7},{"not_picked":["Thunderclap","Clothesline"],"picked":"Dropkick","floor":8},{"not_picked":["Thunderclap","Armaments"],"picked":"Headbutt","floor":11},{"not_picked":["Hemokinesis","Iron Wave"],"picked":"Disarm","floor":13},{"not_picked":["Juggernaut","Barricade"],"picked":"Exhume","floor":16},{"not_picked":["True Grit","Pommel Strike"],"picked":"Second Wind+1","floor":18},{"not_picked":["Carnage","Dual Wield"],"picked":"Flex+1","floor":19},{"not_picked":["Heavy Blade","Iron Wave"],"picked":"Feel No Pain+1","floor":21},{"not_picked":["Wild Strike","Thunderclap"],"picked":"Twin Strike","floor":22},{"not_picked":["Iron Wave","Headbutt"],"picked":"Warcry","floor":24}],"player_experience":2663475,"relics_obtained":[{"floor":8,"key":"Centennial Puzzle"},{"floor":9,"key":"Bag of Marbles"},{"floor":14,"key":"Red Skull"},{"floor":24,"key":"Whetstone"},{"floor":26,"key":"Smiling Mask"}],"event_choices":[{"damage_healed":0,"gold_gain":0,"cards_transformed":["Strike_R"],"player_choice":"Transformed","damage_taken":0,"max_hp_gain":0,"max_hp_loss":0,"event_name":"Transmorgrifier","floor":3,"gold_loss":0,"cards_obtained":["Burning Pact"]},{"damage_healed":0,"gold_gain":0,"player_choice":"1 cards matched","damage_taken":0,"max_hp_gain":0,"max_hp_loss":0,"event_name":"Match and Keep!","floor":10,"gold_loss":0,"cards_obtained":["Spot Weakness"]},{"damage_healed":0,"gold_gain":0,"player_choice":"Smashed Altar","damage_taken":0,"max_hp_gain":0,"max_hp_loss":0,"event_name":"Forgotten Altar","floor":20,"gold_loss":0,"cards_obtained":["Decay"]}],"is_beta":false,"boss_relics":[{"not_picked":["Busted Crown","Runic Cube"],"picked":"Runic Pyramid"}],"items_purged_floors":[],"is_endless":false,"potions_floor_spawned":[7,8,11,13,16,19,21,22],"killed_by":"Book of Stabbing","ascension_level":20}