{"gold_per_floor":[119,119,194,208,223,267,166,190,190,190,206,225,225,245,245,376,376,392,413,413,434,13,51,1,15,96,96],"floor_reached":27,"playtime":1233,"items_purged":["Strike_G","Injury"],"score":235,"play_id":"403c9710-cac2-4354-bf4f-b5cf8c31503f","local_time":"25610718141815","is_ascension_mode":false,"campfire_choices":[{"data":"Neutralize","floor":10,"key":"SMITH"},{"data":"Survivor","floor":13,"key":"SMITH"},{"floor":15,"key":"REST"}],"neow_cost":"","seed_source_timestamp":19305842541177,"circlet_count":0,"master_deck":["Defend_G","Defend_G","Defend_G","Defend_G","Defend_G","Strike_G","Strike_G","Strike_G","Strike_G","Survivor+1","Neutralize+1","Poisoned Stab","Poisoned Stab","Cloak And Dagger","Tactician","Acrobatics","Deflect","Sucker Punch","Envenom+1","Poisoned Stab","Noxious Fumes+1","Escape Plan","Backflip","Outmaneuver","PiercingWail","Well Laid Plans"],"relics":["Ring of the Snake","Golden Idol","Centennial Puzzle","Happy Flower","Question Card","Sozu","Bottled Tornado","Dream Catcher","Meat on the Bone"],"potions_floor_usage":[6,6,16,19],"damage_taken":[{"damage":3,"enemies":"Jaw Worm","floor":1,"turns":5},{"damage":0,"enemies":"Small Slimes","floor":4,"turns":3},{"damage":0,"enemies":"Cultist","floor":5,"turns":3},{"damage":17,"enemies":"Gremlin Nob","floor":6,"turns":4},{"damage":5,"enemies":"Large Slime","floor":11,"turns":9},{"damage":4,"enemies":"Looter","floor":12,"turns":3},{"damage":7,"enemies":"Exordium Thugs","floor":14,"turns":6},{"damage":17,"enemies":"Hexaghost","floor":16,"turns":13},{"damage":8,"enemies":"Chosen","floor":18,"turns":4},{"damage":9,"enemies":"Spheric Guardian","floor":19,"turns":5},{"damage":16,"enemies":"Slaver and Parasite","floor":21,"turns":8},{"damage":21,"enemies":"Gremlin Leader","floor":23,"turns":7},{"damage":4,"enemies":"Snake Plant","floor":25,"turns":5},{"damage":16,"enemies":"Cultist and Chosen","floor":27,"turns":6}],"seed_played":"4745691217947104374","potions_obtained":[{"floor":4,"key":"Dexterity Potion"},{"floor":5,"key":"Fire Potion"},{"floor":12,"key":"GhostInAJar"},{"floor":16,"key":"Dexterity Potion"}],"is_trial":false,"path_per_floor":["M","?","?","M","M","E","$","T","T","R","M","M","R","M","R","B",null,"M","M","?","M","$","E","?","M","T"],"character_chosen":"THE_SILENT","items_purchased":["Acrobatics","Bottled Tornado","Backflip","Outmaneuver"],"campfire_rested":1,"item_purchase_floors":[7,22,22,22],"current_hp_per_floor":[67,67,56,56,56,39,39,39,39,39,34,30,30,23,44,27,70,62,53,53,37,37,16,16,12,12,0],"gold":96,"neow_bonus":"","is_prod":false,"is_daily":false,"chose_seed":false,"campfire_upgraded":2,"win_rate":0,"timestamp":1531898295,"path_taken":["M","?","?","M","M","E","$","?","T","R","?","M","R","M","R","BOSS","M","M","?","M","$","E","?","M","T","?"],"build_version":"2018-07-12","purchased_purges":2,"victory":false,"max_hp_per_floor":[70,70,70,70,70,70,70,70,70,70,70,70,70,70,70,70,70,70,70,70,70,70,70,70,70,70,70],"card_choices":[{"not_picked":["Acrobatics","Calculated Gamble"],"picked":"Poisoned Stab","floor":1},{"not_picked":["Flying Knee","Skewer"],"picked":"Poisoned Stab","floor":4},{"not_picked":["Choke","Heel Hook"],"picked":"Cloak And Dagger","floor":5},{"not_picked":["Skewer","Deadly Poison"],"picked":"Tactician","floor":6},{"not_picked":["Dodge and Roll","Acrobatics","Dagger Spray"],"picked":"Deflect","floor":11},{"not_picked":["PiercingWail","Bane","Slice","Backflip"],"picked":"SKIP","floor":12},{"not_picked":["Eviscerate","Predator","Phantasmal Killer"],"picked":"Sucker Punch","floor":14},{"not_picked":["Wraith Form v2","After Image","Tactician"],"picked":"Envenom","floor":16},{"not_picked":["Bane","Dagger Throw","Expertise"],"picked":"Poisoned Stab","floor":18},{"not_picked":["Predator","Cloak And Dagger","Reflex"],"picked":"Noxious Fumes+1","floor":19},{"not_picked":["Predator","Acrobatics","Deadly Poison"],"picked":"Escape Plan","floor":21},{"not_picked":["Wraith Form v2","Choke","All Out Attack"],"picked":"PiercingWail","floor":23},{"not_picked":["Escape Plan","Quick Slash","Deadly Poison"],"picked":"Well Laid Plans","floor":25}],"player_experience":84585,"relics_obtained":[{"floor":6,"key":"Centennial Puzzle"},{"floor":8,"key":"Happy Flower"},{"floor":9,"key":"Question Card"},{"floor":23,"key":"Dream Catcher"},{"floor":26,"key":"Meat on the Bone"}],"event_choices":[{"event_name":"Golden Idol","player_choice":"Take Wound","floor":2,"damage_taken":0},{"event_name":"World of Goop","player_choice":"Gather Gold","floor":3,"damage_taken":0},{"event_name":"Upgrade Shrine","player_choice":"Upgraded","floor":20,"damage_taken":0},{"event_name":"The Joust","player_choice":"Bet on Murderer","floor":24,"damage_taken":0}],"boss_relics":[{"not_picked":["Orrery","Cursed Key"],"picked":"Sozu"}],"items_purged_floors":[7,22],"is_endless":false,"potions_floor_spawned":[4,5,12,16,19,25],"killed_by":"Cultist and Chosen","ascension_level":0}