{"gold_per_floor":[135,192,249,95,149,251,251,287,340,442,102,183,183,183,183,183],"floor_reached":16,"playtime":1422,"items_purged":[],"score":295,"play_id":"90733f0d-c629-478c-861f-b7e0e24addd9","local_time":"20181004174448","daily_mods":["Draft","Hoarder","Chimera","Shiny","Specialized","Vintage","Allstar","Diverse","Red Cards","Green Cards","Blue Cards","Colorless Cards","Heirloom","Time Dilation","Flight","Careless","Binary","Cursed Run","Elite Swarm","Lethality","Midas","Night Terrors","Terminal","Uncertain Future","Binary"],"is_ascension_mode":false,"campfire_choices":[{"floor":7,"key":"REST"},{"floor":13,"key":"REST"},{"floor":15,"key":"REST"}],"neow_cost":"","seed_source_timestamp":0,"circlet_count":0,"master_deck":["Bash","Survivor+1","Zap","Strike_R+1","Strike_G","Strike_B","Defend_R","Defend_G","Defend_B","Double Tap","Demon Form","Bludgeon","Feed","Limit Break+1","Barricade","Fiend Fire","Dark Embrace","Berserk","Impervious","Juggernaut","Brutality","Reaper","Exhume","Offering","Immolate","Demon Form","Wraith Form v2","Echo Form","Stack","Stack","Stack","Deadly Poison","Deadly Poison","Deadly Poison","Heavy Blade","Heavy Blade","Heavy Blade","Bane","Bane","Bane","Masterful Stab","Masterful Stab","Masterful Stab","FTL","FTL","FTL","Well Laid Plans","Well Laid Plans","Well Laid Plans","Slice","Slice","Slice","Bouncing Flask","Bouncing Flask","Bouncing Flask","Ball Lightning","Ball Lightning","Ball Lightning","Shrug It Off","Shrug It Off","Shrug It Off","Self Repair","Self Repair","Self Repair","Iron Wave+1","Iron Wave","Iron Wave","Whirlwind","Whirlwind","Whirlwind","PiercingWail","PiercingWail","PiercingWail"],"relics":["Snecko Eye","Unceasing Top","Busted Crown","Turnip","War Paint","Gremlin Horn","Bag of Marbles","Strawberry","Omamori","Juzu Bracelet","Whetstone","Blood Vial","Calipers","ClockworkSouvenir","Ancient Tea Set","Happy Flower"],"potions_floor_usage":[5],"damage_taken":[{"damage":0,"enemies":"Cultist","floor":1,"turns":2},{"damage":0,"enemies":"2 Louse","floor":2,"turns":1},{"damage":0,"enemies":"Jaw Worm","floor":3,"turns":3},{"damage":0,"enemies":"Exordium Wildlife","floor":5,"turns":1},{"damage":0,"enemies":"Gremlin Nob","floor":6,"turns":2},{"damage":0,"enemies":"3 Louse","floor":8,"turns":1},{"damage":0,"enemies":"3 Sentries","floor":10,"turns":1},{"damage":0,"enemies":"Gremlin Nob","floor":12,"turns":1},{"damage":7,"enemies":"The Guardian","floor":16,"turns":2}],"seed_played":"3775054908338760922","potions_obtained":[{"floor":1,"key":"FearPotion"},{"floor":5,"key":"SteroidPotion"},{"floor":6,"key":"Dexterity Potion"},{"floor":10,"key":"Strength Potion"}],"is_trial":true,"path_per_floor":["M","M","M","$","M","E","R","M","T","E","$","E","R","?","R"],"character_chosen":"IRONCLAD","items_purchased":["Strawberry","ClockworkSouvenir","Ancient Tea Set"],"campfire_rested":3,"item_purchase_floors":[4,11,11],"current_hp_per_floor":[1,3,5,11,10,9,3,2,1,1,1,1,1,1,1,0],"gold":183,"neow_bonus":"","is_prod":false,"is_daily":false,"chose_seed":false,"campfire_upgraded":0,"win_rate":0,"timestamp":1538667888,"path_taken":["M","M","?","?","M","E","R","M","T","E","$","E","R","?","R","BOSS"],"build_version":"2018-09-27","purchased_purges":0,"victory":false,"max_hp_per_floor":[1,3,5,11,10,9,3,2,1,1,1,1,1,1,1,1],"card_choices":[{"not_picked":["Bloodletting","Seeing Red"],"picked":"Stack","floor":0},{"not_picked":["Power Through","Conserve Battery"],"picked":"Deadly Poison","floor":0},{"not_picked":["Headbutt","Carnage"],"picked":"Heavy Blade","floor":0},{"not_picked":["Heatsinks","Bouncing Flask"],"picked":"Bane","floor":0},{"not_picked":["Doom and Gloom","Recycle"],"picked":"Masterful Stab","floor":0},{"not_picked":["Quick Slash","Rupture"],"picked":"FTL","floor":0},{"not_picked":["Clash","Thunderclap"],"picked":"Well Laid Plans","floor":0},{"not_picked":["Shockwave","Seeing Red"],"picked":"Slice","floor":0},{"not_picked":["Conserve Battery","Warcry"],"picked":"Bouncing Flask","floor":0},{"not_picked":["Barrage","Body Slam"],"picked":"Ball Lightning","floor":0},{"not_picked":["Dagger Spray","Cleave"],"picked":"Shrug It Off","floor":0},{"not_picked":["Warcry","Deflect"],"picked":"Self Repair","floor":0},{"not_picked":["Headbutt","Turbo"],"picked":"Iron Wave","floor":0},{"not_picked":["Reflex","Bloodletting"],"picked":"Whirlwind","floor":0},{"not_picked":["Body Slam","Barrage"],"picked":"PiercingWail","floor":0}],"player_experience":72320,"relics_obtained":[{"floor":1,"key":"War Paint"},{"floor":2,"key":"Gremlin Horn"},{"floor":3,"key":"Bag of Marbles"},{"floor":5,"key":"Omamori"},{"floor":6,"key":"Juzu Bracelet"},{"floor":8,"key":"Whetstone"},{"floor":9,"key":"Blood Vial"},{"floor":10,"key":"Calipers"},{"floor":12,"key":"Happy Flower"}],"event_choices":[{"event_name":"Scrap Ooze","player_choice":"unsuccessful","floor":14,"damage_taken":0}],"is_beta":false,"boss_relics":[],"items_purged_floors":[],"is_endless":true,"potions_floor_spawned":[1,5,6,10],"killed_by":"The Guardian","ascension_level":0}