{"gold_per_floor":[114,114,126,138,151,185,185,220,301,372,398,398,3,22,22,93,93,108,108,27,27,27,27,52,52,52,52,52,49,61,61,61,133,133,150,150,150,50,50,50,0,28,74,107,107,127,127,32,32,32,32,32,32,32,65,65],"floor_reached":57,"playtime":3435,"items_purged":["Strike_B","Defend_B"],"score":3180,"play_id":"c4204262-0c37-4683-a051-c39885240908","local_time":"20190311140320","is_ascension_mode":true,"campfire_choices":[{"data":"Creative AI","floor":7.0,"key":"SMITH"},{"floor":15.0,"key":"REST"},{"data":"Double Energy","floor":23.0,"key":"SMITH"},{"floor":28.0,"key":"REST"},{"data":"Fission","floor":32.0,"key":"SMITH"},{"data":"Buffer","floor":40.0,"key":"SMITH"},{"floor":49.0,"key":"RECALL"},{"data":"Panacea","floor":53.0,"key":"SMITH"}],"neow_cost":"NONE","seed_source_timestamp":10394497856200,"circlet_count":0,"master_deck":["AscendersBane","Defend_B+1","Defend_B+1","Dualcast+1","Conserve Battery+1","Ball Lightning+1","Creative AI+1","FTL+1","Double Energy+1","Reinforced Body+1","Echo Form+1","Ball Lightning+1","Amplify+1","Cold Snap+1","Buffer+1","Storm+1","Leap+1","Glacier+1","Turbo+1","Recycle+1","Fission+1","Coolheaded+1","White Noise+1","Panacea+1"],"special_seed":0,"relics":["Cracked Core","NeowsBlessing","Juzu Bracelet","Pocketwatch","Molten Egg 2","Shuriken","Boot","Anchor","Runic Pyramid","Oddly Smooth Stone","Ornamental Fan","Coffee Dripper","Red Mask","Emotion Chip","Potion Belt","Mark of the Bloom","Nunchaku"],"potions_floor_usage":[],"damage_taken":[{"damage":0.0,"enemies":"Small Slimes","floor":1.0,"turns":1.0},{"damage":0.0,"enemies":"Cultist","floor":3.0,"turns":1.0},{"damage":0.0,"enemies":"Jaw Worm","floor":4.0,"turns":1.0},{"damage":9.0,"enemies":"Blue Slaver","floor":5.0,"turns":3.0},{"damage":20.0,"enemies":"3 Sentries","floor":6.0,"turns":7.0},{"damage":32.0,"enemies":"Gremlin Nob","floor":8.0,"turns":4.0},{"damage":0.0,"enemies":"Lagavulin","floor":11.0,"turns":7.0},{"damage":1.0,"enemies":"Exordium Thugs","floor":14.0,"turns":5.0},{"damage":11.0,"enemies":"Slime Boss","floor":16.0,"turns":7.0},{"damage":8.0,"enemies":"Shell Parasite","floor":18.0,"turns":5.0},{"damage":39.0,"enemies":"Slavers","floor":24.0,"turns":4.0},{"damage":0.0,"enemies":"2 Thieves","floor":29.0,"turns":5.0},{"damage":8.0,"enemies":"Shelled Parasite and Fungi","floor":30.0,"turns":6.0},{"damage":0.0,"enemies":"Automaton","floor":33.0,"turns":8.0},{"damage":0.0,"enemies":"3 Shapes","floor":35.0,"turns":4.0},{"damage":0.0,"enemies":"Giant Head","floor":42.0,"turns":9.0},{"damage":0.0,"enemies":"Nemesis","floor":44.0,"turns":7.0},{"damage":0.0,"enemies":"Orb Walker","floor":46.0,"turns":4.0},{"damage":0.0,"enemies":"Awakened One","floor":50.0,"turns":11.0},{"damage":0.0,"enemies":"Donu and Deca","floor":51.0,"turns":6.0},{"damage":32.0,"enemies":"Shield and Spear","floor":55.0,"turns":6.0},{"damage":23,"enemies":"The Heart","floor":56,"turns":11}],"seed_played":"-3191519921690446424","potions_obtained":[{"floor":2.0,"key":"EssenceOfSteel"},{"floor":2.0,"key":"SpeedPotion"},{"floor":3.0,"key":"FocusPotion"},{"floor":4.0,"key":"Fire Potion"},{"floor":8.0,"key":"PowerPotion"},{"floor":16.0,"key":"SkillPotion"},{"floor":24.0,"key":"PowerPotion"},{"floor":29.0,"key":"SpeedPotion"},{"floor":35.0,"key":"FearPotion"}],"is_trial":false,"path_per_floor":["M","?","M","M","M","E","R","E","T","T","E","?","$","M","R","B",null,"M","?","$","?","?","R","E","?","T","$","R","M","M","?","R","B",null,"M","?","$","$","?","R","?","E","T","E","?","M","?","$","R","B","B",null,"R","$","E","B",null],"character_chosen":"DEFECT","items_purchased":["Anchor","Amplify","Storm","Panacea"],"campfire_rested":2,"item_purchase_floors":[13,13,20,48],"current_hp_per_floor":[64,64,64,64,55,35,35,3,3,3,3,3,3,2,23,12,56,48,48,48,48,48,48,9,9,9,9,30,30,22,22,22,22,59,59,59,59,59,59,59,59,59,59,59,59,59,59,59,59,59,59,59,59,59,27,4],"gold":65,"neow_bonus":"THREE_ENEMY_KILL","is_prod":false,"is_daily":false,"chose_seed":false,"campfire_upgraded":5,"win_rate":0,"timestamp":1552284200,"path_taken":["M","?","?","M","?","E","R","E","T","?","E","?","$","M","R","BOSS","M","?","$","?","?","R","E","?","T","$","R","M","M","?","R","BOSS","M","?","?","$","?","R","?","E","T","E","?","M","?","$","R","BOSS","BOSS","R","$","E","BOSS"],"build_version":"2019-01-23","purchased_purges":2,"victory":true,"max_hp_per_floor":[71,71,71,71,71,71,71,71,71,71,71,71,71,71,71,71,71,71,71,71,71,71,71,71,71,71,71,71,71,71,71,71,71,71,71,71,71,71,71,71,71,71,71,71,67,67,67,67,67,67,67,67,67,67,67,67],"card_choices":[{"not_picked":["Go for the Eyes","Hologram"],"picked":"Conserve Battery","floor":1.0},{"not_picked":["Stack","Recycle"],"picked":"Ball Lightning","floor":3.0},{"not_picked":["Scrape","Cold Snap"],"picked":"Creative AI","floor":4.0},{"not_picked":["Redo","Gash"],"picked":"FTL","floor":5.0},{"not_picked":["Go for the Eyes","Scrape"],"picked":"Double Energy","floor":6.0},{"not_picked":["Sunder","Beam Cell"],"picked":"Reinforced Body","floor":8.0},{"not_picked":["Doom and Gloom+1","Ball Lightning+1"],"picked":"Echo Form","floor":11.0},{"not_picked":["Leap","Compile Driver+1"],"picked":"Cold Snap+1","floor":14.0},{"not_picked":["Creative AI","Multi-Cast"],"picked":"Buffer","floor":16.0},{"not_picked":["Consume+1","Steam"],"picked":"FTL+1","floor":18.0},{"not_picked":["Tempest","Barrage+1"],"picked":"Leap","floor":24.0},{"not_picked":["Rebound+1","Gash+1","Darkness"],"picked":"SKIP","floor":29.0},{"not_picked":["Stack","Coolheaded"],"picked":"Turbo","floor":30.0},{"not_picked":["Redo","Rebound+1"],"picked":"Coolheaded","floor":35.0},{"not_picked":["Reprogram","Creative AI","Steam"],"picked":"SKIP","floor":42.0},{"not_picked":["Leap","Ball Lightning+1"],"picked":"White Noise","floor":44.0},{"not_picked":["Sunder+1","Redo","Double Energy+1"],"picked":"SKIP","floor":46.0},{"not_picked":["Turbo","Scrape+1","Cold Snap+1"],"picked":"SKIP","floor":55.0}],"player_experience":2800494,"relics_obtained":[{"floor":6.0,"key":"Juzu Bracelet"},{"floor":8.0,"key":"Pocketwatch"},{"floor":9.0,"key":"Molten Egg 2"},{"floor":10.0,"key":"Shuriken"},{"floor":11.0,"key":"Boot"},{"floor":24.0,"key":"Oddly Smooth Stone"},{"floor":26.0,"key":"Ornamental Fan"},{"floor":42.0,"key":"Emotion Chip"},{"floor":44.0,"key":"Potion Belt"},{"floor":55.0,"key":"Nunchaku"}],"event_choices":[{"damage_healed":0.0,"max_hp_gain":0.0,"max_hp_loss":0.0,"gold_gain":0.0,"event_name":"Lab","player_choice":"Got Potions","floor":2.0,"gold_loss":0.0,"damage_taken":0.0},{"damage_healed":0.0,"max_hp_gain":0.0,"max_hp_loss":0.0,"gold_gain":0.0,"cards_transformed":["Strike_B"],"event_name":"Living Wall","player_choice":"Change","floor":12.0,"gold_loss":0.0,"damage_taken":0.0,"cards_obtained":["Ball Lightning"]},{"cards_removed":["Strike_B"],"damage_healed":0.0,"max_hp_gain":0.0,"max_hp_loss":0.0,"gold_gain":0.0,"event_name":"Back to Basics","player_choice":"Elegance","floor":19.0,"gold_loss":0.0,"damage_taken":0.0},{"damage_healed":0.0,"max_hp_gain":0.0,"max_hp_loss":0.0,"gold_gain":0.0,"event_name":"The Mausoleum","player_choice":"Ignored","floor":21.0,"gold_loss":0.0,"damage_taken":0.0},{"damage_healed":0.0,"max_hp_gain":0.0,"max_hp_loss":0.0,"gold_gain":0.0,"event_name":"Vampires","player_choice":"Ignored","floor":22.0,"gold_loss":0.0,"damage_taken":0.0},{"damage_healed":0.0,"max_hp_gain":0.0,"max_hp_loss":0.0,"gold_gain":0.0,"event_name":"The Library","player_choice":"Read","floor":25.0,"gold_loss":0.0,"damage_taken":0.0,"cards_obtained":["Glacier"]},{"damage_healed":0.0,"max_hp_gain":0.0,"max_hp_loss":0.0,"gold_gain":0.0,"cards_transformed":["Strike_B","Defend_B"],"event_name":"Drug Dealer","player_choice":"Became Test Subject","floor":31.0,"gold_loss":0.0,"damage_taken":0.0,"cards_obtained":["Recycle","Fission"]},{"cards_removed":["Zap"],"damage_healed":0.0,"max_hp_gain":0.0,"max_hp_loss":0.0,"gold_gain":0.0,"event_name":"Purifier","player_choice":"Purged","floor":36.0,"gold_loss":0.0,"damage_taken":0.0},{"cards_removed":["FTL"],"damage_healed":0.0,"max_hp_gain":0.0,"max_hp_loss":0.0,"gold_gain":0.0,"event_name":"Falling","player_choice":"Removed Attack","floor":39.0,"gold_loss":0.0,"damage_taken":0.0},{"damage_healed":0.0,"max_hp_gain":0.0,"max_hp_loss":0.0,"gold_gain":0.0,"event_name":"Tomb of Lord Red Mask","player_choice":"Paid","floor":41.0,"gold_loss":50.0,"damage_taken":0.0,"relics_obtained":["Red Mask"]},{"damage_healed":0.0,"max_hp_gain":0.0,"max_hp_loss":4.0,"gold_gain":0.0,"event_name":"Winding Halls","player_choice":"Max HP","floor":45.0,"gold_loss":0.0,"damage_taken":0.0},{"damage_healed":0.0,"max_hp_gain":0.0,"max_hp_loss":0.0,"gold_gain":0.0,"event_name":"MindBloom","player_choice":"Upgrade","floor":47.0,"gold_loss":0.0,"damage_taken":0.0,"cards_upgraded":["Defend_B","Defend_B","Dualcast","Conserve Battery","Ball Lightning","FTL","Reinforced Body","Echo Form","Amplify","Storm","Leap","Glacier","Turbo","Recycle","Coolheaded","White Noise"],"relics_obtained":["Mark of the Bloom"]}],"is_beta":false,"boss_relics":[{"not_picked":["Calling Bell","Black Star"],"picked":"Runic Pyramid"},{"not_picked":["Cursed Key","FrozenCore"],"picked":"Coffee Dripper"}],"items_purged_floors":[13,38],"is_endless":false,"potions_floor_spawned":[3,4,8,16,24,29,35],"ascension_level":20}