{"gold_per_floor":[113,188,198,214,234,266,285,285,285,297,329,345,345,365,365,365],"floor_reached":16,"playtime":1026,"items_purged":[],"score":203,"play_id":"996559cb-4174-4e37-9760-5898cf1ae7b3","local_time":"20180726184154","is_ascension_mode":true,"campfire_choices":[{"floor":8,"key":"REST"},{"data":"Dualcast","floor":13,"key":"SMITH"},{"data":"Conserve Battery","floor":15,"key":"SMITH"}],"neow_cost":"NONE","seed_source_timestamp":41564518709027,"circlet_count":0,"master_deck":["Strike_B","Strike_B","Strike_B","Strike_B","Defend_B","Defend_B","Defend_B","Defend_B","Zap+1","Dualcast+1","AscendersBane","Coolheaded","Compile Driver","Cold Snap","Go for the Eyes","BootSequence","Conserve Battery+1","Ball Lightning","Rebound"],"special_seed":0,"relics":["Cracked Core","Frozen Egg 2","Bottled Flame","Happy Flower"],"potions_floor_usage":[11,11],"damage_taken":[{"damage":0.0,"enemies":"Small Slimes","floor":1.0,"turns":3.0},{"damage":0.0,"enemies":"2 Louse","floor":3.0,"turns":2.0},{"damage":0.0,"enemies":"Cultist","floor":4.0,"turns":3.0},{"damage":7,"enemies":"Gremlin Gang","floor":5,"turns":4},{"damage":31,"enemies":"Lagavulin","floor":6,"turns":7},{"damage":4,"enemies":"Blue Slaver","floor":7,"turns":3},{"damage":0,"enemies":"Looter","floor":10,"turns":2},{"damage":5,"enemies":"Gremlin Nob","floor":11,"turns":4},{"damage":0,"enemies":"2 Fungi Beasts","floor":12,"turns":3},{"damage":0,"enemies":"3 Louse","floor":14,"turns":3},{"damage":31,"enemies":"Hexaghost","floor":16,"turns":11}],"seed_played":"-1177972017538291564","potions_obtained":[{"floor":6,"key":"SpeedPotion"},{"floor":10,"key":"Explosive Potion"},{"floor":14,"key":"Strength Potion"}],"is_trial":false,"path_per_floor":["M","?","M","M","M","E","M","R","T","M","E","M","R","M","R"],"character_chosen":"DEFECT","items_purchased":[],"campfire_rested":1,"item_purchase_floors":[],"current_hp_per_floor":[64,53,53,53,46,15,11,32,32,32,27,27,27,27,27,0],"gold":365,"neow_bonus":"UPGRADE_CARD","is_prod":false,"is_daily":false,"chose_seed":false,"campfire_upgraded":2,"win_rate":0,"timestamp":1532655714,"path_taken":["M","?","M","M","M","E","?","R","T","M","E","M","R","M","R","BOSS"],"build_version":"2018-07-26","purchased_purges":0,"victory":false,"max_hp_per_floor":[71,71,71,71,71,71,71,71,71,71,71,71,71,71,71,71],"card_choices":[{"not_picked":["Barrage","Steam"],"picked":"Coolheaded","floor":1.0},{"not_picked":["Aggregate","Go for the Eyes"],"picked":"Compile Driver","floor":3.0},{"not_picked":["Sweeping Beam","Rebound"],"picked":"Cold Snap","floor":4.0},{"not_picked":["Beam Cell","Tempest"],"picked":"Go for the Eyes","floor":5},{"not_picked":["Barrage","Gash"],"picked":"BootSequence","floor":6},{"not_picked":["Double Energy","Hello World+1"],"picked":"Conserve Battery","floor":7},{"not_picked":["Melter","Leap"],"picked":"Ball Lightning","floor":10},{"not_picked":["Fission","Sweeping Beam","Go for the Eyes"],"picked":"SKIP","floor":11},{"not_picked":["Turbo","Barrage","Static Discharge+1"],"picked":"SKIP","floor":12},{"not_picked":["Gash","Coolheaded"],"picked":"Rebound","floor":14}],"player_experience":902388,"relics_obtained":[{"floor":6,"key":"Frozen Egg 2"},{"floor":9,"key":"Bottled Flame"},{"floor":11,"key":"Happy Flower"}],"event_choices":[{"event_name":"World of Goop","player_choice":"Gather Gold","floor":2.0,"damage_taken":0.0}],"is_beta":false,"boss_relics":[],"items_purged_floors":[],"is_endless":false,"potions_floor_spawned":[6,10,14],"killed_by":"Hexaghost","ascension_level":15}