{"gold_per_floor":[109,126,145,145,161,190,190,217,241,257,407,407,433,62,62,137,137,155,55,55,63,83,83,114,114,139,173,243,122,122,172,172,247,247,257,307,16,16,28,28,58,58,58,58,74,143,161,186,186,186],"floor_reached":51,"playtime":2968,"items_purged":["Doubt","Strike_B"],"score":1534,"play_id":"5ea229e6-1c9c-4d76-9af0-ec33c59d4872","local_time":"20190428160429","is_ascension_mode":true,"campfire_choices":[{"data":"Glacier","floor":7.0,"key":"SMITH"},{"data":"Defragment","floor":12.0,"key":"SMITH"},{"data":"Static Discharge","floor":15.0,"key":"SMITH"},{"data":"Barricade","floor":23.0,"key":"SMITH"},{"data":"Defragment","floor":25.0,"key":"SMITH"},{"data":"Dark Shackles","floor":30.0,"key":"SMITH"},{"floor":32.0,"key":"REST"},{"data":"PiercingWail","floor":40.0,"key":"SMITH"},{"data":"Leap","floor":42.0,"key":"SMITH"},{"floor":49.0,"key":"REST"}],"neow_cost":"NONE","seed_source_timestamp":1279636221489158,"circlet_count":0,"master_deck":["AscendersBane","Strike_B","Strike_B","Strike_B","Defend_B+1","Defend_B","Defend_B","Defend_B","Zap+1","Dualcast","Beam Cell+1","Glacier+1","Leap+1","Leap","Defragment+1","Ball Lightning","Static Discharge+1","Barricade+1","Dark Shackles+1","Defragment+1","PiercingWail+1","Bandage Up+1"],"special_seed":0,"relics":["Runic Pyramid","StoneCalendar","Bag of Preparation","Centennial Puzzle","Strawberry","PrismaticShard","Busted Crown","SsserpentHead","Boot","DataDisk","Potion Belt","Art of War","Enchiridion","White Beast Statue","Emotion Chip","Bottled Tornado","Nunchaku","Juzu Bracelet"],"potions_floor_usage":[50,50,50],"damage_taken":[{"damage":0.0,"enemies":"2 Louse","floor":1.0,"turns":4.0},{"damage":1.0,"enemies":"Small Slimes","floor":2.0,"turns":3.0},{"damage":1.0,"enemies":"Cultist","floor":3.0,"turns":3.0},{"damage":2.0,"enemies":"Exordium Thugs","floor":5.0,"turns":3.0},{"damage":24.0,"enemies":"Gremlin Nob","floor":6.0,"turns":5.0},{"damage":1.0,"enemies":"3 Sentries","floor":8.0,"turns":7.0},{"damage":4.0,"enemies":"Red Slaver","floor":10.0,"turns":3.0},{"damage":3.0,"enemies":"Lagavulin","floor":13.0,"turns":7.0},{"damage":1.0,"enemies":"Slime Boss","floor":16.0,"turns":7.0},{"damage":7.0,"enemies":"Shell Parasite","floor":18.0,"turns":6.0},{"damage":0.0,"enemies":"3 Byrds","floor":22.0,"turns":7.0},{"damage":24.0,"enemies":"Book of Stabbing","floor":24.0,"turns":6.0},{"damage":0.0,"enemies":"Gremlin Leader","floor":27.0,"turns":10.0},{"damage":0.0,"enemies":"Snake Plant","floor":28.0,"turns":5.0},{"damage":1.0,"enemies":"Automaton","floor":33.0,"turns":13.0},{"damage":2.0,"enemies":"3 Shapes","floor":35.0,"turns":5.0},{"damage":8.0,"enemies":"3 Darklings","floor":39.0,"turns":7.0},{"damage":0.0,"enemies":"Nemesis","floor":41.0,"turns":9.0},{"damage":6.0,"enemies":"Jaw Worm Horde","floor":45.0,"turns":7.0},{"damage":0.0,"enemies":"Maw","floor":46.0,"turns":10.0},{"damage":6.0,"enemies":"3 Darklings","floor":47.0,"turns":6.0},{"damage":61.0,"enemies":"Reptomancer","floor":48.0,"turns":10.0},{"damage":16,"enemies":"Awakened One","floor":50,"turns":28}],"seed_played":"6157829646797773577","potions_obtained":[{"floor":2.0,"key":"Block Potion"},{"floor":5.0,"key":"Explosive Potion"},{"floor":6.0,"key":"Block Potion"},{"floor":10.0,"key":"Weak Potion"},{"floor":22.0,"key":"PowerPotion"},{"floor":28.0,"key":"Energy Potion"},{"floor":33.0,"key":"Weak Potion"},{"floor":35.0,"key":"Swift Potion"},{"floor":39.0,"key":"Fire Potion"},{"floor":41.0,"key":"Regen Potion"},{"floor":45.0,"key":"Poison Potion"},{"floor":46.0,"key":"Swift Potion"},{"floor":47.0,"key":"Weak Potion"},{"floor":48.0,"key":"Strength Potion"}],"is_trial":false,"path_per_floor":["M","M","M","?","M","E","R","E","T","M","?","R","E","$","R","B",null,"M","$","?","$","M","R","E","R","T","E","M","$","R","?","R","B",null,"M","?","$","$","M","R","E","R","T","?","M","M","M","E","R","B",null],"character_chosen":"DEFECT","items_purchased":["PrismaticShard","Static Discharge","Defragment","Art of War","Emotion Chip"],"campfire_rested":2,"item_purchase_floors":[14,14,21,29,37],"current_hp_per_floor":[64,63,62,62,60,36,36,35,35,31,31,31,35,35,35,34,67,60,60,60,60,60,60,36,36,36,36,36,36,36,15,38,37,68,66,66,66,66,58,58,58,58,58,58,67,67,61,6,29,19],"gold":186,"neow_bonus":"BOSS_RELIC","is_prod":false,"is_daily":false,"chose_seed":false,"campfire_upgraded":8,"win_rate":0,"timestamp":1556460269,"path_taken":["M","M","M","?","M","E","R","E","T","M","?","R","E","$","R","BOSS","BOSS","M","$","?","?","M","R","E","R","T","E","?","?","R","?","R","BOSS","M","?","?","$","M","R","E","R","T","?","M","?","M","E","R","BOSS"],"build_version":"2019-01-23","purchased_purges":2,"victory":true,"max_hp_per_floor":[71,71,71,71,71,71,71,71,71,71,71,71,78,78,78,78,78,78,78,78,78,78,78,78,78,78,78,78,78,78,78,78,78,78,78,78,78,78,78,78,78,78,78,78,78,78,78,78,78,78],"card_choices":[{"not_picked":["Aggregate","Streamline"],"picked":"Rebound","floor":1.0},{"not_picked":["Chaos","Skim","Stack"],"picked":"SKIP","floor":2.0},{"not_picked":["Coolheaded","Rebound"],"picked":"Beam Cell","floor":3.0},{"not_picked":["Auto Shields","Self Repair"],"picked":"Glacier","floor":5.0},{"not_picked":["Meteor Strike","Auto Shields"],"picked":"Leap","floor":6.0},{"not_picked":["Cold Snap","Melter"],"picked":"Leap","floor":8.0},{"not_picked":["Redo","Steam Power"],"picked":"Defragment","floor":10.0},{"not_picked":["Compile Driver","Machine Learning"],"picked":"Ball Lightning","floor":13.0},{"not_picked":["After Image","Offering"],"picked":"Barricade","floor":16.0},{"not_picked":[],"picked":"Dark Shackles","floor":18.0},{"not_picked":["Dodge and Roll"],"picked":"SKIP","floor":22.0},{"not_picked":["Twin Strike"],"picked":"SKIP","floor":24.0},{"not_picked":["Cleave"],"picked":"SKIP","floor":27.0},{"not_picked":[],"picked":"PiercingWail","floor":28.0},{"not_picked":["Darkness"],"picked":"SKIP","floor":35.0},{"not_picked":["Poisoned Stab"],"picked":"SKIP","floor":39.0},{"not_picked":["Wild Strike"],"picked":"SKIP","floor":41.0},{"not_picked":["Iron Wave+1"],"picked":"SKIP","floor":45.0},{"not_picked":["Feel No Pain"],"picked":"SKIP","floor":46.0},{"not_picked":[],"picked":"Bandage Up+1","floor":47.0},{"not_picked":["Reprogram"],"picked":"SKIP","floor":48.0}],"player_experience":543280,"relics_obtained":[{"floor":6.0,"key":"StoneCalendar"},{"floor":8.0,"key":"Bag of Preparation"},{"floor":9.0,"key":"Centennial Puzzle"},{"floor":13.0,"key":"Strawberry"},{"floor":24.0,"key":"Boot"},{"floor":26.0,"key":"DataDisk"},{"floor":27.0,"key":"Potion Belt"},{"floor":31.0,"key":"Enchiridion"},{"floor":41.0,"key":"Bottled Tornado"},{"floor":43.0,"key":"Nunchaku"},{"floor":48.0,"key":"Juzu Bracelet"}],"event_choices":[{"damage_healed":0.0,"max_hp_gain":0.0,"max_hp_loss":0.0,"gold_gain":0.0,"event_name":"Living Wall","player_choice":"Grow","floor":4.0,"gold_loss":0.0,"damage_taken":0.0,"cards_upgraded":["Zap"]},{"damage_healed":0.0,"max_hp_gain":0.0,"max_hp_loss":0.0,"gold_gain":150.0,"event_name":"Liars Game","player_choice":"AGREE","floor":11.0,"gold_loss":0.0,"damage_taken":0.0,"cards_obtained":["Doubt"]},{"damage_healed":0.0,"max_hp_gain":0.0,"max_hp_loss":0.0,"gold_gain":0.0,"event_name":"FaceTrader","player_choice":"Trade","floor":20.0,"gold_loss":0.0,"damage_taken":0.0,"relics_obtained":["SsserpentHead"]},{"damage_healed":0.0,"max_hp_gain":0.0,"max_hp_loss":0.0,"gold_gain":0.0,"event_name":"Cursed Tome","player_choice":"Obtained Book","floor":31.0,"gold_loss":0.0,"damage_taken":21.0},{"cards_removed":["Rebound"],"damage_healed":0.0,"max_hp_gain":0.0,"max_hp_loss":0.0,"gold_gain":0.0,"event_name":"Falling","player_choice":"Removed Attack","floor":36.0,"gold_loss":0.0,"damage_taken":0.0},{"damage_healed":0.0,"max_hp_gain":0.0,"max_hp_loss":0.0,"gold_gain":0.0,"event_name":"Designer","player_choice":"Upgraded Two","floor":44.0,"gold_loss":50.0,"damage_taken":0.0,"cards_upgraded":["Defend_B","Beam Cell"]}],"is_beta":false,"boss_relics":[{"not_picked":["Inserter","Philosopher\u0027s Stone"],"picked":"Busted Crown"},{"not_picked":["Orrery","Runic Dome"],"picked":"White Beast Statue"}],"items_purged_floors":[14,19],"is_endless":false,"potions_floor_spawned":[2,5,6,10,22,28,33,35,39,41,45,46,47,48],"ascension_level":19}