{"gold_per_floor":[112,62,79,79,98,98,112,132,203,238,238,238,238,258,258,358,358,376,9,19,34,34,34,63,63,138,138,138,167,186,206,206,309,309,321,321,84,99,99,112,123,123,123,155,172,184,184,215,215,215,215,215,130,160,160],"floor_reached":56,"playtime":4270,"items_purged":["Strike_R","Strike_R","Strike_R"],"score":1247,"play_id":"cd05b2cb-36a9-4f9e-8bab-9f34a4958c17","local_time":"20190507164853","is_ascension_mode":false,"campfire_choices":[{"floor":6.0,"key":"RECALL"},{"floor":11,"key":"REST"},{"data":"Flame Barrier","floor":15,"key":"SMITH"},{"data":"Battle Trance","floor":23,"key":"SMITH"},{"data":"Juggernaut","floor":25,"key":"SMITH"},{"data":"Flame Barrier","floor":27,"key":"SMITH"},{"data":"Flame Barrier","floor":32,"key":"SMITH"},{"floor":42,"key":"REST"},{"floor":47,"key":"REST"},{"floor":49,"key":"REST"},{"data":"Barricade","floor":52,"key":"SMITH"}],"neow_cost":"CURSE","seed_source_timestamp":0,"circlet_count":0,"master_deck":["Strike_R","Defend_R","Defend_R","Defend_R","Defend_R","Bash","Rampage","Intimidate","Battle Trance+1","True Grit","Double Tap","Flame Barrier+1","Power Through","Impervious","Disarm","Whirlwind+1","Warcry","Flame Barrier+1","Juggernaut+1","Intimidate","Flame Barrier+1","Barricade+1","Body Slam","Madness","Madness","Mayhem","Iron Wave+1","Entrench","Body Slam+1","Entrench+1","Evolve+1","Offering","Warcry","Sentinel","Juggernaut"],"special_seed":0,"relics":["Burning Blood","Ice Cream","Odd Mushroom","Question Card","Bag of Marbles","Sozu","Charon\u0027s Ashes","StoneCalendar","MutagenicStrength","Smiling Mask","Philosopher\u0027s Stone","Darkstone Periapt","Orichalcum","Incense Burner","Art of War"],"potions_floor_usage":[10,10,10,44,44],"damage_taken":[{"damage":7.0,"enemies":"Cultist","floor":1.0,"turns":6.0},{"damage":2.0,"enemies":"Small Slimes","floor":3.0,"turns":4.0},{"damage":0.0,"enemies":"2 Louse","floor":5.0,"turns":3.0},{"damage":5.0,"enemies":"Looter","floor":7.0,"turns":3.0},{"damage":42.0,"enemies":"The Mushroom Lair","floor":8.0,"turns":6.0},{"damage":28,"enemies":"Gremlin Nob","floor":10,"turns":4},{"damage":0,"enemies":"2 Fungi Beasts","floor":14,"turns":4},{"damage":32,"enemies":"Hexaghost","floor":16,"turns":9},{"damage":0,"enemies":"Shell Parasite","floor":18,"turns":7},{"damage":3,"enemies":"Spheric Guardian","floor":20,"turns":6},{"damage":4,"enemies":"Cultist and Chosen","floor":21,"turns":4},{"damage":16,"enemies":"Book of Stabbing","floor":24,"turns":7},{"damage":0,"enemies":"Slavers","floor":29,"turns":1},{"damage":0,"enemies":"Snake Plant","floor":30,"turns":4},{"damage":0,"enemies":"Shelled Parasite and Fungi","floor":31,"turns":6},{"damage":4,"enemies":"Champ","floor":33,"turns":13},{"damage":31,"enemies":"3 Shapes","floor":35,"turns":3},{"damage":14,"enemies":"3 Darklings","floor":38,"turns":2},{"damage":26,"enemies":"Jaw Worm Horde","floor":40,"turns":3},{"damage":0,"enemies":"Writhing Mass","floor":41,"turns":6},{"damage":8,"enemies":"Nemesis","floor":44,"turns":5},{"damage":2,"enemies":"Transient","floor":45,"turns":5},{"damage":38,"enemies":"Jaw Worm Horde","floor":46,"turns":4},{"damage":9,"enemies":"Reptomancer","floor":48,"turns":6},{"damage":21,"enemies":"Awakened One","floor":50,"turns":10},{"damage":26,"enemies":"Shield and Spear","floor":54,"turns":5},{"damage":29,"enemies":"The Heart","floor":55,"turns":8}],"seed_played":"-6073990787117347684","potions_obtained":[{"floor":4.0,"key":"Poison Potion"},{"floor":4.0,"key":"SneckoOil"},{"floor":4.0,"key":"Fire Potion"},{"floor":5.0,"key":"Ancient Potion"},{"floor":7.0,"key":"BloodPotion"},{"floor":8.0,"key":"BloodPotion"},{"floor":10,"key":"EssenceOfSteel"},{"floor":14,"key":"SpeedPotion"}],"is_trial":false,"path_per_floor":["M","?","M","?","M","R","M","?","T","E","R","?","?","M","R","B",null,"M","$","M","M","?","R","E","R","T","R","?","E","M","M","R","B",null,"M","?","$","M","?","M","M","R","T","E","M","M","R","E","R","B",null,"R","$","E","B",null],"character_chosen":"IRONCLAD","items_purchased":["Charon\u0027s Ashes","Mayhem","Sentinel"],"campfire_rested":4,"item_purchase_floors":[19,37,53],"current_hp_per_floor":[79,79,80,80,80,80,80,44,44,38,62,62,62,68,68,42,80,80,80,80,80,80,80,70,70,70,70,70,76,80,80,80,80,80,55,45,45,37,37,17,23,47,47,45,49,17,41,38,62,47,80,80,80,60,37],"gold":160,"neow_bonus":"ONE_RARE_RELIC","is_prod":false,"is_daily":false,"chose_seed":false,"campfire_upgraded":6,"win_rate":0,"timestamp":1557240533,"path_taken":["M","?","M","?","M","R","?","?","T","E","R","?","?","M","R","BOSS","M","$","M","M","?","R","E","R","T","R","?","E","M","M","R","BOSS","M","?","$","M","?","M","M","R","T","E","M","M","R","E","R","BOSS","R","$","E","BOSS"],"build_version":"2019-01-23","purchased_purges":3,"victory":true,"max_hp_per_floor":[80,80,80,80,80,80,80,80,80,80,80,80,80,80,80,80,80,80,80,80,80,80,80,80,80,80,80,80,80,80,80,80,80,80,80,80,80,80,80,80,80,80,80,80,80,80,80,80,80,80,80,80,80,80,80],"card_choices":[{"not_picked":["Havoc","Headbutt"],"picked":"Rampage","floor":1.0},{"not_picked":["Anger","Twin Strike"],"picked":"Intimidate","floor":3.0},{"not_picked":["Clothesline","Sword Boomerang"],"picked":"Battle Trance","floor":5.0},{"not_picked":["Fire Breathing","Iron Wave","Uppercut"],"picked":"SKIP","floor":7.0},{"not_picked":["Clothesline","Clash"],"picked":"True Grit","floor":8.0},{"not_picked":["Havoc","Headbutt","Carnage"],"picked":"Double Tap","floor":10},{"not_picked":["Shockwave","Twin Strike","Thunderclap"],"picked":"Power Through","floor":14},{"not_picked":["Immolate","Double Tap","Fiend Fire"],"picked":"Impervious","floor":16},{"not_picked":["Pommel Strike+1","Burning Pact","Clothesline+1"],"picked":"Disarm","floor":18},{"not_picked":["Shrug It Off","Dropkick","Flex"],"picked":"Whirlwind+1","floor":20},{"not_picked":["Cleave","Iron Wave","Searing Blow+1"],"picked":"Warcry","floor":21},{"not_picked":["Wild Strike","Perfected Strike","Evolve"],"picked":"Juggernaut","floor":24},{"not_picked":["Evolve","Wild Strike","Whirlwind","Pommel Strike"],"picked":"SKIP","floor":29},{"not_picked":["Cleave+1","Heavy Blade","Twin Strike"],"picked":"Intimidate","floor":30},{"not_picked":["Twin Strike","Pummel","Clash"],"picked":"Flame Barrier","floor":31},{"not_picked":["Limit Break","Brutality","Exhume"],"picked":"Barricade","floor":33},{"not_picked":["Flex","Pommel Strike+1","Sentinel"],"picked":"Body Slam","floor":35},{"not_picked":["Rupture","Sever Soul","Blood for Blood"],"picked":"Iron Wave+1","floor":38},{"not_picked":["Clothesline+1","Blood for Blood","Warcry"],"picked":"Body Slam+1","floor":40},{"not_picked":["Rampage","Corruption","Carnage"],"picked":"Entrench+1","floor":41},{"not_picked":["Headbutt+1","Rage+1","Blood for Blood"],"picked":"Evolve+1","floor":44},{"not_picked":["Thunderclap","Cleave","Anger","Armaments"],"picked":"SKIP","floor":45},{"not_picked":["Iron Wave+1","Shockwave","Anger"],"picked":"Offering","floor":46},{"not_picked":["Pommel Strike+1","Cleave","Clothesline"],"picked":"Warcry","floor":48},{"not_picked":["Pommel Strike","Heavy Blade","Seeing Red"],"picked":"Juggernaut","floor":54}],"player_experience":70432,"relics_obtained":[{"floor":8.0,"key":"Odd Mushroom"},{"floor":9,"key":"Question Card"},{"floor":10,"key":"Bag of Marbles"},{"floor":24,"key":"StoneCalendar"},{"floor":29,"key":"Smiling Mask"},{"floor":43,"key":"Darkstone Periapt"},{"floor":44,"key":"Orichalcum"},{"floor":48,"key":"Incense Burner"},{"floor":54,"key":"Art of War"}],"event_choices":[{"cards_removed":["Injury"],"damage_healed":0.0,"max_hp_gain":0.0,"max_hp_loss":0.0,"gold_gain":0.0,"event_name":"The Cleric","player_choice":"Card Removal","floor":2.0,"gold_loss":50.0,"damage_taken":0.0},{"damage_healed":0.0,"max_hp_gain":0.0,"max_hp_loss":0.0,"gold_gain":0.0,"event_name":"Lab","player_choice":"Got Potions","floor":4.0,"gold_loss":0.0,"damage_taken":0.0},{"damage_healed":0.0,"max_hp_gain":0.0,"max_hp_loss":0.0,"gold_gain":0.0,"event_name":"Mushrooms","player_choice":"Fought Mushrooms","floor":8.0,"gold_loss":0.0,"damage_taken":0.0},{"damage_healed":0,"gold_gain":0,"player_choice":"Ignored","damage_taken":0,"max_hp_gain":0,"max_hp_loss":0,"event_name":"Liars Game","floor":12,"gold_loss":0},{"damage_healed":0,"gold_gain":0,"cards_transformed":["Strike_R"],"player_choice":"Transformed","damage_taken":0,"max_hp_gain":0,"max_hp_loss":0,"event_name":"Transmorgrifier","floor":13,"gold_loss":0,"cards_obtained":["Flame Barrier"]},{"damage_healed":0,"gold_gain":0,"player_choice":"Read","damage_taken":0,"max_hp_gain":0,"max_hp_loss":0,"event_name":"The Library","floor":22,"gold_loss":0,"cards_obtained":["Flame Barrier"]},{"damage_healed":0,"gold_gain":0,"player_choice":"Inject Mutagens","damage_taken":0,"relics_obtained":["MutagenicStrength"],"max_hp_gain":0,"max_hp_loss":0,"event_name":"Drug Dealer","floor":28,"gold_loss":0},{"damage_healed":0,"gold_gain":0,"player_choice":"Embrace Madness","damage_taken":10,"max_hp_gain":0,"max_hp_loss":0,"event_name":"Winding Halls","floor":36,"gold_loss":0,"cards_obtained":["Madness","Madness"]},{"damage_healed":0,"gold_gain":0,"player_choice":"1 cards matched","damage_taken":0,"max_hp_gain":0,"max_hp_loss":0,"event_name":"Match and Keep!","floor":39,"gold_loss":0,"cards_obtained":["Entrench"]}],"is_beta":false,"boss_relics":[{"not_picked":["Black Blood","Fusion Hammer"],"picked":"Sozu"},{"not_picked":["Coffee Dripper","Runic Cube"],"picked":"Philosopher\u0027s Stone"}],"items_purged_floors":[19,37,53],"is_endless":false,"potions_floor_spawned":[5,7,8,10,14,24,29,30,35,41,46],"ascension_level":0}