{"gold_per_floor":[110,285,360,372,92,122,137,169,169,169,169,194,194,205,205,307,307,324,324,343,112,112,112,112],"floor_reached":24,"playtime":529,"items_purged":["Doubt","Armaments"],"score":332,"play_id":"8bf79330-b345-476a-82f8-a8c8247b7da9","local_time":"25610726231153","is_ascension_mode":true,"campfire_choices":[{"floor":11,"key":"REST"},{"floor":15,"key":"REST"},{"floor":23,"key":"REST"}],"neow_cost":"","seed_source_timestamp":29522372758799,"circlet_count":0,"master_deck":["Defend_R","Defend_R+1","Defend_R+1","Defend_R","Bash","Whirlwind","Inflame","Thunderclap","Perfected Strike","Demon Form+1","Juggernaut+1","Armaments+1","Bite","Bite","Bite","Bite","Bite","Shrug It Off+1","Metallicize+1"],"relics":["Burning Blood","Bag of Marbles","Frozen Egg 2","Mercury Hourglass","Question Card","Blue Candle","Runic Dome"],"potions_floor_usage":[6,7,8,16,24,24,24],"damage_taken":[{"damage":13,"enemies":"Jaw Worm","floor":1,"turns":4},{"damage":7,"enemies":"2 Louse","floor":4,"turns":3},{"damage":18,"enemies":"3 Sentries","floor":6,"turns":4},{"damage":1,"enemies":"Cultist","floor":7,"turns":4},{"damage":30,"enemies":"Lagavulin","floor":8,"turns":5},{"damage":28,"enemies":"Gremlin Nob","floor":12,"turns":4},{"damage":0,"enemies":"Large Slime","floor":14,"turns":4},{"damage":21,"enemies":"Hexaghost","floor":16,"turns":7},{"damage":17,"enemies":"2 Thieves","floor":18,"turns":2},{"damage":55,"enemies":"Chosen","floor":20,"turns":5},{"damage":36,"enemies":"Book of Stabbing","floor":24,"turns":5}],"seed_played":"-6509343697915635184","potions_obtained":[{"floor":1,"key":"Strength Potion"},{"floor":7,"key":"AttackPotion"},{"floor":12,"key":"Block Potion"}],"is_trial":false,"path_per_floor":["M","?","?","M","$","E","M","E","T","?","R","E","?","M","R","B",null,"M","?","M","$","?","R"],"character_chosen":"IRONCLAD","items_purchased":["Bag of Marbles","Block Potion","EntropicBrew","Metallicize+1"],"campfire_rested":3,"item_purchase_floors":[5,5,21,21],"current_hp_per_floor":[65,65,54,53,53,41,46,22,22,6,30,8,1,7,31,16,64,53,53,15,15,6,24,0],"gold":112,"neow_bonus":"","is_prod":false,"is_daily":false,"chose_seed":false,"campfire_upgraded":0,"win_rate":0,"timestamp":1532621513,"path_taken":["M","?","?","?","$","E","M","E","T","?","R","E","?","?","R","BOSS","M","?","?","$","?","R","E"],"build_version":"2018-07-19v2","purchased_purges":2,"victory":false,"max_hp_per_floor":[80,80,80,80,80,80,80,80,80,80,80,80,80,80,80,80,80,80,56,56,56,61,61,61],"card_choices":[{"not_picked":["Seeing Red","Iron Wave"],"picked":"Whirlwind","floor":1},{"not_picked":["Sword Boomerang","Pommel Strike"],"picked":"Inflame","floor":4},{"not_picked":["Heavy Blade","Dropkick"],"picked":"Armaments","floor":6},{"not_picked":["Headbutt","Anger","Second Wind"],"picked":"SKIP","floor":7},{"not_picked":["Pommel Strike","Intimidate"],"picked":"Thunderclap","floor":8},{"not_picked":["Warcry","Wild Strike","Twin Strike"],"picked":"Perfected Strike","floor":12},{"not_picked":["Pommel Strike","Headbutt","Ghostly Armor"],"picked":"Demon Form+1","floor":14},{"not_picked":["Exhume","Bludgeon","Dark Embrace+1"],"picked":"Juggernaut+1","floor":16},{"not_picked":["Flex+1","Infernal Blade","True Grit"],"picked":"Armaments+1","floor":18},{"not_picked":["Second Wind+1","Disarm+1","Twin Strike"],"picked":"Shrug It Off+1","floor":20}],"player_experience":167891,"relics_obtained":[{"floor":6,"key":"Frozen Egg 2"},{"floor":8,"key":"Mercury Hourglass"},{"floor":9,"key":"Question Card"},{"floor":12,"key":"Blue Candle"}],"event_choices":[{"event_name":"Liars Game","player_choice":"agreed","floor":2,"damage_taken":0},{"event_name":"World of Goop","player_choice":"Gather Gold","floor":3,"damage_taken":0},{"event_name":"Shining Light","player_choice":"Entered Light","floor":10,"damage_taken":0},{"event_name":"Scrap Ooze","player_choice":"unsuccessful","floor":13,"damage_taken":7},{"event_name":"Vampires","player_choice":"Became a vampire","floor":19,"damage_taken":0},{"event_name":"Forgotten Altar","player_choice":"Shed Blood","floor":22,"damage_taken":0}],"is_beta":false,"boss_relics":[{"not_picked":["White Beast Statue","Runic Cube"],"picked":"Runic Dome"}],"items_purged_floors":[5,21],"is_endless":false,"potions_floor_spawned":[1,7,12],"killed_by":"Book of Stabbing","ascension_level":9}