{"gold_per_floor":[111,111,121,136,311,311,44,72,72,97,97,114,144,154,154,154],"floor_reached":16,"playtime":539,"items_purged":["Doubt"],"score":181,"play_id":"33dddfde-1e4b-4914-947d-1df9c7f6c241","local_time":"25610724184907","is_ascension_mode":true,"campfire_choices":[{"data":"Bash","floor":6,"key":"SMITH"},{"floor":11,"key":"REST"},{"data":"Sever Soul","floor":15,"key":"SMITH"}],"neow_cost":"FIFTY_PERCENT_DAMAGE","seed_source_timestamp":25876406078960,"circlet_count":0,"master_deck":["Strike_R","Strike_R","Strike_R","Strike_R","Strike_R","Defend_R","Defend_R","Defend_R","Defend_R","Bash+1","Sever Soul+1","Pommel Strike","Shrug It Off","Flame Barrier+1","Spot Weakness+1","Armaments+1"],"relics":["Burning Blood","Torii","Bag of Marbles","Letter Opener","Meat on the Bone","Toxic Egg 2","Anchor"],"potions_floor_usage":[8,8,10,13,16],"damage_taken":[{"damage":2,"enemies":"Small Slimes","floor":1,"turns":4},{"damage":2,"enemies":"Cultist","floor":3,"turns":4},{"damage":2,"enemies":"Jaw Worm","floor":4,"turns":5},{"damage":35,"enemies":"Lagavulin","floor":8,"turns":5},{"damage":4,"enemies":"3 Sentries","floor":10,"turns":7},{"damage":0,"enemies":"3 Louse","floor":12,"turns":2},{"damage":19,"enemies":"Gremlin Nob","floor":13,"turns":4},{"damage":0,"enemies":"Exordium Wildlife","floor":14,"turns":2},{"damage":44,"enemies":"Hexaghost","floor":16,"turns":9}],"seed_played":"-4021449063605310844","potions_obtained":[{"floor":1,"key":"LiquidBronze"},{"floor":8,"key":"PowerPotion"},{"floor":10,"key":"PowerPotion"},{"floor":12,"key":"GamblersBrew"}],"is_trial":false,"path_per_floor":["M","?","M","M","?","R","$","E","T","E","R","M","E","M","R"],"character_chosen":"IRONCLAD","items_purchased":["Bag of Marbles","Strength Potion"],"campfire_rested":1,"item_purchase_floors":[7,7],"current_hp_per_floor":[48,48,52,56,56,56,56,27,27,41,69,75,62,68,68,24],"gold":154,"neow_bonus":"TWENTY_PERCENT_HP_BONUS","is_prod":false,"is_daily":false,"chose_seed":false,"campfire_upgraded":2,"win_rate":0,"timestamp":1532432947,"path_taken":["M","?","M","M","?","R","?","E","T","E","R","?","E","M","R","BOSS"],"build_version":"2018-07-19v2","purchased_purges":1,"victory":false,"max_hp_per_floor":[96,96,96,96,96,96,96,96,96,96,96,96,96,96,96,96],"card_choices":[{"not_picked":["Heavy Blade","Reckless Charge"],"picked":"Sever Soul","floor":1},{"not_picked":["Dual Wield","Twin Strike"],"picked":"Pommel Strike","floor":3},{"not_picked":["Havoc","True Grit","Hemokinesis"],"picked":"SKIP","floor":4},{"not_picked":["Bloodletting","Blood for Blood"],"picked":"Shrug It Off","floor":8},{"not_picked":["Intimidate","Inflame"],"picked":"Flame Barrier","floor":10},{"not_picked":["Body Slam","Inflame"],"picked":"Spot Weakness+1","floor":12},{"not_picked":["Headbutt","Anger"],"picked":"Armaments+1","floor":13},{"not_picked":["Body Slam","Second Wind+1","Heavy Blade"],"picked":"SKIP","floor":14}],"player_experience":130421,"relics_obtained":[{"floor":8,"key":"Letter Opener"},{"floor":9,"key":"Meat on the Bone"},{"floor":10,"key":"Toxic Egg 2"},{"floor":13,"key":"Anchor"}],"event_choices":[{"event_name":"Wheel of Change","player_choice":"Relic","floor":2,"damage_taken":0},{"event_name":"Liars Game","player_choice":"agreed","floor":5,"damage_taken":0}],"is_beta":false,"boss_relics":[],"items_purged_floors":[7],"is_endless":false,"potions_floor_spawned":[1,8,10,12],"killed_by":"Hexaghost","ascension_level":6}