{"gold_per_floor":[214,214,224,224,235,160,178,78,78,89,89,111,111,129,129,233,233,252,127,140,140,156,156,182,192,271,121,141,141,141,141,141,244,244,263,263,273,98,98,125,125,125],"floor_reached":42,"playtime":1579,"items_purged":["Strike_G","Defend_G","Defend_G","Strike_G+1","Strike_G+1"],"score":436,"play_id":"adb3986d-380c-403d-bd22-e0bcf0765a4f","local_time":"20190111231334","is_ascension_mode":false,"campfire_choices":[{"data":"Survivor","floor":11.0,"key":"SMITH"},{"data":"Strike_G","floor":13.0,"key":"SMITH"},{"data":"Strike_G","floor":15.0,"key":"SMITH"},{"data":"Defend_G","floor":23.0,"key":"SMITH"},{"floor":30.0,"key":"REST"},{"floor":32.0,"key":"RECALL"},{"floor":41.0,"key":"REST"}],"neow_cost":"NONE","seed_source_timestamp":0,"circlet_count":0,"master_deck":["Defend_G+1","Survivor+1","Neutralize+1","Masterful Stab+1","Infinite Blades+1","Adrenaline+1","Noxious Fumes+1"],"special_seed":0,"relics":["Ring of the Snake","Nunchaku","Odd Mushroom","Astrolabe","The Specimen","Bottled Lightning","Runic Pyramid","Letter Opener"],"potions_floor_usage":[42,42],"damage_taken":[{"damage":0.0,"enemies":"Jaw Worm","floor":1.0,"turns":4.0},{"damage":1.0,"enemies":"Cultist","floor":3.0,"turns":4.0},{"damage":0.0,"enemies":"2 Louse","floor":5.0,"turns":3.0},{"damage":0.0,"enemies":"Blue Slaver","floor":7.0,"turns":4.0},{"damage":0.0,"enemies":"Looter","floor":10.0,"turns":4.0},{"damage":28.0,"enemies":"The Mushroom Lair","floor":12.0,"turns":6.0},{"damage":0.0,"enemies":"Large Slime","floor":14.0,"turns":6.0},{"damage":25.0,"enemies":"Slime Boss","floor":16.0,"turns":13.0},{"damage":4.0,"enemies":"2 Thieves","floor":18.0,"turns":3.0},{"damage":0.0,"enemies":"3 Byrds","floor":20.0,"turns":4.0},{"damage":1.0,"enemies":"3 Cultists","floor":22.0,"turns":4.0},{"damage":5.0,"enemies":"Slavers","floor":24.0,"turns":4.0},{"damage":4.0,"enemies":"Snecko","floor":25.0,"turns":5.0},{"damage":0.0,"enemies":"Chosen and Byrds","floor":28.0,"turns":4.0},{"damage":13.0,"enemies":"Collector","floor":33.0,"turns":9.0},{"damage":0.0,"enemies":"3 Darklings","floor":35.0,"turns":5.0},{"damage":0.0,"enemies":"Orb Walker","floor":37.0,"turns":3.0},{"damage":39.0,"enemies":"Reptomancer","floor":40.0,"turns":7.0},{"damage":52,"enemies":"Nemesis","floor":42,"turns":10}],"seed_played":"-2769834622546216152","potions_obtained":[{"floor":7.0,"key":"GhostInAJar"},{"floor":10.0,"key":"PowerPotion"},{"floor":14.0,"key":"Strength Potion"},{"floor":16.0,"key":"Poison Potion"},{"floor":22.0,"key":"Fire Potion"},{"floor":25.0,"key":"Fire Potion"},{"floor":33.0,"key":"LiquidBronze"},{"floor":35.0,"key":"Poison Potion"},{"floor":40.0,"key":"Block Potion"}],"is_trial":false,"path_per_floor":["M","?","M","?","M","$","M","$","T","M","R","?","R","M","R","B",null,"M","$","M","?","M","R","E","M","T","$","M","$","R","?","R","B",null,"M","?","M","$","?","E","R","E"],"character_chosen":"THE_SILENT","items_purchased":[],"campfire_rested":2,"item_purchase_floors":[],"current_hp_per_floor":[70,70,69,55,55,55,55,55,55,55,55,27,27,27,27,2,70,66,66,66,66,65,65,60,56,56,56,56,56,70,70,70,57,70,70,70,70,70,70,31,52,0],"gold":125,"neow_bonus":"HUNDRED_GOLD","is_prod":false,"is_daily":false,"chose_seed":false,"campfire_upgraded":4,"win_rate":0,"timestamp":1547244814,"path_taken":["M","?","?","?","M","$","M","$","T","M","R","?","R","M","R","BOSS","M","$","M","?","M","R","E","M","T","$","M","$","R","?","R","BOSS","M","?","M","$","?","E","R","E"],"build_version":"2019-01-10","purchased_purges":5,"victory":false,"max_hp_per_floor":[70,70,70,70,70,70,70,70,70,70,70,70,70,70,70,70,70,70,70,70,70,70,70,70,70,70,70,70,70,70,70,70,70,70,70,70,70,70,70,70,70,70],"card_choices":[{"not_picked":["Quick Slash","Prepared","Cloak And Dagger"],"picked":"SKIP","floor":1.0},{"not_picked":["Bane","Eviscerate","Skewer"],"picked":"SKIP","floor":3.0},{"not_picked":["Envenom","PiercingWail","Poisoned Stab"],"picked":"SKIP","floor":5.0},{"not_picked":["Deadly Poison","Eviscerate","Blade Dance"],"picked":"SKIP","floor":7.0},{"not_picked":["Slice","Escape Plan","Poisoned Stab"],"picked":"SKIP","floor":10.0},{"not_picked":["Deflect","Noxious Fumes","Infinite Blades"],"picked":"SKIP","floor":14.0},{"not_picked":["Deadly Poison","Prepared","Bane"],"picked":"SKIP","floor":18.0},{"not_picked":["Eviscerate","Flying Knee","Dodge and Roll"],"picked":"SKIP","floor":20.0},{"not_picked":["Deadly Poison+1","A Thousand Cuts","Well Laid Plans"],"picked":"SKIP","floor":22.0},{"not_picked":["Dagger Spray","Dodge and Roll","Acrobatics+1"],"picked":"SKIP","floor":24.0},{"not_picked":["Cloak And Dagger","Tactician"],"picked":"Noxious Fumes+1","floor":25.0},{"not_picked":["Caltrops+1","Masterful Stab","Sucker Punch"],"picked":"SKIP","floor":28.0},{"not_picked":["Underhanded Strike","Flying Knee","Backflip"],"picked":"SKIP","floor":35.0},{"not_picked":["Crippling Poison","Cloak And Dagger+1","Dash"],"picked":"SKIP","floor":37.0},{"not_picked":["Masterful Stab+1","Slice","Backflip"],"picked":"SKIP","floor":40.0}],"player_experience":444866,"relics_obtained":[{"floor":9.0,"key":"Nunchaku"},{"floor":12.0,"key":"Odd Mushroom"},{"floor":24.0,"key":"The Specimen"},{"floor":26.0,"key":"Bottled Lightning"},{"floor":40.0,"key":"Letter Opener"}],"event_choices":[{"damage_healed":0.0,"max_hp_gain":0.0,"max_hp_loss":0.0,"gold_gain":0.0,"event_name":"Match and Keep!","player_choice":"0 cards matched","floor":2.0,"gold_loss":0.0,"damage_taken":0.0,"cards_obtained":[]},{"damage_healed":0.0,"max_hp_gain":0.0,"max_hp_loss":0.0,"gold_gain":0.0,"event_name":"Shining Light","player_choice":"Entered Light","floor":4.0,"gold_loss":0.0,"damage_taken":14.0,"cards_upgraded":["Neutralize","Strike_G"]},{"damage_healed":0.0,"max_hp_gain":0.0,"max_hp_loss":0.0,"gold_gain":0.0,"event_name":"Mushrooms","player_choice":"Fought Mushrooms","floor":12.0,"gold_loss":0.0,"damage_taken":0.0},{"damage_healed":0.0,"max_hp_gain":0.0,"max_hp_loss":0.0,"gold_gain":0.0,"event_name":"Vampires","player_choice":"Ignored","floor":21.0,"gold_loss":0.0,"damage_taken":0.0},{"cards_removed":["Strike_G"],"damage_healed":0.0,"max_hp_gain":0.0,"max_hp_loss":0.0,"gold_gain":0.0,"event_name":"Back to Basics","player_choice":"Elegance","floor":31.0,"gold_loss":0.0,"damage_taken":0.0},{"damage_healed":0.0,"max_hp_gain":0.0,"max_hp_loss":0.0,"gold_gain":0.0,"event_name":"Tomb of Lord Red Mask","player_choice":"Ignored","floor":36.0,"gold_loss":0.0,"damage_taken":0.0},{"damage_healed":0.0,"max_hp_gain":0.0,"max_hp_loss":0.0,"gold_gain":0.0,"event_name":"Mysterious Sphere","player_choice":"Ignored","floor":39.0,"gold_loss":0.0,"damage_taken":0.0}],"is_beta":false,"boss_relics":[{"not_picked":["Runic Dome","Tiny House"],"picked":"Astrolabe"},{"not_picked":["Ring of the Serpent","Cursed Key"],"picked":"Runic Pyramid"}],"items_purged_floors":[6,8,19,27,38],"is_endless":false,"potions_floor_spawned":[7,10,14,16,22,25,33,35,37,40],"killed_by":"Nemesis","ascension_level":0}