{"gold_per_floor":[118,137,137,137,15,15,41,41,89,101,136,154,154,154,154,227,227,246,246,3,3,13,13,43,43,43,70,86,86,86,102,102,174,174,186,286,302,282,253,279,296,296,296,296,315,332,332,349,349,349],"floor_reached":51,"playtime":4030,"items_purged":["Defend_B"],"score":1281,"play_id":"1f75806e-cfcd-4274-9af5-f70a73000e30","local_time":"20190117063145","is_ascension_mode":true,"campfire_choices":[{"floor":6.0,"key":"REST"},{"floor":8.0,"key":"REST"},{"floor":13.0,"key":"REST"},{"floor":15.0,"key":"REST"},{"floor":23.0,"key":"REST"},{"floor":29.0,"key":"REST"},{"floor":32.0,"key":"REST"},{"data":"Reprogram","floor":42.0,"key":"SMITH"},{"data":"Hologram","floor":44.0,"key":"SMITH"},{"data":"Buffer","floor":47.0,"key":"SMITH"},{"floor":49.0,"key":"REST"}],"neow_cost":"NONE","seed_source_timestamp":13513761589369,"circlet_count":0,"master_deck":["AscendersBane","Defend_B","Defend_B","Defend_B","Gash","Genetic Algorithm","Gash+1","Bandage Up","Gash","Reprogram+1","Undo","Skim","Fission","Hologram","Buffer+1","Electrodynamics","Scrape+1","Conserve Battery","Go for the Eyes","Echo Form","Rebound","Hologram+1","Gash","Go for the Eyes"],"special_seed":0,"relics":["Cracked Core","PreservedInsect","Matryoshka","Art of War","Bottled Lightning","Bronze Scales","Ornamental Fan","Empty Cage","Anchor","Pen Nib","Whetstone","Gremlin Horn","Omamori","Lizard Tail","Incense Burner","Regal Pillow","Mercury Hourglass"],"potions_floor_usage":[50],"damage_taken":[{"damage":4.0,"enemies":"Jaw Worm","floor":1.0,"turns":3.0},{"damage":0.0,"enemies":"2 Louse","floor":2.0,"turns":1.0},{"damage":34.0,"enemies":"3 Sentries","floor":7.0,"turns":7.0},{"damage":4.0,"enemies":"Small Slimes","floor":10.0,"turns":3.0},{"damage":20.0,"enemies":"Lagavulin","floor":11.0,"turns":6.0},{"damage":18.0,"enemies":"3 Louse","floor":12.0,"turns":3.0},{"damage":40.0,"enemies":"Slime Boss","floor":16.0,"turns":10.0},{"damage":23.0,"enemies":"Shell Parasite","floor":18.0,"turns":6.0},{"damage":24.0,"enemies":"Colosseum Slavers","floor":19.0,"turns":5.0},{"damage":0.0,"enemies":"Chosen","floor":22.0,"turns":4.0},{"damage":14.0,"enemies":"Gremlin Leader","floor":24.0,"turns":6.0},{"damage":3.0,"enemies":"Slavers","floor":27.0,"turns":5.0},{"damage":23.0,"enemies":"Snake Plant","floor":28.0,"turns":5.0},{"damage":0.0,"enemies":"Centurion and Healer","floor":31.0,"turns":5.0},{"damage":8.0,"enemies":"Automaton","floor":33.0,"turns":7.0},{"damage":20.0,"enemies":"Orb Walker","floor":35.0,"turns":4.0},{"damage":2.0,"enemies":"Mind Bloom Boss Battle","floor":36.0,"turns":7.0},{"damage":0.0,"enemies":"3 Shapes","floor":37.0,"turns":3.0},{"damage":0.0,"enemies":"Giant Head","floor":40.0,"turns":7.0},{"damage":0.0,"enemies":"Jaw Worm Horde","floor":41.0,"turns":4.0},{"damage":15.0,"enemies":"Sphere and 2 Shapes","floor":45.0,"turns":5.0},{"damage":8.0,"enemies":"Transient","floor":46.0,"turns":5.0},{"damage":14.0,"enemies":"Writhing Mass","floor":48.0,"turns":6.0},{"damage":67,"enemies":"Donu and Deca","floor":50,"turns":11}],"seed_played":"-7857699616747554287","potions_obtained":[{"floor":1.0,"key":"Energy Potion"},{"floor":2.0,"key":"Ancient Potion"},{"floor":18.0,"key":"Strength Potion"},{"floor":27.0,"key":"SpeedPotion"},{"floor":31.0,"key":"Dexterity Potion"},{"floor":35.0,"key":"Strength Potion"},{"floor":40.0,"key":"Poison Potion"},{"floor":46.0,"key":"Poison Potion"}],"is_trial":false,"path_per_floor":["M","M","?","?","$","R","E","R","T","M","E","M","R","?","R","B",null,"M","?","$","?","M","R","E","$","T","E","M","R","$","M","R","B",null,"M","?","M","?","$","E","M","R","T","R","M","M","R","M","R","B",null],"character_chosen":"DEFECT","items_purchased":["Gash","Bandage Up","Anchor","Hologram"],"campfire_rested":8,"item_purchase_floors":[5,5,20,39],"current_hp_per_floor":[60,60,53,48,48,69,37,58,58,58,42,28,49,49,70,34,62,43,23,23,23,27,48,38,38,38,39,20,41,41,45,66,62,69,57,59,63,63,63,67,71,71,71,71,56,52,52,42,71,12],"gold":349,"neow_bonus":"RANDOM_COMMON_RELIC","is_prod":false,"is_daily":false,"chose_seed":false,"campfire_upgraded":3,"win_rate":0,"timestamp":1547703105,"path_taken":["M","M","?","?","$","R","E","R","T","M","E","M","R","?","R","BOSS","M","?","$","?","M","R","E","?","T","E","M","R","$","M","R","BOSS","M","?","M","?","$","E","?","R","T","R","M","M","R","M","R","BOSS"],"build_version":"2019-01-10","purchased_purges":1,"victory":true,"max_hp_per_floor":[71,71,71,71,71,71,71,71,71,71,71,71,71,71,71,71,71,71,71,71,71,71,71,71,71,71,71,71,71,71,71,71,71,71,71,71,71,71,71,71,71,71,71,71,71,71,71,71,71,71],"card_choices":[{"not_picked":["Leap","Reinforced Body"],"picked":"Gash","floor":1.0},{"not_picked":["Capacitor","Sweeping Beam"],"picked":"Genetic Algorithm","floor":2.0},{"not_picked":["Turbo","Conserve Battery"],"picked":"Gash","floor":7.0},{"not_picked":["Streamline","Static Discharge"],"picked":"Reprogram","floor":10.0},{"not_picked":["Leap","Self Repair"],"picked":"Undo","floor":11.0},{"not_picked":["Cold Snap","Redo","Coolheaded"],"picked":"SKIP","floor":12.0},{"not_picked":["Thunder Strike","Biased Cognition"],"picked":"Fission","floor":16.0},{"not_picked":["Go for the Eyes","Redo"],"picked":"Hologram","floor":18.0},{"not_picked":["Reprogram","Sweeping Beam"],"picked":"Scrape","floor":22.0},{"not_picked":["BootSequence","Steam"],"picked":"Conserve Battery","floor":24.0},{"not_picked":["Doom and Gloom","Seek"],"picked":"Go for the Eyes","floor":27.0},{"not_picked":["Beam Cell","Blizzard","Conserve Battery"],"picked":"SKIP","floor":28.0},{"not_picked":["Hello World","Self Repair","Aggregate"],"picked":"SKIP","floor":31.0},{"not_picked":["Core Surge","Creative AI"],"picked":"Echo Form","floor":33.0},{"not_picked":["Sweeping Beam","Ball Lightning","Steam"],"picked":"SKIP","floor":35.0},{"not_picked":["Sweeping Beam+1","Coolheaded+1"],"picked":"Rebound","floor":36.0},{"not_picked":["Compile Driver","Redo","Coolheaded"],"picked":"SKIP","floor":37.0},{"not_picked":["Compile Driver","Fission","Rebound"],"picked":"SKIP","floor":40.0},{"not_picked":["Stack","Redo","Blizzard"],"picked":"SKIP","floor":41.0},{"not_picked":["Coolheaded","BootSequence"],"picked":"Gash","floor":45.0},{"not_picked":["Coolheaded","Sweeping Beam","Reprogram"],"picked":"SKIP","floor":46.0},{"not_picked":["Rip and Tear","Redo"],"picked":"Go for the Eyes","floor":48.0}],"player_experience":491162,"relics_obtained":[{"floor":7.0,"key":"Art of War"},{"floor":9.0,"key":"Bottled Lightning"},{"floor":9.0,"key":"Bronze Scales"},{"floor":11.0,"key":"Ornamental Fan"},{"floor":24.0,"key":"Pen Nib"},{"floor":26.0,"key":"Whetstone"},{"floor":26.0,"key":"Gremlin Horn"},{"floor":27.0,"key":"Omamori"},{"floor":36.0,"key":"Incense Burner"},{"floor":40.0,"key":"Regal Pillow"},{"floor":43.0,"key":"Mercury Hourglass"}],"event_choices":[{"cards_removed":["Strike_B"],"damage_healed":0.0,"max_hp_gain":0.0,"max_hp_loss":0.0,"gold_gain":0.0,"event_name":"Golden Wing","player_choice":"Card Removal","floor":3.0,"gold_loss":0.0,"damage_taken":7.0},{"damage_healed":0.0,"max_hp_gain":0.0,"max_hp_loss":0.0,"gold_gain":0.0,"event_name":"Scrap Ooze","player_choice":"Success","floor":4.0,"gold_loss":0.0,"damage_taken":5.0,"relics_obtained":["Matryoshka"]},{"damage_healed":0.0,"max_hp_gain":0.0,"max_hp_loss":0.0,"gold_gain":0.0,"cards_transformed":["Strike_B"],"event_name":"Living Wall","player_choice":"Change","floor":14.0,"gold_loss":0.0,"damage_taken":0.0,"cards_obtained":["Skim"]},{"damage_healed":0.0,"max_hp_gain":0.0,"max_hp_loss":0.0,"gold_gain":0.0,"event_name":"Colosseum","player_choice":"Fight","floor":19.0,"gold_loss":0.0,"damage_taken":0.0},{"damage_healed":0.0,"max_hp_gain":0.0,"max_hp_loss":0.0,"gold_gain":0.0,"event_name":"Colosseum","player_choice":"Fled From Nobs","floor":19.0,"gold_loss":0.0,"damage_taken":0.0},{"damage_healed":0.0,"max_hp_gain":0.0,"max_hp_loss":0.0,"gold_gain":0.0,"cards_transformed":["Zap","Dualcast"],"event_name":"Drug Dealer","player_choice":"Became Test Subject","floor":21.0,"gold_loss":0.0,"damage_taken":0.0,"cards_obtained":["Buffer","Electrodynamics"]},{"damage_healed":0.0,"max_hp_gain":0.0,"max_hp_loss":0.0,"gold_gain":0.0,"event_name":"MindBloom","player_choice":"Fight","floor":36.0,"gold_loss":0.0,"damage_taken":0.0},{"damage_healed":0.0,"max_hp_gain":0.0,"max_hp_loss":0.0,"gold_gain":0.0,"event_name":"The Woman in Blue","player_choice":"Bought 1 Potion","floor":38.0,"gold_loss":0.0,"damage_taken":0.0}],"is_beta":false,"boss_relics":[{"not_picked":["Runic Dome","Fusion Hammer"],"picked":"Empty Cage"},{"not_picked":["Coffee Dripper","Philosopher\u0027s Stone"],"picked":"Lizard Tail"}],"items_purged_floors":[20],"is_endless":false,"potions_floor_spawned":[1,2,18,19,27,31,35,40,46],"ascension_level":16}