{"gold_per_floor":[119,139,41,53,53,53,64,75,75,109,121,121,151,168,168,239,239,257,139,239,289,307,307,334,334,334,334,347,347,366,46,46,117,117,136,136,153,205,222,222,250,261,261,261,295,307,133,151,151,151],"floor_reached":51,"playtime":2734,"items_purged":["Strike_R","Strike_R","Bash"],"score":1473,"play_id":"e85e0365-1aba-4388-ba1c-530e57e41adf","local_time":"20180908212506","is_ascension_mode":true,"campfire_choices":[{"data":"Inflame","floor":6.0,"key":"SMITH"},{"data":"Feel No Pain","floor":12.0,"key":"SMITH"},{"data":"True Grit","floor":15.0,"key":"SMITH"},{"data":"Shockwave","floor":23.0,"key":"SMITH"},{"floor":25.0,"key":"REST"},{"floor":27.0,"key":"REST"},{"data":"Armaments","floor":32.0,"key":"SMITH"},{"data":"1","floor":40.0,"key":"LIFT"},{"data":"2","floor":44,"key":"LIFT"},{"data":"Corruption","floor":46,"key":"SMITH"},{"data":"3","floor":49,"key":"LIFT"}],"neow_cost":"","seed_source_timestamp":21328329357370,"circlet_count":0,"master_deck":["Defend_R","Defend_R","Defend_R","Defend_R","AscendersBane","Headbutt","Feel No Pain+1","Inflame+1","Cleave","Twin Strike","Reckless Charge","Armaments+1","True Grit+1","Havoc+1","Fiend Fire","Shockwave+1","Seeing Red+1","Metallicize+1","Burning Pact","Writhe","Intimidate","Whirlwind+1","Offering","Shrug It Off","Impervious+1","Bludgeon+1","Uppercut+1","Carnage+1","Shrug It Off","Impervious","Body Slam","Corruption+1","Armaments","Corruption"],"special_seed":0,"relics":["Burning Blood","Dead Branch","Girya","Prayer Wheel","Cursed Key","Calipers","Shuriken","PreservedInsect","Champion Belt","War Paint","Astrolabe","Charon\u0027s Ashes","Blood Vial","MawBank"],"potions_floor_usage":[50,50],"damage_taken":[{"damage":6.0,"enemies":"Cultist","floor":1.0,"turns":3.0},{"damage":2.0,"enemies":"2 Louse","floor":2.0,"turns":3.0},{"damage":9.0,"enemies":"Jaw Worm","floor":4.0,"turns":4.0},{"damage":12.0,"enemies":"Exordium Thugs","floor":7.0,"turns":4.0},{"damage":21.0,"enemies":"3 Louse","floor":8.0,"turns":3.0},{"damage":7.0,"enemies":"Lagavulin","floor":10.0,"turns":7.0},{"damage":1.0,"enemies":"2 Fungi Beasts","floor":11.0,"turns":2.0},{"damage":15.0,"enemies":"3 Sentries","floor":13.0,"turns":7.0},{"damage":0.0,"enemies":"Large Slime","floor":14.0,"turns":5.0},{"damage":26.0,"enemies":"The Guardian","floor":16.0,"turns":11.0},{"damage":8.0,"enemies":"Spheric Guardian","floor":18.0,"turns":4.0},{"damage":9.0,"enemies":"Colosseum Slavers","floor":20.0,"turns":5.0},{"damage":27.0,"enemies":"Colosseum Nobs","floor":20.0,"turns":4.0},{"damage":9.0,"enemies":"3 Byrds","floor":22.0,"turns":5.0},{"damage":50.0,"enemies":"Book of Stabbing","floor":24.0,"turns":4.0},{"damage":0.0,"enemies":"Snake Plant","floor":28.0,"turns":5.0},{"damage":6.0,"enemies":"Chosen and Byrds","floor":30.0,"turns":7.0},{"damage":19.0,"enemies":"Automaton","floor":33.0,"turns":6.0},{"damage":6.0,"enemies":"3 Darklings","floor":35.0,"turns":5.0},{"damage":0.0,"enemies":"3 Shapes","floor":37.0,"turns":7.0},{"damage":6.0,"enemies":"Mysterious Sphere","floor":38.0,"turns":5.0},{"damage":6.0,"enemies":"Sphere and 2 Shapes","floor":39.0,"turns":2.0},{"damage":11.0,"enemies":"Giant Head","floor":41.0,"turns":5.0},{"damage":6.0,"enemies":"4 Shapes","floor":42.0,"turns":3.0},{"damage":6,"enemies":"Nemesis","floor":45,"turns":5},{"damage":6,"enemies":"Reptomancer","floor":48,"turns":4},{"damage":6,"enemies":"Awakened One","floor":50,"turns":5}],"seed_played":"1756881958486851718","potions_obtained":[{"floor":2.0,"key":"Regen Potion"},{"floor":10.0,"key":"Fire Potion"},{"floor":20.0,"key":"SneckoOil"},{"floor":22.0,"key":"Regen Potion"},{"floor":24.0,"key":"Dexterity Potion"},{"floor":28.0,"key":"Block Potion"},{"floor":45,"key":"EntropicBrew"}],"is_trial":false,"path_per_floor":["M","M","$","M","?","R","M","M","T","E","M","R","E","M","R","B",null,"M","$","?","?","M","R","E","R","T","R","M","?","M","$","R","B",null,"M","?","M","?","M","R","E","M","T","R","E","R","$","M","R","B"],"character_chosen":"IRONCLAD","items_purchased":["Inflame","Cleave","Seeing Red","Shrug It Off","War Paint","Armaments"],"campfire_rested":2,"item_purchase_floors":[3,3,19,31,31,47],"current_hp_per_floor":[68,72,72,69,74,74,68,53,53,52,57,57,51,57,57,37,72,70,70,55,55,52,52,17,41,41,65,71,71,79,79,79,66,79,83,83,83,87,87,87,82,84,84,84,86,86,86,87,87,87],"gold":151,"neow_bonus":"","is_prod":false,"is_daily":false,"chose_seed":false,"campfire_upgraded":6,"win_rate":0,"timestamp":1536467106,"path_taken":["M","?","$","M","?","R","M","M","T","E","M","R","E","M","R","BOSS","M","$","?","?","M","R","E","R","T","R","M","?","M","$","R","BOSS","M","?","M","?","?","R","E","?","T","R","E","R","$","M","R","BOSS"],"build_version":"2018-09-06","purchased_purges":3,"victory":true,"max_hp_per_floor":[75,75,75,75,80,80,80,80,80,80,80,80,83,83,83,83,83,83,83,83,83,83,83,83,83,83,83,83,83,83,83,83,83,83,83,83,83,87,87,87,87,87,87,87,87,87,87,87,87,87],"card_choices":[{"not_picked":["Flex","Wild Strike"],"picked":"Headbutt","floor":1.0},{"not_picked":["Fire Breathing","Havoc"],"picked":"Feel No Pain","floor":2.0},{"not_picked":["Havoc","Rupture"],"picked":"Twin Strike","floor":4.0},{"not_picked":["Iron Wave","Anger"],"picked":"Reckless Charge","floor":7.0},{"not_picked":["Clash","Pommel Strike"],"picked":"Armaments","floor":8.0},{"not_picked":["Shrug It Off","Feed"],"picked":"True Grit","floor":10.0},{"not_picked":["Perfected Strike","Iron Wave","Clothesline"],"picked":"SKIP","floor":11.0},{"not_picked":["Armaments","Thunderclap","Clothesline"],"picked":"SKIP","floor":13.0},{"not_picked":["True Grit","Perfected Strike"],"picked":"Havoc","floor":14.0},{"not_picked":["Rage","Entrench","Dark Embrace"],"picked":"SKIP","floor":14.0},{"not_picked":["Reaper","Brutality"],"picked":"Fiend Fire","floor":16.0},{"not_picked":["Wild Strike","Clothesline"],"picked":"Shockwave","floor":18.0},{"not_picked":["Perfected Strike","Armaments","Sever Soul"],"picked":"SKIP","floor":18.0},{"not_picked":["Feed","Blood for Blood"],"picked":"Metallicize+1","floor":22.0},{"not_picked":["Pommel Strike","Thunderclap","Bloodletting+1"],"picked":"SKIP","floor":22.0},{"not_picked":["Thunderclap","Infernal Blade"],"picked":"Burning Pact","floor":24.0},{"not_picked":["Sentinel","Spot Weakness"],"picked":"Intimidate","floor":28.0},{"not_picked":["Heavy Blade","Searing Blow"],"picked":"Whirlwind+1","floor":28.0},{"not_picked":["Wild Strike","Cleave+1","Second Wind"],"picked":"SKIP","floor":30.0},{"not_picked":["Anger+1","Clothesline","Wild Strike"],"picked":"SKIP","floor":30.0},{"not_picked":["Dark Embrace","Double Tap"],"picked":"Impervious","floor":33.0},{"not_picked":["Pommel Strike+1","Perfected Strike","Seeing Red"],"picked":"SKIP","floor":35.0},{"not_picked":["Searing Blow","Twin Strike","Iron Wave+1"],"picked":"SKIP","floor":35.0},{"not_picked":["Whirlwind","Flex"],"picked":"Shrug It Off","floor":37.0},{"not_picked":["Rage","Twin Strike","Sword Boomerang"],"picked":"SKIP","floor":37.0},{"not_picked":["Clothesline","Cleave","Anger"],"picked":"SKIP","floor":39.0},{"not_picked":["Seeing Red","Flex+1","Evolve"],"picked":"SKIP","floor":39.0},{"not_picked":["Dropkick","Rupture","Thunderclap"],"picked":"SKIP","floor":41.0},{"not_picked":["Perfected Strike","True Grit"],"picked":"Impervious","floor":42.0},{"not_picked":["Infernal Blade","Feel No Pain"],"picked":"Body Slam","floor":42.0},{"not_picked":["Disarm+1","Shrug It Off"],"picked":"Corruption","floor":45},{"not_picked":["Battle Trance","Sentinel"],"picked":"Corruption","floor":48},{"not_picked":["Pommel Strike","Thunderclap","Wild Strike+1"],"picked":"SKIP","floor":48}],"player_experience":1085046,"relics_obtained":[{"floor":9.0,"key":"Dead Branch"},{"floor":10.0,"key":"Girya"},{"floor":13.0,"key":"Prayer Wheel"},{"floor":20.0,"key":"Calipers"},{"floor":20.0,"key":"Shuriken"},{"floor":24.0,"key":"PreservedInsect"},{"floor":26.0,"key":"Champion Belt"},{"floor":38.0,"key":"Charon\u0027s Ashes"},{"floor":41.0,"key":"Blood Vial"},{"floor":45,"key":"MawBank"}],"event_choices":[{"event_name":"Big Fish","player_choice":"Donut","floor":5.0,"damage_taken":0.0},{"event_name":"Colosseum","player_choice":"Fight","floor":20.0,"damage_taken":0.0},{"event_name":"Colosseum","player_choice":"Fought Nobs","floor":20.0,"damage_taken":0.0},{"event_name":"Nest","player_choice":"Stole From Cult","floor":21.0,"damage_taken":0.0},{"event_name":"The Library","player_choice":"Read","floor":29.0,"damage_taken":0.0},{"event_name":"Accursed Blacksmith","player_choice":"Forge","floor":36.0,"damage_taken":0.0},{"event_name":"Mysterious Sphere","player_choice":"Fight","floor":38.0,"damage_taken":0.0}],"is_beta":false,"boss_relics":[{"not_picked":["Velvet Choker","Black Star"],"picked":"Cursed Key"},{"not_picked":["Pandora\u0027s Box","Philosopher\u0027s Stone"],"picked":"Astrolabe"}],"items_purged_floors":[19,31,47],"is_endless":false,"potions_floor_spawned":[2,10,11,13,16,20,20,22,24,28,37,45],"ascension_level":18}