{"gold_per_floor":[16,34,284,459,459,490,490,490,513,524,298,309,329,22,22,22],"floor_reached":16,"playtime":350,"items_purged":["Regret","Doubt"],"score":145,"play_id":"5d821ec7-cd61-4cfa-9172-b34466abc9e1","local_time":"25610720202017","is_ascension_mode":true,"campfire_choices":[{"data":"Hemokinesis","floor":7,"key":"SMITH"},{"data":"Thunderclap","floor":15,"key":"SMITH"}],"neow_cost":"NO_GOLD","seed_source_timestamp":33211152266989,"circlet_count":0,"master_deck":["Strike_R","Strike_R","Strike_R","Strike_R","Defend_R","Defend_R","Defend_R","Defend_R","Bash","Thunderclap+1","Pommel Strike","Hemokinesis+1","Impervious"],"relics":["Burning Blood","Oddly Smooth Stone","Darkstone Periapt","Happy Flower","Blood Vial","Lee\u0027s Waffle"],"potions_floor_usage":[6,13],"damage_taken":[{"damage":2,"enemies":"Small Slimes","floor":1,"turns":4},{"damage":1,"enemies":"Cultist","floor":2,"turns":3},{"damage":33,"enemies":"Gremlin Nob","floor":6,"turns":4},{"damage":0,"enemies":"2 Louse","floor":10,"turns":2},{"damage":7,"enemies":"Looter","floor":12,"turns":2},{"damage":9,"enemies":"Gremlin Gang","floor":13,"turns":3},{"damage":106,"enemies":"Hexaghost","floor":16,"turns":9}],"seed_played":"-1008730637321009453","potions_obtained":[{"floor":2,"key":"SteroidPotion"},{"floor":10,"key":"AttackPotion"}],"is_trial":false,"path_per_floor":["M","M","?","?","?","E","R","T","T","M","$","M","M","$","R"],"character_chosen":"IRONCLAD","items_purchased":["Blood Vial","Lee\u0027s Waffle"],"campfire_rested":0,"item_purchase_floors":[11,14],"current_hp_per_floor":[96,96,96,96,96,69,69,69,69,75,75,76,75,103,103,0],"gold":22,"neow_bonus":"TWENTY_PERCENT_HP_BONUS","is_prod":false,"is_daily":false,"chose_seed":false,"campfire_upgraded":2,"win_rate":0,"timestamp":1532092817,"path_taken":["M","M","?","?","?","E","R","?","T","M","?","M","M","$","R","BOSS"],"build_version":"2018-07-19v2","purchased_purges":2,"victory":false,"max_hp_per_floor":[96,96,96,96,96,96,96,96,96,96,96,96,96,103,103,103],"card_choices":[{"not_picked":["Heavy Blade","Rupture"],"picked":"Thunderclap","floor":1},{"not_picked":["Warcry","Thunderclap"],"picked":"Pommel Strike","floor":2},{"not_picked":["Thunderclap","Heavy Blade","Anger"],"picked":"SKIP","floor":6},{"not_picked":["Shrug It Off","Warcry","Ghostly Armor"],"picked":"SKIP","floor":10},{"not_picked":["Bloodletting","Anger","Burning Pact"],"picked":"SKIP","floor":12},{"not_picked":["Warcry","Twin Strike"],"picked":"Impervious","floor":13}],"player_experience":104241,"relics_obtained":[{"floor":6,"key":"Oddly Smooth Stone"},{"floor":8,"key":"Darkstone Periapt"},{"floor":9,"key":"Happy Flower"}],"event_choices":[{"event_name":"Golden Shrine","player_choice":"Desecrate","floor":3,"damage_taken":0},{"event_name":"Liars Game","player_choice":"agreed","floor":4,"damage_taken":0},{"event_name":"Transmorgrifier","player_choice":"Transform","floor":5,"damage_taken":0}],"is_beta":false,"boss_relics":[],"items_purged_floors":[11,14],"is_endless":false,"potions_floor_spawned":[2,10],"killed_by":"Hexaghost","ascension_level":4}