{"gold_per_floor":[117,35,54,66,66,91,91,103,103,83,97,109,109,7,7,86,86,97,20,39,39,54,54,65,65,65,65,65,90,90,90,90,90],"floor_reached":33,"playtime":1714,"items_purged":["Strike_R"],"score":464,"play_id":"f4b99122-625c-437e-b4bb-04bc08afbc05","local_time":"20190122191120","is_ascension_mode":true,"campfire_choices":[{"floor":7.0,"key":"REST"},{"data":"Body Slam","floor":13.0,"key":"SMITH"},{"data":"Intimidate","floor":15.0,"key":"SMITH"},{"floor":23,"key":"REST"},{"data":"True Grit","floor":25,"key":"SMITH"},{"data":"Ghostly","floor":30,"key":"SMITH"},{"floor":32,"key":"REST"}],"neow_cost":"TEN_PERCENT_HP_LOSS","seed_source_timestamp":132257246127930,"circlet_count":0,"master_deck":["AscendersBane","Bash","Intimidate+1","Sword Boomerang","Entrench+1","Inflame","Body Slam+1","Flame Barrier","Shrug It Off","Ghostly Armor","Battle Trance","Metallicize","Cleave","Feed","Flame Barrier","Power Through","True Grit+1","Corruption","Pommel Strike","Shockwave","Anger","Whirlwind","Metallicize","Writhe","Demon Form","Ghostly","Ghostly+1","Ghostly"],"special_seed":0,"relics":["Burning Blood","Bird Faced Urn","Peace Pipe","Pandora\u0027s Box","Matryoshka","Juzu Bracelet","Bottled Flame","Pear","Enchiridion"],"potions_floor_usage":[29,33],"damage_taken":[{"damage":1.0,"enemies":"2 Louse","floor":1.0,"turns":3.0},{"damage":0.0,"enemies":"Cultist","floor":3.0,"turns":3.0},{"damage":12.0,"enemies":"Small Slimes","floor":4.0,"turns":3.0},{"damage":38.0,"enemies":"Lagavulin","floor":6.0,"turns":8.0},{"damage":0.0,"enemies":"Looter","floor":8.0,"turns":4.0},{"damage":4.0,"enemies":"Large Slime","floor":11.0,"turns":9.0},{"damage":0.0,"enemies":"Blue Slaver","floor":12.0,"turns":5.0},{"damage":31.0,"enemies":"Hexaghost","floor":16.0,"turns":13.0},{"damage":3.0,"enemies":"3 Byrds","floor":18.0,"turns":3.0},{"damage":10.0,"enemies":"Spheric Guardian","floor":20.0,"turns":6.0},{"damage":63,"enemies":"Snecko","floor":22,"turns":13},{"damage":12,"enemies":"Shelled Parasite and Fungi","floor":24,"turns":8},{"damage":26,"enemies":"Gremlin Leader","floor":29,"turns":8},{"damage":21,"enemies":"Collector","floor":33,"turns":3}],"seed_played":"8025185108947898005","potions_obtained":[{"floor":1.0,"key":"SteroidPotion"},{"floor":3.0,"key":"AttackPotion"},{"floor":8.0,"key":"Dexterity Potion"},{"floor":10.0,"key":"Block Potion"},{"floor":16.0,"key":"Explosive Potion"},{"floor":18.0,"key":"EssenceOfSteel"}],"is_trial":false,"path_per_floor":["M","$","M","M","?","E","R","M","T","?","M","M","R","$","R","B",null,"M","$","M","?","M","R","M","R","T","$","?","E","R","?","R","B"],"character_chosen":"IRONCLAD","items_purchased":["Inflame","Cleave","Whirlwind"],"campfire_rested":3,"item_purchase_floors":[2,14,19],"current_hp_per_floor":[68,68,68,62,42,10,30,38,38,38,42,50,50,50,50,29,58,65,65,66,66,13,33,31,31,31,31,31,25,25,4,17,0],"gold":90,"neow_bonus":"TRANSFORM_TWO_CARDS","is_prod":false,"is_daily":false,"chose_seed":false,"campfire_upgraded":4,"win_rate":0,"timestamp":1548180680,"path_taken":["M","$","M","M","?","E","R","M","T","?","M","M","R","$","R","BOSS","M","$","?","?","M","R","M","R","T","$","?","E","R","?","R","BOSS"],"build_version":"2019-01-17v2","purchased_purges":1,"victory":false,"max_hp_per_floor":[68,68,68,68,68,68,68,68,68,68,68,68,68,68,68,68,68,68,68,68,68,68,68,68,68,68,68,34,44,44,44,44,44],"card_choices":[{"not_picked":["Dual Wield","Wild Strike"],"picked":"Entrench","floor":1.0},{"not_picked":["Hemokinesis","Combust"],"picked":"Body Slam","floor":3.0},{"not_picked":["Shrug It Off","Ghostly Armor"],"picked":"Flame Barrier","floor":4.0},{"not_picked":["Body Slam","Cleave"],"picked":"Shrug It Off","floor":6.0},{"not_picked":["Flex","Perfected Strike"],"picked":"Ghostly Armor","floor":8.0},{"not_picked":["Sword Boomerang","Intimidate"],"picked":"Battle Trance","floor":11.0},{"not_picked":["Clothesline","Flame Barrier"],"picked":"Metallicize","floor":12.0},{"not_picked":["Offering","Immolate"],"picked":"Feed","floor":16.0},{"not_picked":["Warcry","Heavy Blade"],"picked":"Anger","floor":18.0},{"not_picked":["Thunderclap","Rupture+1"],"picked":"Metallicize","floor":20.0},{"not_picked":["Twin Strike","Iron Wave"],"picked":"Demon Form","floor":22},{"not_picked":["Combust","Clothesline+1","Hemokinesis"],"picked":"SKIP","floor":24},{"not_picked":["Double Tap","Dropkick","Havoc"],"picked":"SKIP","floor":29}],"player_experience":526580,"relics_obtained":[{"floor":6.0,"key":"Bird Faced Urn"},{"floor":9.0,"key":"Peace Pipe"},{"floor":26,"key":"Juzu Bracelet"},{"floor":26,"key":"Bottled Flame"},{"floor":29,"key":"Pear"},{"floor":31,"key":"Enchiridion"}],"event_choices":[{"damage_healed":0.0,"max_hp_gain":0.0,"max_hp_loss":0.0,"gold_gain":0.0,"event_name":"Shining Light","player_choice":"Entered Light","floor":5.0,"gold_loss":0.0,"damage_taken":20.0,"cards_upgraded":["Strike_R","Entrench"]},{"damage_healed":0.0,"max_hp_gain":0.0,"max_hp_loss":0.0,"gold_gain":0.0,"event_name":"The Woman in Blue","player_choice":"Bought 1 Potion","floor":10.0,"gold_loss":0.0,"damage_taken":0.0},{"damage_healed":0.0,"max_hp_gain":0.0,"max_hp_loss":0.0,"gold_gain":0.0,"event_name":"The Mausoleum","player_choice":"Opened","floor":21.0,"gold_loss":0.0,"damage_taken":0.0,"relics_obtained":["Matryoshka"],"cards_obtained":["Writhe"]},{"damage_healed":0,"gold_gain":0,"player_choice":"Became a Ghost","damage_taken":0,"max_hp_gain":0,"max_hp_loss":34,"event_name":"Ghosts","floor":28,"gold_loss":0,"cards_obtained":["Ghostly","Ghostly","Ghostly"]},{"damage_healed":0,"gold_gain":0,"player_choice":"Obtained Book","damage_taken":21,"max_hp_gain":0,"max_hp_loss":0,"event_name":"Cursed Tome","floor":31,"gold_loss":0}],"is_beta":false,"boss_relics":[{"not_picked":["Fusion Hammer","Calling Bell"],"picked":"Pandora\u0027s Box"}],"items_purged_floors":[14],"is_endless":false,"potions_floor_spawned":[1,3,8,11,16,18],"killed_by":"Collector","ascension_level":15}