{"gold_per_floor":[118,138,154,154,166,166,194,204,204,32,32,64,82,82,82,183,183,193,207,132,52,52,52,69,98,98,116,215,215,215,234,234,332,332,348,169,186,186,0,31,46,64,90,90,109,128,155,167,167,167],"floor_reached":51,"playtime":1344,"items_purged":["Defend_R","Strike_R"],"score":761,"play_id":"eebebda0-4749-4e86-bdfb-b828ab5da355","local_time":"20190114233508","is_ascension_mode":false,"campfire_choices":[{"data":"Flex","floor":6,"key":"SMITH"},{"data":"Bludgeon","floor":15,"key":"SMITH"},{"data":"Spot Weakness","floor":23,"key":"SMITH"},{"data":"Carnage","floor":29,"key":"SMITH"},{"data":"Sword Boomerang","floor":32,"key":"SMITH"},{"floor":49,"key":"REST"}],"neow_cost":"NONE","seed_source_timestamp":440940948066683,"circlet_count":0,"master_deck":["Strike_R","Strike_R","Defend_R","Defend_R+1","Defend_R+1","Bash","Flex+1","Thunderclap","Spot Weakness+1","Carnage+1","Bludgeon+1","Headbutt","Shrug It Off+1","Flex+1","Offering+1","Sword Boomerang+1","Double Tap+1","Shockwave+1","Flame Barrier+1","Flame Barrier+1","Immolate","Shockwave+1","Corruption","Discovery+1","Sever Soul+1","Madness+1","Madness+1","Pummel+1","Berserk"],"relics":["Burning Blood","War Paint","Self Forming Clay","Question Card","Toxic Egg 2","The Courier","Mercury Hourglass","Snecko Eye","Darkstone Periapt","Ornamental Fan","Fusion Hammer","Bag of Preparation","Red Mask","Dream Catcher","Omamori","Boot"],"potions_floor_usage":[50,50],"damage_taken":[{"damage":1,"enemies":"2 Louse","floor":1,"turns":3},{"damage":6,"enemies":"Cultist","floor":2,"turns":3},{"damage":3,"enemies":"Jaw Worm","floor":3,"turns":3},{"damage":15,"enemies":"Exordium Wildlife","floor":5,"turns":3},{"damage":15,"enemies":"Gremlin Nob","floor":7,"turns":4},{"damage":0,"enemies":"2 Fungi Beasts","floor":8,"turns":2},{"damage":15,"enemies":"3 Sentries","floor":12,"turns":6},{"damage":6,"enemies":"3 Louse","floor":13,"turns":1},{"damage":17,"enemies":"Hexaghost","floor":16,"turns":7},{"damage":10,"enemies":"Chosen","floor":18,"turns":2},{"damage":5,"enemies":"3 Byrds","floor":19,"turns":3},{"damage":10,"enemies":"3 Cultists","floor":24,"turns":4},{"damage":6,"enemies":"Gremlin Leader","floor":25,"turns":3},{"damage":6,"enemies":"Centurion and Healer","floor":27,"turns":3},{"damage":6,"enemies":"Chosen and Byrds","floor":31,"turns":2},{"damage":11,"enemies":"Automaton","floor":33,"turns":5},{"damage":11,"enemies":"3 Shapes","floor":35,"turns":4},{"damage":0,"enemies":"3 Darklings","floor":37,"turns":2},{"damage":0,"enemies":"Nemesis","floor":40,"turns":3},{"damage":9,"enemies":"4 Shapes","floor":41,"turns":2},{"damage":0,"enemies":"Writhing Mass","floor":42,"turns":2},{"damage":0,"enemies":"3 Darklings","floor":45,"turns":1},{"damage":6,"enemies":"Jaw Worm Horde","floor":46,"turns":2},{"damage":0,"enemies":"Spire Growth","floor":48,"turns":2},{"damage":66,"enemies":"Awakened One","floor":50,"turns":5}],"seed_played":"4598279754266535464","potions_obtained":[{"floor":1,"key":"GamblersBrew"},{"floor":8,"key":"Fire Potion"},{"floor":16,"key":"SpeedPotion"},{"floor":18,"key":"GamblersBrew"},{"floor":31,"key":"Ancient Potion"},{"floor":42,"key":"PowerPotion"}],"is_trial":false,"path_per_floor":["M","M","M","?","M","R","E","M","T","$","?","E","M","?","R","B",null,"M","M","?","$","?","R","M","E","T","M","?","R","?","M","R","B",null,"M","$","M","?","?","E","M","M","T","?","M","M","T","M","R","B",null],"character_chosen":"IRONCLAD","items_purchased":["Shrug It Off+1","Flex+1","Bag of Preparation","Corruption"],"campfire_rested":1,"item_purchase_floors":[10,10,36,36],"current_hp_per_floor":[80,80,80,80,71,71,62,68,68,68,68,59,59,59,59,48,80,76,77,77,77,77,77,73,73,73,73,73,73,73,73,73,68,80,75,75,80,80,80,80,77,80,80,70,76,76,76,80,80,20],"gold":167,"neow_bonus":"RANDOM_COMMON_RELIC","is_prod":false,"is_daily":false,"chose_seed":false,"campfire_upgraded":5,"win_rate":0,"timestamp":1547505308,"path_taken":["M","M","M","?","?","R","E","M","T","?","?","E","M","?","R","BOSS","M","M","?","$","?","R","M","E","T","M","?","R","?","M","R","BOSS","M","$","M","?","?","E","M","M","T","?","M","M","?","M","R","BOSS"],"build_version":"2019-01-10","purchased_purges":2,"victory":true,"max_hp_per_floor":[80,80,80,80,80,80,80,80,80,80,80,80,80,80,80,80,80,80,80,80,80,80,80,80,80,80,80,80,80,80,80,80,80,80,80,80,80,80,80,80,80,80,80,80,80,80,80,80,80,80],"card_choices":[{"not_picked":["Pummel","Heavy Blade"],"picked":"Flex","floor":1},{"not_picked":["Armaments","Iron Wave"],"picked":"Thunderclap","floor":2},{"not_picked":["Pommel Strike","Fire Breathing"],"picked":"Spot Weakness","floor":3},{"not_picked":["Shrug It Off","Wild Strike"],"picked":"Carnage","floor":5},{"not_picked":["Clash","Blood for Blood"],"picked":"Bludgeon","floor":7},{"not_picked":["Shockwave","Shrug It Off","Wild Strike"],"picked":"Headbutt","floor":8},{"not_picked":["Heavy Blade","Wild Strike","Clothesline"],"picked":"Offering+1","floor":12},{"not_picked":["Hemokinesis","Havoc+1","Iron Wave"],"picked":"Sword Boomerang","floor":13},{"not_picked":["Berserk","Barricade","Offering+1"],"picked":"Double Tap+1","floor":16},{"not_picked":["True Grit+1","Spot Weakness+1","Cleave"],"picked":"Shockwave+1","floor":18},{"not_picked":["Clash","Seeing Red+1","Warcry+1"],"picked":"Flame Barrier+1","floor":19},{"not_picked":["Searing Blow","Rage+1","Havoc+1","Uppercut"],"picked":"SKIP","floor":24},{"not_picked":["Shrug It Off+1","Havoc+1","Twin Strike","Clash"],"picked":"SKIP","floor":25},{"not_picked":["Wild Strike","True Grit+1","Iron Wave","Anger"],"picked":"SKIP","floor":27},{"not_picked":["Dropkick","Iron Wave","Sword Boomerang","Wild Strike"],"picked":"SKIP","floor":31},{"not_picked":["Berserk","Brutality","Exhume+1"],"picked":"Immolate","floor":33},{"not_picked":["Clothesline+1","Sword Boomerang+1","Clash"],"picked":"Shockwave+1","floor":35},{"not_picked":["Warcry+1","Metallicize","Pommel Strike","Rage+1"],"picked":"SKIP","floor":37},{"not_picked":["Forethought+1","Panache","Thinking Ahead+1"],"picked":"Discovery+1","floor":38},{"not_picked":["Shrug It Off+1","Clothesline+1","Perfected Strike"],"picked":"Sever Soul+1","floor":40},{"not_picked":["Searing Blow","Twin Strike","Warcry+1","Cleave"],"picked":"SKIP","floor":41},{"not_picked":["Twin Strike","Warcry+1","Infernal Blade+1","Clash"],"picked":"SKIP","floor":42},{"not_picked":["Seeing Red+1","True Grit+1","Metallicize","Anger"],"picked":"SKIP","floor":45},{"not_picked":["Flex+1","Headbutt","Heavy Blade"],"picked":"Pummel+1","floor":46},{"not_picked":["Sword Boomerang","Body Slam+1","Bloodletting+1","Clothesline"],"picked":"SKIP","floor":48},{"not_picked":["Headbutt+1","Thunderclap+1","True Grit+1"],"picked":"Berserk","floor":49}],"player_experience":457927,"relics_obtained":[{"floor":7,"key":"Question Card"},{"floor":9,"key":"Toxic Egg 2"},{"floor":12,"key":"Mercury Hourglass"},{"floor":25,"key":"Darkstone Periapt"},{"floor":26,"key":"Ornamental Fan"},{"floor":40,"key":"Dream Catcher"},{"floor":43,"key":"Omamori"},{"floor":47,"key":"Boot"}],"event_choices":[{"damage_healed":0,"gold_gain":0,"player_choice":"Gave Potion","damage_taken":0,"relics_obtained":["Self Forming Clay"],"max_hp_gain":0,"max_hp_loss":0,"event_name":"WeMeetAgain","floor":4,"gold_loss":0},{"damage_healed":0,"gold_gain":0,"player_choice":"Box","damage_taken":0,"relics_obtained":["The Courier"],"max_hp_gain":0,"max_hp_loss":0,"event_name":"Big Fish","floor":11,"gold_loss":0,"cards_obtained":["Regret"]},{"cards_removed":["Regret"],"damage_healed":0,"gold_gain":0,"player_choice":"Forget","damage_taken":0,"max_hp_gain":0,"max_hp_loss":0,"event_name":"Living Wall","floor":14,"gold_loss":0},{"cards_removed":["Strike_R"],"damage_healed":0,"gold_gain":0,"player_choice":"Gave Gold","damage_taken":0,"max_hp_gain":0,"max_hp_loss":0,"event_name":"Beggar","floor":20,"gold_loss":75},{"damage_healed":0,"gold_gain":0,"player_choice":"Read","damage_taken":0,"max_hp_gain":0,"max_hp_loss":0,"event_name":"The Library","floor":22,"gold_loss":0,"cards_obtained":["Flame Barrier"]},{"damage_healed":0,"gold_gain":99,"player_choice":"Stole From Cult","damage_taken":0,"max_hp_gain":0,"max_hp_loss":0,"event_name":"Nest","floor":28,"gold_loss":0},{"cards_removed":["Strike_R"],"damage_healed":0,"gold_gain":0,"player_choice":"Purged","damage_taken":0,"max_hp_gain":0,"max_hp_loss":0,"event_name":"Purifier","floor":30,"gold_loss":0},{"damage_healed":0,"gold_gain":0,"player_choice":"Memory 1","damage_taken":0,"max_hp_gain":0,"max_hp_loss":0,"event_name":"SensoryStone","floor":38,"gold_loss":0},{"damage_healed":0,"gold_gain":0,"player_choice":"Paid","damage_taken":0,"relics_obtained":["Red Mask"],"max_hp_gain":0,"max_hp_loss":0,"event_name":"Tomb of Lord Red Mask","floor":39,"gold_loss":186},{"damage_healed":0,"gold_gain":0,"player_choice":"Embrace Madness","damage_taken":10,"max_hp_gain":0,"max_hp_loss":0,"event_name":"Winding Halls","floor":44,"gold_loss":0,"cards_obtained":["Madness","Madness"]}],"is_beta":false,"boss_relics":[{"not_picked":["Calling Bell","Cursed Key"],"picked":"Snecko Eye"},{"not_picked":["Tiny House","Busted Crown"],"picked":"Fusion Hammer"}],"items_purged_floors":[10,21],"is_endless":false,"potions_floor_spawned":[1,8,16,18,31,33,40,42,48],"ascension_level":0}