{"gold_per_floor":[119,119,131,146,146,146,178,178,178,209,221,221,396,406,406,406],"floor_reached":16,"playtime":1731,"items_purged":[],"score":132,"play_id":"b1041a50-4c9f-4097-a42b-7465eb9893a8","local_time":"20190421140625","is_ascension_mode":true,"campfire_choices":[{"data":"Cloak And Dagger","floor":6.0,"key":"SMITH"},{"floor":8.0,"key":"REST"},{"floor":12.0,"key":"REST"},{"data":"1","floor":15.0,"key":"LIFT"}],"neow_cost":"NONE","seed_source_timestamp":0,"circlet_count":0,"master_deck":["Defend_G","Defend_G","Defend_G","Defend_G","Defend_G","Strike_G","Strike_G","Strike_G","Strike_G","Survivor","Neutralize","Poisoned Stab","Cloak And Dagger+1","PiercingWail","Flechettes","Poisoned Stab","Masterful Stab","Doubt","Caltrops"],"special_seed":0,"relics":["Ring of the Snake","Strawberry","FaceOfCleric","Calipers","Girya","Torii"],"potions_floor_usage":[16],"damage_taken":[{"damage":0.0,"enemies":"Small Slimes","floor":1.0,"turns":4.0},{"damage":1.0,"enemies":"Cultist","floor":3.0,"turns":3.0},{"damage":2.0,"enemies":"2 Louse","floor":4.0,"turns":3.0},{"damage":16.0,"enemies":"3 Sentries","floor":7.0,"turns":13.0},{"damage":13.0,"enemies":"Lagavulin","floor":10.0,"turns":9.0},{"damage":6.0,"enemies":"Large Slime","floor":11.0,"turns":5.0},{"damage":6.0,"enemies":"3 Louse","floor":14.0,"turns":3.0},{"damage":85,"enemies":"Slime Boss","floor":16,"turns":12}],"seed_played":"-7380582431253675609","potions_obtained":[{"floor":7.0,"key":"SkillPotion"},{"floor":14.0,"key":"Ancient Potion"}],"is_trial":false,"path_per_floor":["M","?","M","M","?","R","E","R","T","E","M","R","?","M","R","B"],"character_chosen":"THE_SILENT","items_purchased":[],"campfire_rested":2,"item_purchase_floors":[],"current_hp_per_floor":[77,77,77,76,76,76,61,80,80,68,63,82,82,77,77,0],"gold":406,"neow_bonus":"RANDOM_COMMON_RELIC","is_prod":false,"is_daily":false,"chose_seed":false,"campfire_upgraded":1,"win_rate":0,"timestamp":1555851985,"path_taken":["M","?","?","M","?","R","E","R","T","E","?","R","?","M","R","BOSS"],"build_version":"2019-01-23","purchased_purges":0,"victory":false,"max_hp_per_floor":[77,77,78,79,79,79,80,80,80,81,82,82,82,83,83,83],"card_choices":[{"not_picked":["Acrobatics","Bane"],"picked":"Poisoned Stab","floor":1.0},{"not_picked":["Underhanded Strike","Concentrate"],"picked":"Cloak And Dagger","floor":3.0},{"not_picked":["Tactician","Accuracy"],"picked":"PiercingWail","floor":4.0},{"not_picked":["Outmaneuver","Deflect"],"picked":"Flechettes","floor":7.0},{"not_picked":["Wraith Form v2","Dagger Spray"],"picked":"Poisoned Stab","floor":10.0},{"not_picked":["Tactician","Sucker Punch"],"picked":"Masterful Stab","floor":11.0},{"not_picked":["Dagger Spray","Setup"],"picked":"Caltrops","floor":14.0}],"player_experience":670833,"relics_obtained":[{"floor":7.0,"key":"Calipers"},{"floor":9.0,"key":"Girya"},{"floor":10.0,"key":"Torii"}],"event_choices":[{"damage_healed":0.0,"max_hp_gain":0.0,"max_hp_loss":0.0,"gold_gain":0.0,"event_name":"FaceTrader","player_choice":"Trade","floor":2.0,"gold_loss":0.0,"damage_taken":0.0,"relics_obtained":["FaceOfCleric"]},{"cards_removed":["Strike_G"],"damage_healed":0.0,"max_hp_gain":0.0,"max_hp_loss":0.0,"gold_gain":0.0,"event_name":"Purifier","player_choice":"Purged","floor":5.0,"gold_loss":0.0,"damage_taken":0.0},{"damage_healed":0.0,"max_hp_gain":0.0,"max_hp_loss":0.0,"gold_gain":175.0,"event_name":"Liars Game","player_choice":"AGREE","floor":13.0,"gold_loss":0.0,"damage_taken":0.0,"cards_obtained":["Doubt"]}],"is_beta":false,"boss_relics":[],"items_purged_floors":[],"is_endless":false,"potions_floor_spawned":[7,14],"killed_by":"Slime Boss","ascension_level":4}