{"gold_per_floor":[362,382,401,416,416,416,442,442,493,512,538,538,566,578,578,656,656,656,5,5,5,5,5,5,5],"floor_reached":25,"playtime":1485,"items_purged":[],"score":430,"play_id":"319ed823-6d4a-4769-bfb8-3c744625fb88","local_time":"20190322134108","is_ascension_mode":true,"campfire_choices":[{"data":"Bash","floor":6.0,"key":"SMITH"},{"data":"Inflame","floor":8.0,"key":"SMITH"},{"floor":12,"key":"REST"},{"floor":15,"key":"REST"},{"floor":23,"key":"REST"}],"neow_cost":"TEN_PERCENT_HP_LOSS","seed_source_timestamp":201325396904300,"circlet_count":0,"master_deck":["AscendersBane","Strike_R","Strike_R","Strike_R+1","Strike_R","Strike_R","Defend_R","Defend_R","Defend_R","Defend_R","Bash+1","Inflame+1","Hemokinesis+1","Burning Pact","True Grit","Anger","Thunderclap","Inflame","Limit Break","Limit Break","Dual Wield"],"special_seed":0,"relics":["Burning Blood","Whetstone","Anchor","Regal Pillow","The Courier","Ectoplasm","Gambling Chip","DollysMirror","Singing Bowl"],"potions_floor_usage":[11,22,25,25],"damage_taken":[{"damage":9.0,"enemies":"2 Louse","floor":1.0,"turns":4.0},{"damage":14.0,"enemies":"Jaw Worm","floor":2.0,"turns":4.0},{"damage":6.0,"enemies":"Cultist","floor":3.0,"turns":3.0},{"damage":22.0,"enemies":"Lots of Slimes","floor":4.0,"turns":4.0},{"damage":3.0,"enemies":"3 Louse","floor":10.0,"turns":3.0},{"damage":33,"enemies":"3 Sentries","floor":11,"turns":14},{"damage":25,"enemies":"Lagavulin","floor":13,"turns":6},{"damage":7,"enemies":"Large Slime","floor":14,"turns":5},{"damage":35,"enemies":"Slime Boss","floor":16,"turns":10},{"damage":10,"enemies":"Shell Parasite","floor":18,"turns":3},{"damage":27,"enemies":"Spheric Guardian","floor":21,"turns":4},{"damage":11,"enemies":"Snake Plant","floor":22,"turns":2},{"damage":57,"enemies":"Shelled Parasite and Fungi","floor":24,"turns":5},{"damage":25,"enemies":"Book of Stabbing","floor":25,"turns":2}],"seed_played":"2706854137099343317","potions_obtained":[{"floor":2.0,"key":"LiquidBronze"},{"floor":4.0,"key":"Swift Potion"},{"floor":13,"key":"Swift Potion"},{"floor":21,"key":"Fire Potion"},{"floor":24,"key":"BloodPotion"}],"is_trial":false,"path_per_floor":["M","M","M","M","?","R","T","R","T","M","E","R","E","M","R","B",null,"M","$","?","M","M","R","M","E"],"character_chosen":"IRONCLAD","items_purchased":["Gambling Chip","DollysMirror","Singing Bowl"],"campfire_rested":3,"item_purchase_floors":[19,19,19],"current_hp_per_floor":[65,57,57,41,41,41,41,41,41,44,17,52,33,32,67,38,61,57,57,51,32,29,65,14,0],"gold":5,"neow_bonus":"TWO_FIFTY_GOLD","is_prod":false,"is_daily":false,"chose_seed":false,"campfire_upgraded":2,"win_rate":0,"timestamp":1553262068,"path_taken":["M","M","M","M","?","R","?","R","T","M","E","R","E","M","R","BOSS","M","$","?","?","M","R","M","E"],"build_version":"2019-01-23","purchased_purges":0,"victory":false,"max_hp_per_floor":[68,68,68,68,68,68,68,68,68,68,68,68,68,68,68,68,68,68,68,68,70,72,72,72,72],"card_choices":[{"not_picked":["Twin Strike","Anger"],"picked":"Inflame","floor":1.0},{"not_picked":["Fire Breathing","Dual Wield","Cleave"],"picked":"SKIP","floor":2.0},{"not_picked":["Clash","Corruption"],"picked":"Hemokinesis","floor":3.0},{"not_picked":["Body Slam","Pommel Strike"],"picked":"Burning Pact","floor":4.0},{"not_picked":["Sever Soul","Clash"],"picked":"True Grit","floor":10.0},{"not_picked":["Wild Strike","Blood for Blood"],"picked":"Anger","floor":11},{"not_picked":["Cleave","Double Tap"],"picked":"Thunderclap","floor":13},{"not_picked":["Iron Wave","Intimidate"],"picked":"Inflame","floor":14},{"not_picked":["Exhume","Offering"],"picked":"Limit Break","floor":16},{"not_picked":["Entrench","Flex","Intimidate"],"picked":"SKIP","floor":18},{"not_picked":["Pommel Strike","Iron Wave","Sentinel"],"picked":"Singing Bowl","floor":21},{"not_picked":["True Grit","Headbutt","Seeing Red"],"picked":"Singing Bowl","floor":22},{"not_picked":["Body Slam","Clash"],"picked":"Dual Wield","floor":24}],"player_experience":2299474,"relics_obtained":[{"floor":7.0,"key":"Whetstone"},{"floor":9.0,"key":"Anchor"},{"floor":11,"key":"Regal Pillow"},{"floor":13,"key":"The Courier"}],"event_choices":[{"damage_healed":0.0,"max_hp_gain":0.0,"max_hp_loss":0.0,"gold_gain":0.0,"event_name":"Liars Game","player_choice":"Ignored","floor":5.0,"gold_loss":0.0,"damage_taken":0.0},{"damage_healed":0,"gold_gain":0,"player_choice":"","damage_taken":6,"max_hp_gain":0,"max_hp_loss":0,"event_name":"Knowing Skull","floor":20,"potions_obtained":[],"gold_loss":0,"cards_obtained":[]}],"is_beta":false,"boss_relics":[{"not_picked":["Black Star","Calling Bell"],"picked":"Ectoplasm"}],"items_purged_floors":[],"is_endless":false,"potions_floor_spawned":[2,4,13,21,24],"killed_by":"Book of Stabbing","ascension_level":20}