{"gold_per_floor":[114,130,130,143,143,168,181,210,210,245,263,263,274,294,294,371,371,388,388,77,77,96,121,121,148,220,220,240,240,267,298,298,372,372,391,391,406,406,53,53,83,102,102,102,11,40,56,75,75,75,75],"floor_reached":51,"playtime":2968,"items_purged":["Strike_B","Strike_B","Shame"],"score":1670,"play_id":"7dd35615-5343-4910-81ca-95bb980c7209","local_time":"20190222013657","is_ascension_mode":true,"campfire_choices":[{"data":"Darkness","floor":12.0,"key":"SMITH"},{"data":"Double Energy","floor":15.0,"key":"SMITH"},{"floor":24.0,"key":"REST"},{"floor":27.0,"key":"REST"},{"data":"Seek","floor":29.0,"key":"SMITH"},{"data":"Coolheaded","floor":32.0,"key":"SMITH"},{"data":"Master of Strategy","floor":40.0,"key":"SMITH"},{"floor":49.0,"key":"REST"}],"neow_cost":"NONE","seed_source_timestamp":3198770777200,"circlet_count":0,"master_deck":["AscendersBane","Strike_B","Strike_B","Defend_B+1","Defend_B","Defend_B","Defend_B","Zap","Dualcast","Seek+1","Cold Snap","Rip and Tear+1","Hologram","Leap","Core Surge","Double Energy+1","Darkness+1","Stack","Coolheaded+1","Electrodynamics+1","Cold Snap","Storm+1","Cold Snap","Ball Lightning","Stack","Stack","Skim+1","Clumsy","Go for the Eyes+1","Leap","Capacitor+1","Stack","Echo Form+1","Storm+1","Aggregate","Storm+1","Steam+1","Master of Strategy+1","Hello World+1","Double Energy","Stack","Recycle+1","Heatsinks+1","Steam+1","Decay","Capacitor+1","Amplify","BootSequence","Self Repair+1","Storm+1"],"special_seed":0,"relics":["Cracked Core","Lantern","Frozen Egg 2","Pocketwatch","Torii","Cursed Key","Juzu Bracelet","Prayer Wheel","Smiling Mask","Molten Egg 2","Red Mask","Oddly Smooth Stone","Nuclear Battery","Strawberry","Singing Bowl","FaceOfCleric","Sundial"],"potions_floor_usage":[51,51],"damage_taken":[{"damage":0.0,"enemies":"Small Slimes","floor":1.0,"turns":2.0},{"damage":0.0,"enemies":"2 Louse","floor":2.0,"turns":1.0},{"damage":0.0,"enemies":"Jaw Worm","floor":4.0,"turns":3.0},{"damage":2.0,"enemies":"Gremlin Nob","floor":6.0,"turns":3.0},{"damage":0.0,"enemies":"Looter","floor":7.0,"turns":3.0},{"damage":28.0,"enemies":"3 Sentries","floor":8.0,"turns":6.0},{"damage":5.0,"enemies":"Lagavulin","floor":10.0,"turns":7.0},{"damage":1.0,"enemies":"2 Fungi Beasts","floor":11.0,"turns":2.0},{"damage":15.0,"enemies":"3 Louse","floor":13.0,"turns":3.0},{"damage":0.0,"enemies":"Exordium Thugs","floor":14.0,"turns":4.0},{"damage":0.0,"enemies":"The Guardian","floor":16.0,"turns":11.0},{"damage":0.0,"enemies":"Spheric Guardian","floor":18.0,"turns":3.0},{"damage":17.0,"enemies":"Shell Parasite","floor":22.0,"turns":4.0},{"damage":15.0,"enemies":"Book of Stabbing","floor":23.0,"turns":4.0},{"damage":22.0,"enemies":"Slavers","floor":25.0,"turns":4.0},{"damage":1.0,"enemies":"3 Cultists","floor":28.0,"turns":4.0},{"damage":1.0,"enemies":"Masked Bandits","floor":30.0,"turns":2.0},{"damage":19.0,"enemies":"Book of Stabbing","floor":31.0,"turns":7.0},{"damage":7.0,"enemies":"Champ","floor":33.0,"turns":13.0},{"damage":1.0,"enemies":"3 Shapes","floor":35.0,"turns":3.0},{"damage":1.0,"enemies":"3 Darklings","floor":37.0,"turns":2.0},{"damage":1.0,"enemies":"Nemesis","floor":41.0,"turns":8.0},{"damage":6.0,"enemies":"4 Shapes","floor":42.0,"turns":3.0},{"damage":9.0,"enemies":"Giant Head","floor":46.0,"turns":6.0},{"damage":10.0,"enemies":"Sphere and 2 Shapes","floor":47.0,"turns":5.0},{"damage":19.0,"enemies":"Writhing Mass","floor":48.0,"turns":4.0},{"damage":44.0,"enemies":"Time Eater","floor":50.0,"turns":10.0},{"damage":20,"enemies":"Awakened One","floor":51,"turns":6}],"seed_played":"-7547008123137370408","potions_obtained":[{"floor":1.0,"key":"Explosive Potion"},{"floor":2.0,"key":"Explosive Potion"},{"floor":8.0,"key":"Dexterity Potion"},{"floor":11.0,"key":"Dexterity Potion"},{"floor":13.0,"key":"SkillPotion"},{"floor":22.0,"key":"GamblersBrew"},{"floor":25.0,"key":"Ancient Potion"},{"floor":37.0,"key":"Explosive Potion"},{"floor":46.0,"key":"LiquidBronze"}],"is_trial":false,"path_per_floor":["M","M","?","M","?","E","M","E","T","E","M","R","M","M","R","B",null,"M","?","$","?","M","E","R","E","T","R","M","R","?","E","R","B",null,"M","?","M","?","$","R","E","M","T","?","$","E","M","M","R","B","B"],"character_chosen":"DEFECT","items_purchased":["Storm+1","FocusPotion","Cold Snap","Ball Lightning","Hello World+1","Double Energy","Stack","GamblersBrew","Capacitor+1"],"campfire_rested":3,"item_purchase_floors":[20,20,20,20,39,39,39,39,45],"current_hp_per_floor":[64,64,43,43,66,64,64,36,36,31,30,30,15,15,15,15,57,57,57,57,57,40,25,46,24,24,45,44,44,43,24,24,17,58,57,57,56,51,51,51,57,51,51,51,51,43,34,28,51,28,8],"gold":75,"neow_bonus":"ONE_RANDOM_RARE_CARD","is_prod":false,"is_daily":false,"chose_seed":false,"campfire_upgraded":5,"win_rate":0,"timestamp":1550770617,"path_taken":["M","M","?","M","?","E","M","E","T","E","M","R","M","M","R","BOSS","M","?","$","?","M","E","R","E","T","R","M","R","?","E","R","BOSS","M","?","M","?","$","R","E","M","T","?","?","E","M","M","R","BOSS","BOSS"],"build_version":"2019-01-23","purchased_purges":3,"victory":false,"max_hp_per_floor":[71,71,71,71,71,71,71,71,71,71,71,71,71,71,71,71,71,71,71,71,71,71,71,71,71,71,71,71,71,71,71,71,71,71,71,67,67,67,67,67,74,74,74,74,74,75,76,79,79,80,80],"card_choices":[{"not_picked":["Force Field","Go for the Eyes"],"picked":"Cold Snap","floor":1.0},{"not_picked":["Redo","Ball Lightning"],"picked":"Rip and Tear","floor":2.0},{"not_picked":["Aggregate","Double Energy"],"picked":"Hologram","floor":4.0},{"not_picked":["Static Discharge","Stack"],"picked":"Leap","floor":6.0},{"not_picked":["Cold Snap","Loop"],"picked":"Core Surge","floor":7.0},{"not_picked":["Redo","Hello World"],"picked":"Double Energy","floor":8.0},{"not_picked":["BootSequence","Leap"],"picked":"Darkness","floor":10.0},{"not_picked":["Genetic Algorithm","BootSequence","Redo"],"picked":"SKIP","floor":11.0},{"not_picked":["Redo","Beam Cell"],"picked":"Stack","floor":13.0},{"not_picked":["Steam","Leap"],"picked":"Coolheaded","floor":14.0},{"not_picked":["Machine Learning+1","Thunder Strike"],"picked":"Electrodynamics+1","floor":16.0},{"not_picked":["Lockon","Doom and Gloom"],"picked":"Cold Snap","floor":18.0},{"not_picked":["Hologram","Cold Snap"],"picked":"Stack","floor":22.0},{"not_picked":["Recycle","Scrape"],"picked":"Stack","floor":23.0},{"not_picked":["Undo","Compile Driver+1"],"picked":"Skim+1","floor":25.0},{"not_picked":["Stack","Compile Driver+1"],"picked":"Go for the Eyes+1","floor":28.0},{"not_picked":["Streamline+1","Hello World+1"],"picked":"Leap","floor":28.0},{"not_picked":["Turbo","Undo"],"picked":"Capacitor+1","floor":30.0},{"not_picked":["Ball Lightning+1","Redo"],"picked":"Stack","floor":31.0},{"not_picked":["Buffer+1","Electrodynamics+1"],"picked":"Echo Form+1","floor":33.0},{"not_picked":["Barrage+1","Beam Cell+1"],"picked":"Storm+1","floor":35.0},{"not_picked":["Beam Cell+1","Rip and Tear+1"],"picked":"Aggregate","floor":35.0},{"not_picked":["Leap","Conserve Battery"],"picked":"Storm+1","floor":37.0},{"not_picked":["Doom and Gloom+1","Leap+1"],"picked":"Steam+1","floor":37.0},{"not_picked":["Good Instincts","Flash of Steel+1"],"picked":"Master of Strategy","floor":38.0},{"not_picked":["Sweeping Beam+1","Streamline+1"],"picked":"Recycle+1","floor":41.0},{"not_picked":["Streamline+1","Consume"],"picked":"Heatsinks+1","floor":42.0},{"not_picked":["Barrage+1","Scrape+1"],"picked":"Steam+1","floor":42.0},{"not_picked":["Genetic Algorithm","Sweeping Beam+1"],"picked":"Amplify","floor":46.0},{"not_picked":["Beam Cell+1","Turbo"],"picked":"BootSequence","floor":47.0},{"not_picked":["Compile Driver+1","Turbo"],"picked":"Self Repair+1","floor":47.0},{"not_picked":["Darkness","Genetic Algorithm"],"picked":"Storm+1","floor":48.0},{"not_picked":["Conserve Battery","Melter+1","Turbo+1"],"picked":"Singing Bowl","floor":48.0}],"player_experience":2648787,"relics_obtained":[{"floor":6.0,"key":"Lantern"},{"floor":8.0,"key":"Frozen Egg 2"},{"floor":9.0,"key":"Pocketwatch"},{"floor":10.0,"key":"Torii"},{"floor":23.0,"key":"Prayer Wheel"},{"floor":25.0,"key":"Smiling Mask"},{"floor":26.0,"key":"Molten Egg 2"},{"floor":30.0,"key":"Red Mask"},{"floor":31.0,"key":"Oddly Smooth Stone"},{"floor":41.0,"key":"Strawberry"},{"floor":43.0,"key":"Singing Bowl"},{"floor":46.0,"key":"Sundial"}],"event_choices":[{"damage_healed":0.0,"max_hp_gain":0.0,"max_hp_loss":0.0,"gold_gain":0.0,"event_name":"Shining Light","player_choice":"Entered Light","floor":3.0,"gold_loss":0.0,"damage_taken":21.0,"cards_upgraded":["Defend_B","Rip and Tear"]},{"damage_healed":23.0,"max_hp_gain":0.0,"max_hp_loss":0.0,"gold_gain":0.0,"event_name":"Big Fish","player_choice":"Banana","floor":5.0,"gold_loss":0.0,"damage_taken":0.0},{"damage_healed":0.0,"max_hp_gain":0.0,"max_hp_loss":0.0,"gold_gain":0.0,"event_name":"Cursed Tome","player_choice":"Ignored","floor":19.0,"gold_loss":0.0,"damage_taken":0.0},{"damage_healed":0.0,"max_hp_gain":0.0,"max_hp_loss":0.0,"gold_gain":0.0,"event_name":"Addict","player_choice":"Stole Relic","floor":21.0,"gold_loss":0.0,"damage_taken":0.0,"relics_obtained":["Juzu Bracelet"],"cards_obtained":["Shame"]},{"damage_healed":0.0,"max_hp_gain":0.0,"max_hp_loss":0.0,"gold_gain":0.0,"event_name":"Masked Bandits","player_choice":"Fought Bandits","floor":30.0,"gold_loss":0.0,"damage_taken":0.0},{"damage_healed":0.0,"max_hp_gain":0.0,"max_hp_loss":4.0,"gold_gain":0.0,"event_name":"Winding Halls","player_choice":"Max HP","floor":36.0,"gold_loss":0.0,"damage_taken":0.0},{"damage_healed":0.0,"max_hp_gain":0.0,"max_hp_loss":0.0,"gold_gain":0.0,"event_name":"SensoryStone","player_choice":"Memory 2","floor":38.0,"gold_loss":0.0,"damage_taken":5.0},{"damage_healed":0.0,"max_hp_gain":0.0,"max_hp_loss":0.0,"gold_gain":0.0,"event_name":"FaceTrader","player_choice":"Trade","floor":44.0,"gold_loss":0.0,"damage_taken":0.0,"relics_obtained":["FaceOfCleric"]}],"is_beta":false,"boss_relics":[{"not_picked":["Black Star","Busted Crown"],"picked":"Cursed Key"},{"not_picked":["Tiny House","Snecko Eye"],"picked":"Nuclear Battery"}],"items_purged_floors":[20,39,45],"is_endless":false,"potions_floor_spawned":[1,2,8,11,13,22,25,28,31,37,42,46],"killed_by":"Awakened One","ascension_level":20}